1870 2683
234 286 304 322 3962
633 276 948 312 REGISTRUM
978 275 1317 311 MONASTERII

236 378 385 426 predicti
417 375 610 410 tenementi
639 372 881 408 renunciando
912 372 1184 419 imperpetuum.
1251 371 1501 419 Cujusquidem
1527 375 1721 410 tenementi

238 432 503 468 renunciatione
521 443 582 477 per
600 430 770 476 prefatam
791 428 938 462 Elenam
957 429 992 462 in
1012 428 1170 462 manibus
1190 427 1339 462 Roberti
1361 428 1433 462 Hal
1457 429 1560 463 unius
1579 430 1721 465 ballivo-

238 502 315 524 rum
329 489 371 521 de
380 486 523 532 Glasgw
536 499 597 533 per
609 492 719 520 terras
738 490 772 519 et
790 485 921 531 lapides
939 484 1041 524 facta,
1057 483 1126 531 ipse
1141 484 1320 518 Robertus
1334 484 1406 518 Hal
1424 485 1572 519 ballivus
1590 486 1719 521 dictam

237 543 536 579 renunciationem
554 542 588 575 in
604 541 762 575 manibus
775 540 840 574 suis
853 542 1014 585 [tenens]
1027 553 1089 586 per
1104 540 1339 581 intervallum,
1354 541 1396 576 de
1409 541 1542 588 speciali
1556 543 1719 577 mandato

235 600 393 647 predicte
414 599 536 638 Elene,
556 598 691 637 statum,
712 596 864 631 saifinam
883 596 1140 636 hereditariam,
1161 596 1301 636 realem,
1330 597 1560 644 corporalem,
1580 610 1719 632 necnon

236 663 271 690 et
288 656 466 702 pacificam
486 653 722 701 poffessionem
743 653 827 687 dicti
859 652 1050 686 tenementi
1081 657 1121 685 ut
1141 651 1236 698 jacet
1256 652 1291 685 in
1309 652 1532 698 longitudine
1550 659 1585 687 et
1602 653 1719 688 latitu-

236 713 327 752 dine,
348 712 483 758 prefato
503 710 663 755 magistro
682 709 848 748 Johanni,
873 708 1059 742 heredibus
1077 706 1144 741 suis
1163 713 1197 741 et
1215 706 1390 753 assignatis
1409 710 1552 744 tradidit
1571 715 1606 744 et
1623 708 1718 757 affig-

233 768 329 801 navit
348 780 410 814 per
428 772 538 801 terras
557 771 591 800 et
609 765 741 812 lapides
759 771 798 799 ut
816 765 922 799 moris
941 765 988 799 est
1005 765 1198 811 burgorum
1218 766 1254 799 in
1273 765 1516 808 consimilibus,
1547 781 1626 802 cum
1645 780 1718 802 om-

233 823 335 857 nibus
353 822 659 857 commoditatibus
678 827 712 855 et
729 820 935 855 aifiamentis
954 827 988 855 et
1012 821 1112 868 justis
1130 820 1196 855 suis
1215 822 1436 868 pertinentiis
1454 822 1716 869 quibuscunque

233 880 393 926 predicto
411 884 614 913 tenemento
633 877 868 924 spectantibus
886 876 943 911 seu
961 876 1117 924 spectare
1138 877 1333 912 valentibus
1350 879 1387 912 in
1404 878 1574 913 futurum.
1604 879 1716 927 Super

231 936 355 981 quibus
374 935 535 969 omnibus
565 940 600 968 et
630 934 770 979 lingulis
803 933 917 967 dictus
948 933 1107 979 magister
1132 933 1313 968 Johannes
1330 934 1431 980 petiit
1456 948 1476 969 a
1502 948 1557 969 me
1576 935 1714 969 notario

231 991 371 1038 publico
389 990 577 1037 subscripto
596 989 654 1023 fibi
673 990 747 1023 fieri
766 989 943 1035 publicum
962 989 1241 1023 instrumentum.
1294 990 1391 1024 Acta
1408 997 1507 1025 erant
1534 991 1597 1025 hec
1624 991 1714 1025 infra

231 1048 360 1081 dietam
380 1047 556 1080 civitatem
576 1044 827 1091 Glalguensem
846 1044 947 1091 super
965 1044 1075 1079 solum
1089 1045 1213 1092 prefati
1232 1047 1436 1087 tenementi,
1457 1059 1561 1088 anno,
1582 1046 1710 1088 mense,

231 1104 297 1143 die,
319 1103 512 1136 indictione
530 1108 565 1136 et
582 1102 788 1148 pontificatu
808 1101 931 1146 quibus
950 1100 1051 1148 supra
1068 1116 1076 1143 3
1111 1100 1333 1136 Presentibus
1359 1103 1484 1137 ibidem
1504 1104 1659 1150 providis
1677 1108 1712 1137 et

229 1159 382 1193 discretis
409 1159 491 1192 viris
522 1158 681 1192 Henrico
712 1156 830 1196 Burei,
863 1157 1026 1192 Johanne
1060 1157 1178 1198 Burei,
1215 1158 1366 1193 Patricio
1398 1159 1514 1200 Swan,
1546 1160 1710 1195 Johanne

230 1215 436 1261 Cwnygam,
457 1214 597 1247 Thoma
616 1213 721 1253 Card,
747 1212 904 1246 Roberto
926 1212 1009 1253 Hal,
1030 1220 1065 1247 et
1083 1214 1226 1247 domino
1247 1213 1387 1248 Thoma
1406 1214 1591 1255 Mertison,
1619 1214 1710 1250 testi-

227 1271 290 1305 bus
308 1271 351 1304 ad
370 1268 529 1317 premiffa
547 1283 627 1304 cum
646 1267 785 1303 diverfis
803 1269 877 1302 aliis
896 1270 1026 1303 vocatis
1044 1268 1236 1315 specialiter
1255 1276 1290 1304 et
1308 1271 1449 1316 rogatis.

323 1326 370 1360 Et
389 1339 454 1372 ego
474 1326 652 1372 Georgius
672 1326 770 1360 Lorn
788 1324 955 1372 prespiter
975 1324 1196 1371 Glasguenfis
1215 1325 1366 1367 diocefis‚
1397 1327 1556 1374 publicus
1587 1330 1707 1365 aucto-

322 1383 424 1416 ritate
442 1383 613 1429 imperiali
631 1383 798 1423 notarius,
827 1381 993 1429 premiffis
1012 1381 1172 1415 omnibus
1191 1387 1225 1416 et
1242 1380 1382 1428 fingulis
1410 1383 1493 1418 dum
1510 1383 1554 1418 fic
1573 1390 1612 1419 ut
1630 1399 1706 1432 pre-

323 1439 475 1473 mittitur
493 1444 693 1484 agerentur,
715 1439 915 1473 dicerentur
929 1451 968 1472 ac
982 1438 1117 1477 fierent,
1138 1450 1288 1472 unacum
1304 1440 1556 1485 prenominatis
1569 1441 1706 1476 testibus

322 1495 462 1542 presens
475 1495 629 1535 interfui,
645 1508 753 1541 eaque
765 1494 807 1529 fic
825 1495 900 1529 fieri
919 1494 1001 1534 vidi,
1021 1492 1101 1528 scivi
1122 1499 1157 1528 et
1174 1494 1303 1534 audivi,
1324 1508 1363 1529 ac
1381 1495 1416 1529 in
1436 1502 1555 1530 notam
1570 1495 1702 1544 sumpfi,

322 1564 366 1585 ex
384 1564 451 1597 qua
469 1551 536 1585 hoc
553 1551 693 1597 presens
711 1551 888 1597 publicum
907 1550 1174 1584 instrumentum
1194 1562 1299 1584 manu
1318 1551 1432 1585 aliena
1444 1551 1607 1598 icriptum
1622 1566 1703 1587 con-

320 1607 396 1646 feci,
416 1606 590 1653 publicavi
622 1613 655 1640 et
682 1607 718 1640 in
744 1607 832 1641 hanc
851 1607 1024 1654 publicani
1043 1606 1190 1640 formam
1218 1606 1348 1652 redegi,
1377 1606 1541 1653 fignoque
1559 1610 1702 1644 nomine

321 1663 406 1697 meis
423 1663 530 1696 solitis
549 1668 583 1696 et
601 1661 772 1696 consuetis
791 1675 845 1696 me
864 1661 1105 1696 subscribendo
1124 1661 1252 1708 fignavi
1278 1668 1420 1708 rogatus
1447 1668 1481 1697 et
1507 1663 1698 1710 requisitus,

319 1719 356 1754 in
374 1719 477 1754 fidem
497 1724 532 1754 et
549 1718 782 1754 testimonium
803 1720 960 1753 omnium
979 1723 1013 1753 et
1030 1717 1244 1765 fingulorum
1263 1718 1517 1764 premiflbrum.

223 1890 333 1924 Aliud
352 1889 619 1924 instrumentum
639 1889 778 1924 Thome
798 1889 892 1925 Card
911 1889 953 1923 de
973 1889 1128 1936 Glasgw.

224 2001 280 2035 IN
309 2001 402 2036 DEI
433 2001 648 2037 NOMINE
678 2002 807 2036 Amen.
870 2001 938 2036 Per
965 2002 1032 2036 hoc
1058 2003 1197 2049 presens
1225 2001 1402 2049 publicum
1429 2002 1694 2037 instrumentum

222 2059 356 2093 cunctis
374 2064 490 2105 pateat
508 2059 688 2093 evidenter
707 2064 741 2092 et
755 2057 791 2092 fit
810 2064 932 2092 notum
948 2059 1043 2103 quod
1061 2071 1154 2092 anno
1168 2058 1210 2092 ab
1229 2059 1469 2093 incarnatione
1489 2058 1636 2092 Domini
1655 2063 1697 2093 M⁰

222 2119 329 2148 cccc⁰
346 2120 503 2155 Lxxxn⁰‚
525 2126 606 2148 xxn
626 2115 680 2149 die
699 2113 821 2148 menfis
842 2113 941 2154 Maii,
961 2114 1155 2148 indictione
1174 2114 1308 2148 decima
1322 2114 1453 2160 quinta,
1473 2115 1695 2161 pontificatus

221 2169 415 2204 sanc'tiflimi
434 2171 469 2204 in
489 2170 625 2205 Christo
644 2171 750 2217 patris
768 2183 807 2204 ac
825 2170 957 2204 domini
976 2169 1081 2203 nostri
1094 2170 1225 2204 domini
1242 2170 1329 2204 Sixti
1345 2171 1461 2204 divina
1475 2170 1695 2217 providentia

219 2238 307 2271 pape
325 2227 437 2271 quarti
456 2239 549 2260 anno
569 2226 766 2266 undecimo,
787 2226 821 2259 in
840 2226 907 2259 mei
926 2226 1053 2259 notarii
1071 2226 1201 2272 publici
1220 2232 1253 2260 et
1272 2226 1407 2260 testium
1427 2226 1692 2272 subscriptorum

218 2280 390 2327 presentia
407 2281 634 2327 personaliter
653 2282 857 2316 constitutus
875 2282 1042 2328 providus
1061 2282 1113 2316 vir
1131 2281 1288 2316 Thomas
1307 2281 1401 2316 Card
1419 2280 1595 2328 burgenfis
1613 2281 1693 2314 civi-

219 2336 297 2371 tatis
316 2336 536 2382 Glalguenfis
555 2338 713 2372 vendidit
732 2350 771 2372 ac
789 2337 893 2371 titulo
912 2337 1122 2372 venditionis
1135 2338 1278 2372 tradidit
1294 2350 1431 2372 necnon
1445 2350 1509 2384 pro
1521 2341 1691 2384 perpetuo
