1839 2652
850 274 909 307 xix

194 370 432 400 Instrumentum
449 368 716 398 commissariorum
732 379 784 399 seu
799 370 1005 410 delegatorum
1022 370 1134 399 domini
1150 371 1242 400 nostri
1260 371 1352 411 Pape,
1370 382 1458 412 super
1473 383 1549 404 asse-

150 420 269 450 datione
284 419 373 459 burgi
387 420 424 448 (le
440 419 572 455 PasletO,
596 419 634 448 fo.
651 419 721 448 elix.
748 420 872 459 (1488,)
1517 425 1552 453 Ρ.
1570 424 1629 456 261

194 490 287 520 Carta
302 489 448 519 libertatis
463 489 551 529 burgi
567 490 603 519 de
620 489 741 519 Pasleto
757 495 786 519 et
802 491 838 520 (le
854 490 1002 521 erectione
1018 490 1159 529 ejusdem,
1183 491 1221 520 fo.
1239 492 1296 521 clx.
1323 492 1448 532 (1488‚)
1570 494 1634 525 263

193 560 360 590 Indentura
376 564 405 589 et
420 560 529 590 erectio
544 560 632 600 burgi
648 561 684 590 de
701 561 832 597 Pasleto,
856 562 894 590 fo,
912 561 980 591 clxi.
1007 562 1132 601 (1490)
1571 565 1634 596 264

192 630 371 669 Preceptum
386 634 415 659 et
430 634 512 659 carta
526 629 639 659 domini
654 630 732 668 regis
749 630 848 660 Scotie
863 631 971 660 ‚Jacobi
995 631 1104 668 quarti,
1130 640 1184 669 pro
1201 631 1320 661 Abbato
1346 637 1375 662 et
1399 639 1547 664 conventu

149 680 280 718 ejusdem
294 680 351 708 Ioci
367 684 396 708 et
411 680 506 719 biffgo
522 680 558 708 de
575 679 706 715 Pasleto,
730 680 768 709 fo.
786 680 892 710 clxiiii.
919 681 1045 720 (1512)
1571 684 1634 718 269

193 749 370 780 Commissio
385 749 439 785 ἅτ,
462 748 630 788 justiciarie
645 749 698 783 &Q
716 749 754 777 fo.
772 749 850 778 clxv.
868 749 992 788 (1513,)
1570 748 1630 787 271

192 818 311 847 Littera
341 822 384 847 est
413 817 476 846 visa
505 827 559 857 pro
589 817 725 846 omnibus
750 818 919 847 hominibus
950 819 980 847 in
1010 818 1066 848 ista
1097 819 1254 857 regalitate
1284 819 1320 848 de
1346 819 1467 848 Pas-leto
1494 828 1547 858 per

150 868 315 898 Ricardum
332 868 466 903 Lauson,
490 867 528 896 fo.
545 867 636 897 clxvi.
663 867 788 907 (1482)
1569 870 1631 907 272

192 936 312 966 Littera
327 936 560 966 confirmationis
576 936 689 966 domini
706 936 811 976 Regis,
835 937 872 965 fo.
890 937 979 966 clxvi.
1006 938 1130 976 (1488‚)
1570 940 1633 978 273

190 1005 370 1045 Preceptum
386 1007 440 1035 sub
455 1005 553 1045 sigillo
567 1006 696 1045 privato,
713 1015 801 1044 penes
817 1005 984 1035 libertatem
1000 1006 1098 1046 burgi,
1122 1006 1160 1036 fo.
1178 1007 1278 1036 clxvii.
1305 1008 1430 1046 (1488,)
1569 1008 1633 1046 274

189 1075 354 1115 Privilegia
371 1076 533 1115 approbata
548 1080 578 1105 et
593 1085 730 1105 concessa
745 1085 798 1114 per
813 1074 969 1104 offioialem
984 1080 1013 1105 et
1029 1077 1141 1106 curiam
1156 1077 1364 1113 Parisiensem,
1379 1078 1418 1108 fo.
1432 1078 1544 1108 clxviii.

148 1126 256 1164 (1324,
281 1126 331 1154 ubi
349 1126 527 1155 exscribitur
543 1126 624 1155 bulla
640 1126 790 1155 Johannis
805 1136 884 1154 xxu.
903 1126 1011 1163 1324)
1570 1128 1633 1166 274-

190 1195 284 1234 Copia
301 1195 449 1235 privilegii
467 1195 682 1231 Cluuiacensis,
700 1205 768 1225 cum
784 1195 922 1224 membris
938 1195 1007 1231 suis,
1025 1196 1062 1224 fo.
1077 1196 1157 1225 clxx.
1178 1197 1285 1235 (1327,
1304 1197 1353 1226 ubi
1370 1198 1548 1227 exseribitur

147 1246 229 1274 bulla
245 1245 359 1274 Calixti
376 1256 410 1273 11.
429 1246 537 1281 1120‚)
1570 1248 1632 1286 278

190 1315 220 1343 T
223 1318 428 1353 ransumptum
449 1314 511 1343 sive
530 1314 614 1353 copia
633 1315 821 1352 quarundam
838 1315 992 1344 literarum
1003 1315 1243 1354 apostolicarum,
1259 1317 1313 1345 sub
1330 1317 1424 1346 forma
1440 1317 1547 1346 instru-

148 1364 251 1399 menti,
276 1365 313 1393 fo.
331 1364 434 1393 clxxii.
453 1365 560 1403 (1404,
579 1364 629 1393 ubi
646 1364 825 1393 exscribitur
840 1365 921 1393 bulla
938 1365 1101 1395 Clementis
1117 1375 1159 1394 Π.
1178 1366 1285 1403 1342,)
1570 1368 1632 1397 ⁴282

190 1433 281 1463 Aliud
297 1438 517 1472 transumptum
540 1433 602 1462 sive
618 1434 702 1472 eopia
718 1435 905 1472 quarundam
930 1435 1085 1464 literarum
1111 1435 1350 1474 apostolicarum,
1377 1438 1432 1466 sub
1447 1437 1543 1466 forma

148 1483 347 1518 instrumenti,
364 1483 402 1512 fo.
420 1483 545 1512 clxxiiii.
565 1484 673 1520 (1414,
687 1484 715 1512 iu
733 1494 792 1521 quo
808 1484 986 1514 exseribitur
1002 1485 1084 1515 bulla
1100 1486 1203 1515 eadem
1217 1486 1381 1515 Clementis
1396 1498 1437 1516 VI.
1452 1487 1544 1522 1342,

148 1537 177 1562 et
193 1533 273 1562 bulla
293 1533 462 1562 Innocentii
479 1544 520 1562 ιν.
547 1533 656 1571 1251‚)
1570 1537 1630 1566 ‘285

190 1603 310 1632 Littera
326 1603 545 1632 conservatoria
560 1603 731 1632 monasterii
748 1603 784 1632 de
802 1604 922 1633 Pasleto
938 1614 997 1642 quo
1013 1605 1051 1634 ad
1067 1605 1235 1645 privilegia,
1249 1606 1362 1636 directa
1382 1606 1546 1636 Abbatibus

148 1654 184 1683 de
200 1653 423 1692 Dunfermliug,
448 1653 561 1692 Cupro,
586 1657 614 1681 et
632 1653 661 1681 N
665 1653 807 1688 ewbotill‚
832 1654 885 1682 sub
901 1654 996 1683 forma
1012 1654 1212 1691 instrumenti,
1230 1656 1267 1684 fo.
1285 1656 1399 1685 clxxvi.
1420 1657 1544 1696 (1437,)
1570 1658 1631 1691 :289

192 1723 310 1753 Littera
326 1723 523 1761 exemptionis
539 1723 709 1752 monasterii
734 1722 939 1753 Cluuiacensis
963 1728 993 1753 et
1019 1726 1218 1754 membrorum
1246 1726 1375 1764 ejusdem
1402 1728 1440 1756 ab
1465 1727 1544 1756 omni

144 1771 352 1810 jurisdictione
367 1773 516 1802 diocesani
532 1783 565 1802 ac
582 1773 714 1802 omnium
731 1773 1019 1813 archiepiscoporum
1045 1778 1074 1803 et
1098 1776 1298 1812 quorumlibet
1315 1776 1543 1813 ordinariorum,

149 1824 187 1852 fo.
204 1823 328 1852 clxxvii.
348 1822 472 1861 (1446‚)
1568 1829 1629 1860 ‘290

193 1893 351 1922 Processus
366 1893 591 1932 privilegiorum
607 1893 719 1922 ordinis
731 1893 937 1923 Cluniacensis
953 1898 981 1923 et
998 1894 1125 1924 aliorum
1141 1897 1352 1932 membrorum,
1370 1897 1407 1926 fo.
1421 1897 1545 1927 clxxvii.

152 1945 260 1982 (1451,
284 1946 335 1975 ubi
350 1946 459 1975 iterum
475 1945 614 1975 scribitur
629 1946 711 1975 bulla
728 1946 892 1975 Clementis
908 1955 949 1974 VI.
967 1954 1014 1983 pp.
1031 1945 1083 1980 33,
1100 1945 1152 1983 37,
1176 1947 1248 1982 140,
1267 1947 1376 1986 1344,)
1570 1949 1628 1980 291

194 2014 358 2054 Privilegia
373 2016 543 2045 monasterii
560 2015 776 2051 cluniacensis,
800 2016 838 2045 fo.
855 2014 983 2045 clxxxii.
1003 2015 1112 2054 (1482,
1136 2016 1187 2045 ubi
1203 2016 1341 2046 scribitur
1360 2018 1442 2047 bulla
1458 2018 1546 2047 Pauli

152 2074 184 2092 11.
204 2063 312 2104 1462)
1570 2069 1632 2100 299

194 2134 283 2163 Bulle
297 2134 523 2175 privilegiorum
539 2136 713 2172 Clementis,
739 2136 881 2171 Honorii,
906 2138 935 2163 et
951 2134 1114 2171 Nicholaii,
1139 2145 1226 2174 super
1241 2136 1365 2165 (liversis
1383 2136 1547 2175 privilegiis

150 2184 204 2219 ἃς,
232 2184 329 2214 ordini
353 2185 543 2215 Cluniaeensi
567 2189 597 2215 et
622 2186 759 2215 membris
786 2187 856 2222 suis,
881 2185 918 2215 fo.
945 2186 1082 2216 clxxxiii.
1112 2187 1220 2225 (1483,
1236 2188 1326 2233 *bulla
1354 2188 1485 2218 Honorii
1502 2199 1544 2218 1v.

152 2234 245 2270 1285,
270 2239 299 2264 et
314 2234 396 2264 bulla
412 2235 554 2265 Nicholai
569 2246 617 2264 111.
635 2236 744 2274 1279)
1570 2240 1629 2269 301
