1839 2652
871 325 931 360 viii

215 431 265 461 De
280 429 440 460 donatione
455 427 607 466 quondam
622 424 688 455 Ade
702 425 739 454 de
755 421 992 462 Aldhingliston,
1018 420 1056 450 fo.
1073 418 1180 449 xxxiii.
1206 419 1244 458 (c.
1262 418 1372 458 1260‚)
1561 419 1596 448 P.

220 500 340 530 Littera
356 499 476 528 Thome
490 496 545 526 filii
560 494 686 535 predicti
702 492 767 523 Ade
783 493 819 522 de
835 489 1072 530 Aldhinglist0n‚
1089 489 1126 518 fo.
1144 487 1250 518 xxxiii.
1276 491 1314 527 (c.
1331 488 1442 528 1276‚)

224 567 422 600 Confirmatio
437 566 569 606 ejusdem
585 574 637 604 per
652 562 858 593 Alexandrum
875 559 1069 590 senescallum
1086 557 1196 595 Seotie,
1213 558 1249 588 fo.
1268 558 1384 588 xxxiiii.
1403 560 1442 598 (c.
1459 557 1569 599 1260,)

224 639 298 669 Alia
313 635 501 667 confirmatio
517 634 648 674 ejusdem
663 643 716 672 per
731 632 753 661 J
756 632 881 662 acobum
897 640 997 670 regem
1016 629 1125 665 Scotie,
1150 629 1187 658 fo.
1204 629 1322 659 xxxiiii.
1341 630 1467 670 (1490‚)

227 706 427 739 Summonitio
442 705 464 735 J
467 705 551 735 acobi
566 704 645 744 regis
663 702 762 734 Scotie
778 711 865 742 super
881 699 1035 730 dominum
1051 700 1088 729 de
1104 699 1261 736 Halkhed‚
1277 700 1315 729 fo.
1332 710 1426 730 xxxv.
1446 700 1570 738 (1504‚)

224 777 402 817 Resignatio
418 781 496 806 terre
511 776 548 805 de
564 774 681 805 Aldhus
697 783 749 813 per
765 773 921 811 Rogerum
936 771 1033 800 filium
1049 770 1224 810 Reginaldi‚
1240 771 1278 800 fo.
1295 771 1400 800 xxxvi.
1419 770 1544 810 (1265‚)

223 848 294 877 Alia
309 846 487 886 Resignatio
503 846 540 875 de
556 844 672 874 Aldhus
688 853 741 883 per
756 842 928 872 Johannem
944 840 1039 883 filiuni
1067 840 1181 880 Rogeri
1207 841 1245 870 (le
1271 840 1398 875 Alclhus‚
1427 841 1464 869 fo.
1482 840 1597 870 xxxvii.

185 900 223 937 (c.
241 898 354 936 1284‚)

227 966 397 998 conventio
413 966 492 996 facta
507 966 584 995 inter
600 964 748 993 Abbatem
764 967 793 992 et
809 965 989 992 conventum
1005 961 1040 991 de
1058 961 1178 990 Pasleto
1195 966 1223 990 et
1239 961 1260 989 J
1264 961 1410 990 ohannem
1427 961 1463 990 (le
1480 962 1600 991 Aldhus

186 1018 282 1047 filium
300 1016 437 1056 Rogerii‚
461 1016 499 1045 fo.
517 1014 633 1045 xxxvii.
652 1014 777 1054 (1284)

228 1087 409 1126 Preceptum
426 1085 554 1115 Roberti
569 1083 722 1114 senescalli
739 1082 849 1118 Scotie,
874 1086 951 1112 terre
966 1083 1003 1112 de
1019 1083 1146 1118 Aldhus,
1171 1083 1208 1112 fo.
1226 1084 1352 1113 xxxviii.
1379 1083 1503 1122 (1361‚)

230 1158 324 1188 Carta
339 1155 583 1189 confirmationis,
606 1153 814 1184 ratificationis
829 1157 858 1182 et
874 1152 1094 1192 approbationis
1110 1153 1243 1182 omnium
1259 1158 1405 1183 terrarum
1422 1159 1451 1183 et
1467 1154 1601 1183 ecclesia-

186 1217 253 1237 rum
268 1217 321 1246 per
337 1207 505 1236 Robertum
521 1204 683 1235 secundum
699 1203 893 1233 senescallum
910 1202 1020 1239 Scotie,
1044 1203 1082 1232 fo.
1101 1203 1208 1232 xxxix.
1229 1202 1353 1242 (1361‚)

232 1276 430 1307 Confirmatio
445 1275 573 1305 Roberti
588 1274 671 1304 tertii
686 1273 764 1313 regis
794 1272 893 1302 Scotie
919 1273 957 1301 de
980 1273 1117 1302 omnibus
1142 1273 1230 1302 terris
1254 1277 1283 1302 et
1309 1273 1415 1302 annuis
1439 1274 1603 1303 redditibus

188 1326 359 1357 monasterii
375 1327 412 1355 de
429 1326 549 1355 Pasleto
565 1329 594 1354 et
610 1324 628 1363 ij
647 1324 753 1353 celdris
769 1323 863 1352 farine
879 1322 915 1351 (le
932 1322 1092 1361 Ingliston,
1117 1322 1154 1351 fo.
1172 1322 1277 1352 xxxix.
1297 1321 1404 1361 (1396,
1429 1323 1479 1351 ubi
1497 1323 1603 1352 iterum

190 1377 328 1407 scribitur
344 1380 426 1406 carta
442 1374 585 1415 predicta,
603 1373 712 1413 1361‚)

234 1448 319 1476 Inter
335 1446 480 1476 Abbatem
497 1449 525 1474 et
542 1448 721 1474 conventum
738 1443 775 1473 de
792 1442 915 1472 Pasleto
926 1452 962 1470 ex
975 1451 1034 1470 una
1046 1446 1131 1481 parte
1147 1447 1176 1471 et
1189 1442 1381 1471 Goldt'ridum
1395 1442 1431 1471 de
1443 1440 1552 1472 Nesbit
1567 1453 1604 1472 ex

191 1498 285 1527 altera
300 1501 394 1536 pal-te,
411 1497 447 1525 de
463 1495 548 1525 terris
565 1493 765 1528 Auchinchos,
790 1493 827 1522 fo.
846 1492 885 1521 xl.
904 1492 1028 1530 (1424)

236 1567 329 1595 Carta
347 1564 492 1595 Macohni
508 1564 645 1594 Loccard
661 1563 698 1593 de
713 1562 742 1601 vj
757 1562 832 1592 acris
844 1567 922 1591 terre
936 1561 967 1590 in
981 1561 1169 1601 Symontoun
1182 1562 1218 1591 tle
1231 1562 1316 1601 Kyil,
1328 1562 1364 1591 fo.
1383 1562 1434 1591 xli.
1449 1564 1604 1602 (c.1·210,)

236 1636 356 1665 Littera
371 1635 525 1674 cujusdam
541 1638 619 1663 terre
634 1633 671 1663 de
688 1632 842 1661 Newtoun
859 1632 895 1660 de
912 1631 981 1667 Are,
1006 1631 1044 1660 fo.
1062 1632 1113 1660 xli.
1141 1633 1178 1670 (c.
1197 1632 1305 1669 1280‚)

239 1706 373 1735 Donatio
388 1704 553 1745 regalitatis
569 1713 621 1743 per
636 1703 657 1732 J
661 1703 785 1733 acobum
803 1699 843 1732 2¹¹¹
860 1711 959 1742 regem
978 1702 1145 1738 Scotorum,
1170 1702 1207 1731 so.
1225 1702 1286 1731 xlii.
1306 1703 1430 1742 (1451‚)

241 1776 334 1806 Carta
360 1775 479 1805 domine
504 1774 637 1803 Eschine
668 1772 770 1802 uxoris
798 1771 931 1801 Walteri
956 1772 1107 1801 senescalli
1135 1773 1243 1808 Scotie,
1271 1773 1308 1802 de
1330 1778 1410 1803 terra
1435 1774 1471 1802 de
1496 1774 1605 1809 Mona,

197 1826 234 1855 fo.
252 1826 326 1855 xliii.
352 1827 392 1865 (a,
409 1824 518 1863 1177,)

242 1897 280 1926 In
295 1897 352 1925 hac
368 1899 449 1925 carta
465 1893 655 1923 continentur
671 1897 748 1921 mete
763 1897 841 1922 terre
857 1892 893 1921 de
909 1892 1018 1929 Molla,
1043 1893 1080 1922 fo.
1098 1893 1171 1922 xliii.
1191 1892 1400 1933 (1165—77,)

242 1965 439 1995 Confirmatio
455 1963 594 1993 wilelmi
609 1962 687 2002 regis
705 1962 872 1996 Scotorum,
889 1962 926 1990 (le
943 1962 1051 1999 Molla,
1069 1963 1105 1992 fo.
1123 1963 1208 1993 xliiii.
1226 1962 1435 2003 (1165-77‚)

243 2039 292 2067 De
307 2042 386 2067 terra
402 2037 438 2066 de
454 2036 562 2071 Molla,
586 2035 624 2064 fo.
642 2034 726 2064 xliiii.
752 2034 960 2073 (1225—35‚)

245 2106 423 2147 Resignatio
439 2111 585 2135 terrarum
601 2105 638 2134 de
655 2103 763 2139 Molla,
787 2103 825 2132 fo.
843 2103 903 2132 xlv.
928 2103 1052 2141 (1278‚)

246 2179 295 2207 De
311 2177 423 2216 capella
440 2175 567 2205 Roberti
584 2175 672 2209 Croe,
696 2173 892 2208 infirmorum,
917 2173 954 2201 fo.
971 2174 1031 2202 xlv.
1058 2175 1096 2211 (c.
1115 2175 1222 2211 1180‚)

248 2247 397 2286 Scriptum
414 2247 450 2276 de
465 2245 584 2285 capellis
600 2243 725 2274 Roberti
743 2243 821 2273 Croc
837 2246 865 2271 et
882 2242 1008 2271 Heni-ici
1024 2243 1060 2272 de
1076 2243 1149 2279 Nes,
1173 2244 1210 2272 fo.
1228 2244 1288 2273 xlv.
1314 2248 1352 2281 (c.
1371 2245 1479 2282 1180‚)

251 2319 342 2347 Carta
359 2317 458 2346 decem
476 2320 674 2345 marcatarum
690 2319 836 2344 terrarum
853 2313 889 2342 de
906 2312 1043 2342 Thornle
1059 2313 1177 2349 VValas,
1201 2314 1238 2343 fo.
1256 2314 1327 2343 xlvi.
1354 2315 1477 2354 (1403,)

250 2390 353 2419 Sasina
370 2394 515 2419 terrarum
531 2389 568 2418 (le
584 2388 720 2418 Thornle
736 2386 854 2421 lValas,
878 2385 916 2414 fo.
934 2383 1005 2414 xlvi.
1029 2383 1152 2423 (14030

1615 420 1657 448 58

1616 489 1657 521 59

1617 560 1658 591 59

1620 630 1660 661 60

1621 699 1657 730 61

1621 771 1662 801 63

1623 890 1665 920 64·

1624 1011 1663 1042 65

1625 1083 1665 1113 66

1631 1964 1678 2411 effla-³3:³33}
