1870 2683
778 269 849 305 DE
882 268 1152 305 PASSELET.
1645 277 1715 308 315

232 367 369 413 guenfis
387 366 528 402 diocefis
553 367 648 413 quod
679 380 699 401 a
725 367 933 402 monasterio
954 367 1173 402 Cluniacenfi
1203 367 1273 403 sedi
1304 368 1488 416 apostolice
1516 370 1716 405 immediate

233 423 401 470 subjeetQ
433 422 694 458 Matisconenfis
712 422 863 464 diocesis,
892 424 1077 471 dependet,
1099 425 1345 471 conquestione
1363 426 1593 473 percepimus,
1622 428 1716 473 quod

233 480 398 514 nonnulli
432 480 591 514 locorum
624 480 791 514 ordinarii
820 480 947 526 aliique
978 479 1195 514 ecclefiarum
1229 481 1353 527 prelati
1385 487 1419 515 et
1447 481 1563 516 clerici
1591 495 1630 516 ac
1664 495 1716 516 ec-

234 535 413 570 clefiastiee
441 534 588 583 persone
606 541 677 570 tam
696 536 854 582 religiose
873 548 975 582 quam
996 534 1175 577 seculares,
1205 537 1307 570 etiam
1339 536 1361 571 fi
1392 538 1463 571 dux
1482 543 1541 572 aut
1560 538 1715 572 marchio

233 592 375 633 fuerint,
403 605 544 627 necnon
573 593 727 633 comites,
764 592 924 633 barones,
953 592 1098 632 nobiles,
1126 593 1264 634 milites,
1294 595 1495 628 communia
1521 595 1712 635 civitatum,

234 647 474 683 univerfitates
500 649 698 695 opidorum,
720 648 920 688 castrorum,
952 648 1116 682 villarum
1147 654 1182 683 et
1212 649 1361 683 aliorum
1392 650 1563 691 locorum,
1597 657 1631 686 et
1649 651 1715 686 alie

233 703 423 751 lingulares
451 705 598 752 persone
629 705 808 739 civitatum
841 711 875 739 et
905 705 1051 738 aliarum
1079 706 1231 751 partium
1260 706 1472 741 diversarum
1509 713 1548 741 ut
1575 708 1713 747 dicitur,

233 767 451 808 occuparunt
481 767 516 796 et
548 762 710 809 occupari
740 762 900 796 fecerunt
930 761 1029 796 villas
1058 768 1091 795 et
1121 761 1188 795 alia
1205 762 1292 803 loca,
1323 768 1444 804 terras,
1477 764 1610 804 domos,
1643 765 1716 811 pos-

233 816 402 858 sefliones,
424 818 508 865 jura
526 824 560 852 et
572 817 847 865 ι]’υνίίὶὶίὅίῑίοηθε,
876 818 1037 858 decimas,
1071 818 1229 865 piscarias
1248 832 1387 854 necnon
1405 821 1551 861 frucstus,
1582 822 1713 862 cenius,

232 874 390 909 redditus
408 880 444 908 et
461 879 655 921 proventus
673 874 758 908 dicti
790 874 987 908 monasterii
1007 881 1041 909 et
1060 876 1232 910 nonnulla
1249 877 1317 910 alia
1333 877 1426 911 bona
1444 878 1584 912 mobilia
1603 884 1637 912 et
1655 879 1715 912 im-

233 930 385 971 mobilia,
414 930 604 977 spiritualia
622 935 657 964 et
674 930 892 977 temporalia,
912 931 957 964 ad
976 931 1152 965 Abbatem
1172 938 1207 966 et
1225 939 1438 967 conventum
1458 934 1655 968 monasterii
1674 935 1716 968 de

234 986 367 1021 Passeto
385 987 564 1034 predi&os
582 985 784 1033 spectantia,
813 992 848 1021 et
866 999 906 1021 ea
925 987 1084 1021 detinent
1103 988 1257 1022 indebite
1276 994 1445 1036 occupata
1470 989 1529 1024 seu
1560 1003 1601 1024 ea
1631 991 1716 1025 deti-

232 1043 396 1077 nentibus
414 1049 475 1077 aut
492 1055 664 1090 occupare
697 1048 732 1077 et
761 1043 919 1077 detinere
938 1043 1137 1077 volentibus
1154 1044 1307 1091 prestant
1325 1045 1505 1086 auxilium,
1539 1045 1716 1081 confilium

232 1099 289 1133 vel
306 1099 474 1134 favorem.
528 1099 703 1133 Nonnulli
735 1099 839 1134 etiam
872 1100 1051 1134 civitatum
1072 1100 1212 1135 diocefis
1243 1106 1277 1135 et
1307 1102 1459 1148 partium
1477 1103 1714 1149 predffibarum

233 1156 293 1201 qui
310 1156 454 1190 nomine
485 1155 631 1189 Domini
661 1156 848 1190 invacuum
878 1157 1034 1203 recipere
1063 1170 1134 1191 non
1164 1157 1354 1192 formidant
1377 1159 1504 1193 eisdem
1525 1159 1655 1194 Abbati
1682 1167 1715 1194 et

232 1212 423 1246 conventui
441 1211 484 1246 de
504 1211 639 1246 Passeto
669 1212 770 1258 super
800 1213 968 1259 predictis
998 1214 1090 1247 villis
1122 1220 1156 1248 et
1187 1214 1271 1248 Iocis
1299 1215 1384 1256 aliis,
1414 1216 1527 1257 terris,
1561 1216 1713 1256 decimis,

232 1266 394 1314 piscariis,
435 1267 606 1308 domibus,
643 1267 914 1315 poffessionibus,
945 1269 1084 1316 juribus
1119 1275 1153 1304 et
1181 1270 1495 1317 jurisdi6tionibus‚
1531 1273 1714 1313 fruffibus,

233 1323 398 1365 cenfibus,
426 1324 620 1359 redditibus
638 1331 673 1359 et
690 1325 919 1372 proventibus
947 1326 1140 1360 eorundem
1171 1332 1205 1361 et
1224 1327 1485 1374 quibuscunque
1516 1329 1590 1363 aliis
1618 1329 1716 1364 bonis

233 1380 431 1421 mobilibus,
453 1386 488 1415 et
500 1381 747 1421 immobilibus,
764 1381 999 1428 spiritualibus
1014 1389 1048 1416 et
1062 1383 1324 1430 temporalibus,
1334 1390 1368 1418 et
1382 1384 1457 1418 aliis
1470 1385 1574 1420 rebus
1588 1385 1631 1419 ad
1647 1387 1716 1420 eos-

233 1437 313 1471 dem
333 1437 509 1472 Abbatem
529 1443 564 1472 et
582 1443 796 1472 conventum
827 1438 1023 1473 monasterii
1056 1439 1097 1473 dc
1132 1439 1264 1474 Passeto
1283 1440 1518 1487 spectantibus
1550 1442 1716 1489 multipli-

233 1506 289 1528 ces
307 1493 477 1528 molestias
495 1499 530 1529 et
549 1494 692 1541 injurias
710 1494 868 1529 inferunt
886 1508 925 1529 ac
938 1495 1097 1542 ja&uras
1116 1501 1150 1530 et
1170 1496 1279 1530 indies
1298 1497 1426 1531 inferre
1444 1510 1517 1531 non
1535 1505 1714 1533 verentur.

234 1549 355 1591 Quare
375 1550 460 1585 dicti
480 1550 600 1585 Abbas
618 1556 652 1585 et
671 1556 866 1585 conventus
895 1551 938 1585 de
969 1551 1102 1586 Passeto
1129 1553 1309 1600 cupientes
1335 1553 1602 1589 indemnitatem
1631 1556 1715 1591 dieii

233 1606 430 1641 monasterii
448 1612 483 1641 et
500 1619 545 1641 ne
566 1606 790 1654 imposterum
809 1607 962 1641 indebite
989 1607 1091 1655 super
1117 1608 1283 1655 premissis
1312 1615 1346 1644 et
1375 1610 1449 1644 aliis
1477 1611 1714 1654 molestentur,

233 1662 446 1709 injurientur
472 1668 507 1697 et
532 1669 725 1709 graventur
744 1663 941 1710 providere,
974 1664 1074 1698 nobis
1092 1665 1272 1699 humiliter
1302 1665 1540 1713 supplicarunt
1570 1674 1609 1702 ut
1636 1682 1715 1704 cum

234 1718 361 1753 eisdem
379 1720 482 1754 valde
500 1719 669 1754 reddatur
688 1720 827 1754 difficile
846 1733 910 1768 pro
928 1720 1068 1767 lingulis
1086 1721 1248 1767 querelis,
1277 1722 1423 1763 damnis,
1443 1725 1713 1769 gravaminibus,

232 1776 368 1822 injuriis
387 1782 422 1810 et
440 1789 563 1810 eorum
581 1776 771 1823 privilegiis
789 1783 823 1811 et
843 1777 997 1818 indultis,
1026 1783 1097 1812 tam
1124 1778 1310 1825 apostolica
1335 1793 1439 1826 quam
1470 1780 1537 1815 alia
1564 1782 1715 1816 auctori-

233 1837 304 1866 tate
332 1832 379 1866 eis
409 1831 584 1873 Conceffis,
612 1833 654 1866 ad
686 1833 905 1879 apostolicam
925 1834 1039 1868 sedem
1072 1834 1198 1869 habere
1217 1835 1406 1877 recursum,
1435 1837 1621 1883 providere
1640 1837 1715 1885 ipfis

234 1887 336 1935 super
355 1889 420 1922 hoc
437 1894 584 1935 paterna
609 1889 791 1935 diligentia
808 1902 1021 1924 curaremus.
1074 1890 1150 1925 Nos
1168 1892 1276 1938 igitur
1294 1892 1456 1927 adversus
1475 1900 1712 1941 occupatores,

234 1945 448 1984 detentores,
463 1945 731 1991 presumpt01·eS‚
753 1945 1000 1987 molestatores,
1022 1947 1356 1994 privilegiorumque
1374 1962 1497 1984 eorum
1516 1950 1712 1991 violatores,

234 2012 274 2034 ac
293 2000 342 2034 eis
360 2000 624 2046 quomodolibet
643 2001 786 2047 injurias
804 2001 1004 2042 inferentes,
1029 2002 1089 2036 illo
1108 2003 1267 2039 volentes
1286 2004 1410 2039 eisdem
1432 2005 1563 2039 Abbati
1582 2012 1616 2040 et
1634 2019 1715 2041 con-

235 2056 357 2090 ventui
376 2056 532 2090 remedio
550 2055 734 2091 subvenire
753 2069 815 2104 per
841 2057 936 2103 quod
962 2057 1115 2105 ipsorum
1134 2058 1373 2106 compescatur
1390 2061 1569 2095 temeritas
1587 2067 1621 2096 et
1639 2063 1713 2097 aliis

235 2113 348 2147 aditus
379 2113 621 2147 committendi
653 2112 773 2147 fimilia
801 2113 1040 2160 precludatur,
1071 2114 1268 2149 discretioni
1298 2115 1407 2150 vestre
1438 2129 1501 2163 per
1529 2117 1714 2164 apostolica

234 2169 359 2215 scripta
376 2169 583 2202 mandamus
600 2169 763 2214 quatInus
782 2182 844 2204 vos
862 2170 918 2204 vel
937 2171 1007 2204 duo
1025 2175 1085 2204 aut
1103 2183 1194 2204 unus
1208 2170 1357 2205 vestrum
1376 2184 1439 2218 per
1453 2185 1515 2206 vos
1532 2173 1587 2208 vel
1606 2174 1713 2210 alium

234 2223 291 2259 seu
313 2225 408 2264 alios,
429 2224 533 2258 etiam
552 2223 575 2258 fi
592 2223 656 2258 fint
675 2231 774 2259 extra
805 2225 883 2260 loca
911 2226 948 2260 in
976 2226 1101 2272 quibus
1132 2227 1288 2274 deputati
1307 2228 1382 2263 estis
1401 2229 1661 2266 conservatores
1679 2240 1712 2268 et

228 2281 376 2326 judices,
396 2280 537 2327 prefatis
558 2280 687 2314 Abbati
707 2287 742 2315 et
760 2283 951 2316 conventui
970 2282 1115 2317 efficacis
1134 2282 1339 2319 defensionis
1357 2284 1503 2332 prefidio
1517 2287 1711 2330 assistentes‚

234 2349 304 2371 non
325 2337 533 2384 permittatis
550 2335 687 2372 eosdem
707 2337 808 2385 super
825 2337 992 2384 premissis
1021 2344 1055 2373 et
1081 2339 1286 2385 quibussibet
1314 2341 1389 2376 aliis
1407 2341 1517 2383 bonis,
1550 2344 1652 2379 rebus
1679 2352 1712 2380 et
