1870 2683
754 272 824 307 DE
854 271 1122 307 PASSELET.
1608 274 1676 305 421

194 424 251 460 De
270 425 432 460 firmariis
450 424 667 460 ecclefiarum
675 452 682 459 .

192 538 436 574 CLEMENS
455 539 633 587 episcopus
651 539 769 574 servus
787 539 967 573 servorum
984 537 1054 572 Dei
1074 537 1209 572 dilefikis
1227 537 1306 571 filiis
1326 536 1456 571 Abbati
1475 542 1510 571 et
1528 549 1678 572 conven-

190 595 242 629 tui
260 595 302 629 de
323 594 479 635 Passelet‚
500 601 532 629 et
549 601 674 630 cetera.
727 596 774 629 Et
792 594 815 629 fi
832 594 1046 642 superfluum
1060 594 1221 629 videatur
1236 593 1396 640 precibus
1408 592 1572 640 postulari
1584 595 1679 640 quod

190 651 395 685 conceditur
413 664 433 684 a
445 651 527 697 jure
546 652 735 691 communi,
758 652 935 685 interdum
953 656 1071 685 tamen
1090 650 1160 697 ipsa
1177 662 1317 696 quoque
1335 649 1468 696 justitia
1485 662 1557 684 non
1576 650 1680 684 inuti-

190 706 270 740 liter
287 706 491 752 indulgetur
520 713 560 741 ut
590 720 631 741 eo
662 706 700 741 fit
728 721 747 741 a,
779 707 955 741 contraria
985 707 1144 754 potentia
1170 706 1280 740 tutior
1299 719 1367 751 quo
1385 706 1495 752 magis
1512 706 1618 741 fuerit
1637 707 1679 741 de

189 763 301 809 gratia
317 761 455 809 speciali
473 763 619 797 firmata.
674 763 770 797 Hinc
788 763 835 798 est
852 763 947 809 quod
965 775 1029 797 nos
1047 762 1165 797 vestris
1182 761 1491 808 supplicationibus
1521 762 1679 797 inclinati

190 819 400 853 auetoritate
436 818 533 852 vobis
567 818 780 865 presentium
815 819 1038 865 indulgemus
1078 824 1128 859 ut,
1174 817 1345 852 diocesani
1374 819 1523 866 episcopi
1553 819 1678 854 statuto

190 877 367 911 contrario
386 889 459 911 non
478 876 643 918 obstante,
676 882 869 924 proventus
888 875 1103 911 decimarum
1123 875 1166 909 ad
1185 888 1246 909 vos
1279 880 1313 908 et
1343 874 1589 910 monasterium
1607 876 1679 910 ves-

189 939 283 967 trum
302 932 534 980 spe&antium
565 933 631 967 illis
661 933 816 980 personis
846 933 887 967 ad
918 933 1052 966 firmam
1073 931 1267 966 concedere
1297 930 1405 965 libere
1437 931 1580 966 valeatis
1599 945 1677 967 cum

190 988 313 1034 quibus
332 989 528 1023 monasterii
546 988 699 1036 ejusdem
718 989 956 1023 conditionem
975 988 1134 1035 poteritis
1152 987 1266 1021 facere
1285 987 1479 1027 meliorem,
1500 988 1548 1021 ita
1559 992 1677 1023 tamen

189 1045 284 1091 quod
302 1044 499 1092 hujusmodi
517 1044 686 1080 conceffio
705 1045 747 1079 ad
766 1045 910 1079 feudum
929 1044 985 1078 vel
1012 1043 1259 1078 alienationem
1286 1043 1488 1077 nullatenus
1515 1045 1680 1079 extenda-

189 1107 258 1136 tur.
312 1102 412 1136 Nulli
430 1115 515 1148 ergo
534 1102 679 1136 omnino
697 1102 881 1136 hominum
912 1098 1016 1135 liceat
1033 1100 1122 1134 hanc
1139 1100 1302 1146 paginam
1321 1098 1435 1133 nostre
1454 1099 1679 1135 conceffionis

190 1159 381 1204 infringere
399 1159 456 1193 vel
475 1159 506 1193 ei
524 1157 608 1193 ausu
626 1158 813 1193 temerario
833 1157 1019 1192 contraire.
1073 1156 1107 1190 Si
1139 1156 1214 1201 quis
1242 1161 1359 1190 autem
1386 1155 1454 1190 hoc
1471 1161 1679 1204 attemptare

189 1214 444 1261 presumpserit,
478 1215 756 1261 indignationem
776 1213 1027 1261 omnipotentis
1046 1212 1116 1246 Dei
1135 1218 1170 1246 et
1188 1212 1370 1245 beatorum
1391 1211 1487 1246 Petri
1516 1218 1551 1247 et
1580 1213 1679 1248 Pauli

190 1270 424 1317 apostolorum
444 1271 517 1318 ejus
535 1270 568 1305 se
586 1271 727 1305 noverit
746 1270 979 1305 incursurum.
1032 1268 1167 1302 Datum
1188 1266 1317 1302 Perufii
1336 1280 1357 1302 v
1378 1267 1462 1302 Idus
1487 1268 1575 1303 Maii
1592 1282 1680 1317 pon-

191 1326 340 1361 tificatus
359 1326 465 1362 nostri
484 1339 577 1361 anno
596 1327 722 1375 primo.

191 1496 248 1531 Ne
267 1496 359 1531 bona
377 1495 575 1531 monasterii
593 1495 795 1542 obligentur
813 1509 877 1544 pro
896 1495 1042 1542 alicujus
1061 1494 1189 1529 debito.

192 1608 436 1644 CLEMENS
455 1608 634 1656 episcopus
652 1608 770 1643 servus
788 1609 968 1644 servorum
987 1607 1057 1642 Dei
1077 1606 1214 1641 dilectis
1232 1606 1311 1640 filiis
1327 1606 1458 1641 Abbati
1477 1612 1511 1642 et
1529 1620 1680 1643 conven-

192 1666 243 1700 tui
255 1665 454 1700 monasterii
472 1665 515 1699 de
535 1663 694 1705 Paffelet,
717 1664 953 1700 Cluniacenfis
965 1664 1108 1703 ordinis,
1130 1660 1351 1709 Glasguenfis
1364 1662 1514 1704 dioeefis‚
1534 1663 1680 1698 salutem

193 1728 228 1757 et
245 1721 467 1768 apostolicam
486 1721 782 1756 benedictionem.
834 1721 1007 1756 Volentes
1026 1734 1086 1755 vos
1106 1725 1140 1755 et
1158 1720 1404 1755 monasterium
1423 1721 1572 1757 vestrum
1592 1734 1612 1756 a
1629 1722 1681 1756 fu-

191 1778 279 1813 turis
297 1777 482 1824 dispendiis
499 1776 703 1824 preservari‚
737 1777 835 1812 vobis
864 1777 926 1813 sub
954 1777 1183 1812 anathematis
1200 1789 1292 1824 pena
1308 1777 1519 1812 a116toritate
1544 1777 1682 1824 presen-

193 1835 281 1869 tium
301 1833 487 1868 districtius
505 1833 713 1874 inhibemus,
733 1847 778 1868 ne
796 1847 861 1881 pro
879 1834 1000 1869 alienis
1019 1833 1142 1868 debitis
1160 1832 1219 1867 seu
1237 1833 1387 1879 negotiis
1401 1846 1463 1867 vos
1475 1833 1530 1868 vel
1545 1834 1678 1868 dictum

192 1889 438 1925 monasterium
466 1895 527 1924 aut
558 1889 632 1936 ejus
658 1889 750 1924 bona
778 1890 933 1937 obligare
962 1890 1182 1937 aliquatenus
1208 1887 1423 1936 presumatis.
1476 1889 1576 1924 Nulli
1595 1902 1680 1936 ergo

194 1946 338 1981 omnino
368 1946 563 1985 hominum,
592 1950 625 1979 et
652 1950 766 1980 cetera
797 1951 835 1981 ut
849 1948 980 1993 supra.
1033 1946 1169 1980 Datum
1190 1944 1318 1980 Perufii
1349 1958 1371 1979 x
1400 1945 1577 1980 Kalendas
1594 1946 1681 1981 Julii

193 2002 417 2050 pontificatus
434 2000 541 2036 nostri
558 2013 652 2035 anno
670 2002 795 2048 primo.

196 2169 429 2205 Confirmatio
447 2174 540 2204 terre
559 2169 602 2204 de
623 2168 806 2216 Petglafl'y.

198 2281 474 2317 HONORIUS
493 2280 672 2329 episcopus
689 2281 806 2316 servus
824 2280 1016 2323 servorum,
1048 2283 1111 2329 ᾁσ.
1163 2283 1186 2319 J
1189 2282 1268 2318 ustis
1285 2285 1480 2331 petentium
1508 2285 1680 2322 desideriis

197 2339 341 2386 dignum
360 2337 407 2373 est
423 2350 488 2372 nos
505 2337 640 2373 facilem
658 2338 805 2386 prebere
823 2337 1002 2381 assensum,
1024 2345 1058 2374 et
1076 2344 1158 2375 vota
1171 2353 1239 2386 que
1257 2354 1277 2375 a
1294 2341 1440 2377 rationis
1455 2343 1593 2378 tramite
1607 2356 1680 2378 non
