1870 2683
767 269 839 306 DE
866 267 1134 305 PASSELET.
1623 273 1693 304 435

218 378 418 417 Commissio
436 380 625 428 regalitati]
644 380 687 416 de
706 381 850 418 Passeto.

217 476 497 512 UNIVERSIS
515 482 631 524 pateat
656 491 719 524 per
749 478 924 524 presentes
942 490 1005 512 nos
1022 478 1221 513 Johannem
1239 475 1458 524 permistione
1485 476 1602 510 divina
1629 477 1686 511 ab·

216 533 331 568 batem
350 533 544 568 monasterii
564 533 606 567 de
626 533 758 568 Passeto
777 539 811 568 et
829 534 980 580 ejusdem
997 534 1066 569 loci
1084 539 1295 569 conventum
1322 531 1446 574 secisse,
1479 530 1685 567 constituiffe

217 594 252 623 et
269 588 439 624 ordinafle
457 589 592 624 nobiles
609 594 643 623 et
660 594 821 636 potentes
837 590 930 625 viros

214 711 328 741 veros,
347 700 537 747 legittimos
548 705 584 735 et
594 700 807 736 indubitatos
823 707 1078 749 procuratores,
1093 701 1250 742 ballivos,
1264 699 1521 742 commiffarios,
1533 701 1683 742 aetores,

213 755 365 790 faetores
383 760 417 790 et
434 757 658 803 negotiorum
676 756 872 792 nostrorum
889 757 1040 804 gestores
1057 771 1096 792 ac
1113 759 1256 792 nuntios
1273 756 1435 805 speciales
1453 763 1488 792 et
1504 758 1686 804 generales

214 811 372 846 omnium
404 816 438 846 et
467 810 677 859 lingularum
708 817 883 847 terrarum
911 813 1107 848 nostrarum
1136 812 1250 848 nostre
1281 813 1470 859 regalitatis
1488 813 1530 848 de
1550 813 1684 848 Passeto

213 867 413 913 ubicunque
440 867 531 902 infra
555 880 703 914 regnum
725 868 839 903 Scotie
864 868 1084 915 jacentium3
1113 868 1235 903 dantes
1265 874 1300 903 et
1325 869 1557 903 concedentes
1583 869 1685 904 dictis

213 923 337 958 nostris
354 923 499 964 ballivis,
520 922 755 958 commiffariis
773 929 807 958 et
824 924 1109 971 procuratoribus
1126 929 1161 958 et
1179 937 1300 959 eorum
1319 924 1460 959 cuilibet
1487 924 1683 967 insolidum,

213 979 432 1027 conjunctim
451 984 486 1013 et
504 978 646 1020 divifim,
665 979 816 1013 nostram
834 992 963 1020 veram,
983 979 1186 1026 plenariam,
1207 980 1444 1014 omnimodam
1462 986 1497 1015 et
1514 981 1686 1016 indubita-

213 1040 284 1070 tam
301 1034 505 1082 potestatem
535 1047 574 1069 ac
603 1035 807 1069 mandatum
824 1033 969 1082 speciale
994 1048 1059 1082 pro
1085 1035 1184 1069 nobis
1215 1040 1250 1070 et
1279 1036 1421 1070 nomine
1439 1036 1555 1071 nostro
1574 1038 1686 1072 curias

213 1091 344 1126 nostras
362 1091 601 1138 predffikarum
618 1090 813 1125 nostrarum
830 1096 1004 1125 terrarum
1030 1091 1145 1126 nostre
1171 1091 1360 1137 regalitatis
1385 1093 1540 1133 tenendi,
1568 1093 1687 1128 incho-

213 1148 307 1189 andi,
325 1147 540 1195 prorogandi
559 1152 594 1182 et
611 1146 803 1182 secundum
821 1147 1032 1193 exigentiam
1050 1146 1149 1181 cause
1168 1147 1407 1188 continuandi,
1428 1148 1611 1183 officiarios
1629 1150 1685 1184 de-

213 1202 316 1251 super
333 1203 475 1238 creandi
493 1208 528 1237 et
546 1203 788 1243 constituendi,
809 1203 965 1237 eschaeta
983 1208 1017 1237 et
1035 1202 1305 1237 amerciamenta
1316 1203 1507 1238 earundem
1525 1205 1569 1238 ad
1586 1204 1686 1239 usum

214 1264 250 1294 et
266 1259 453 1294 utilitatem
470 1258 620 1293 nostram
639 1259 812 1305 exigendi,
840 1259 978 1294 levandi
1006 1264 1041 1293 et
1065 1259 1288 1305 importandi,
1321 1272 1442 1294 omnes
1470 1266 1505 1295 et
1533 1259 1686 1307 singulos

212 1315 373 1350 homines
390 1313 524 1349 nostros
555 1314 728 1348 tenandos
756 1320 791 1349 et
819 1315 1068 1349 inhabitatores
1099 1320 1134 1349 et
1164 1327 1285 1349 eorum
1304 1315 1489 1350 familiares
1518 1316 1633 1352 servos
1651 1324 1687 1352 et

212 1370 406 1412 servitores,
427 1383 467 1405 ac
484 1383 606 1405 eorum
625 1371 742 1405 omnia
759 1376 794 1406 et
812 1369 945 1417 fingula
960 1370 1054 1405 bona
1070 1370 1212 1405 mobilia
1229 1376 1263 1405 et
1280 1372 1480 1413 immobilia,
1510 1378 1546 1407 et
1563 1386 1687 1408 eorum

213 1427 339 1463 catella
354 1427 553 1473 ubicunque
569 1426 729 1461 locorum
746 1426 838 1460 infra
854 1439 1001 1473 regnum
1031 1426 1145 1461 Scotie
1175 1440 1238 1473 per
1267 1426 1490 1474 quoscunque
1517 1430 1689 1465 excellen-

212 1482 326 1519 tiffimi
344 1483 477 1517 domini
495 1482 601 1517 nostri
621 1483 729 1529 Regis
747 1483 931 1517 officiarios
942 1482 998 1517 vel
1012 1482 1183 1517 ministros
1201 1483 1405 1518 attachiatos
1422 1483 1480 1518 seu
1498 1485 1687 1521 attachian-

212 1541 286 1581 dos,
314 1539 495 1574 arrestatos
512 1538 572 1574 seu
588 1539 814 1579 arrestandos‚
843 1539 899 1573 vel
917 1551 979 1585 per
997 1539 1219 1585 quoscunque
1237 1539 1334 1580 alios,
1365 1540 1409 1574 ad
1427 1541 1539 1574 curias
1556 1541 1687 1577 nostras

210 1596 326 1632 nostre
344 1595 534 1642 regalitatis
552 1594 595 1629 de
614 1594 748 1629 Passeto
766 1594 993 1641 replegiandi‚
1014 1600 1048 1629 et
1065 1596 1108 1629 ad
1127 1595 1304 1630 libertates
1318 1600 1352 1630 et
1362 1596 1545 1643 privilegia
1562 1609 1687 1633 earun-

211 1654 291 1688 dem
305 1652 497 1687 reducendi
512 1656 547 1686 et
560 1651 681 1685 reduci
694 1651 847 1697 petendi,
864 1664 903 1684 ac
914 1651 1174 1697 querelantibus
1184 1652 1318 1686 uniant
1331 1651 1488 1698 pluribus
1502 1653 1538 1687 in
1551 1653 1687 1699 quibus-

210 1721 347 1755 cunque
369 1707 473 1742 curiis
486 1707 655 1742 terminos
668 1706 759 1754 juris
776 1712 810 1741 et
829 1706 910 1754 jure
929 1713 1167 1754 competentes
1178 1720 1242 1754 pro
1251 1707 1384 1754 justitia
1394 1708 1511 1742 fienda
1524 1714 1559 1743 et
1572 1709 1686 1744 minis-

209 1765 335 1800 tranda
348 1763 538 1810 assignandi
556 1768 592 1797 et
607 1763 847 1810 promittendi,
875 1776 984 1798 unum
998 1776 1135 1809 quoque
1154 1764 1210 1798 vel
1229 1763 1347 1810 plures
1364 1763 1443 1798 loco
1462 1763 1511 1798 sui
1529 1768 1563 1798 et
1578 1764 1688 1812 cujus-

208 1821 294 1856 libet
310 1821 462 1867 ipsorum
481 1819 672 1866 deputandi
691 1824 726 1853 et
742 1817 977 1859 substituendi,
1010 1820 1069 1865 qui
1087 1818 1230 1854 similem
1252 1820 1287 1853 in
1306 1818 1471 1866 premissis
1486 1820 1611 1855 habeat
1627 1820 1688 1856 seu

208 1877 359 1912 habeant
376 1875 590 1923 potestatem,
611 1880 645 1909 et
662 1875 873 1921 generaliter
891 1876 1009 1910 omnia
1026 1876 1092 1909 alia
1111 1881 1145 1909 et
1162 1875 1295 1922 singula
1312 1876 1471 1916 faciendi,
1491 1877 1638 1922 gerendi
1652 1883 1688 1912 et

210 1932 393 1968 exercendi
413 1944 480 1977 que
494 1931 531 1964 in
545 1928 711 1977 premissis
729 1936 763 1965 et
781 1931 872 1965 circa
889 1944 929 1966 ea
940 1929 1127 1965 neeeffaria
1139 1932 1269 1965 fuerint
1287 1931 1345 1965 seu
1359 1932 1461 1965 etiam
1475 1938 1684 1978 opportuna,

208 1989 265 2024 vel
286 2001 353 2035 que
371 2000 436 2021 nos
461 1986 709 2021 constituentes
732 1986 925 2021 faceremus
942 1987 966 2021 fi
983 1987 1149 2035 premiffis
1170 1987 1398 2036 personaliter
1422 1987 1683 2032 intereffenms5

210 2045 344 2080 Ratun]
357 2049 391 2077 et
402 2048 541 2089 gratum
553 2042 719 2076 habentes
731 2047 765 2076 et
776 2042 927 2077 habituri
940 2049 1056 2078 totum
1069 2045 1104 2078 id
1116 2050 1150 2078 et
1161 2045 1324 2090 quicquid
1339 2045 1423 2078 dicti
1435 2044 1539 2079 nostri
1555 2045 1683 2085 ballivi,

209 2097 428 2136 commissarii
443 2104 477 2133 et
490 2103 735 2145 procuratores
748 2097 807 2133 seu
821 2111 943 2133 eorum
959 2099 1115 2146 deputati
1128 2106 1187 2134 aut
1199 2100 1379 2140 substituti,
1400 2101 1435 2133 in
1449 2099 1615 2146 premiflis
1628 2100 1687 2135 seu

209 2157 326 2203 aliquo
340 2153 593 2203 premifforum,
614 2153 830 2200 conjunfitim
850 2159 885 2188 et
903 2154 1045 2195 divisim,
1066 2156 1208 2189 nomine
1223 2155 1339 2189 nostro
1355 2156 1494 2190 duxerit
1507 2155 1565 2190 seu
1581 2156 1687 2191 duxe-

208 2213 280 2247 rint
293 2211 502 2250 faciendum,
514 2209 574 2244 sub
586 2209 757 2256 ypotheca
771 2215 805 2243 et
819 2209 1031 2256 obligatione
1044 2212 1201 2245 omnium
1214 2211 1387 2245 bonorum
1400 2211 1595 2245 nostrorum
1615 2225 1687 2247 mo-

209 2267 330 2302 bilium
343 2272 378 2301 et
390 2265 630 2306 immobilium,
639 2263 851 2312 presentium
865 2271 899 2300 et
914 2266 1125 2307 futurorum,
1139 2266 1356 2314 presentibus
1367 2267 1489 2302 nostris
1498 2268 1686 2303 voluntati-

208 2324 272 2358 bus
283 2322 358 2371 post
373 2322 492 2357 datum
506 2320 719 2368 presentium
734 2321 921 2356 duraturis.
943 2322 987 2357 In
1002 2322 1100 2370 cujus
1114 2323 1165 2358 rei
1179 2323 1413 2359 testimonium
1426 2322 1574 2371 sigillum
1593 2337 1685 2359 com-
