1870 2683
785 267 854 302 DE
882 266 1153 302 PASSELET.
1616 271 1687 302 :333

206 364 293 398 didit
311 364 496 410 legendam
515 376 554 398 ac
571 376 634 411 per
652 377 707 399 me
726 364 864 411 publice
882 364 951 410 legi
970 364 1061 405 fecit,
1081 363 1180 411 cujus
1198 369 1301 398 tenor
1319 363 1472 409 sequitur
1485 368 1519 398 et
1531 362 1578 398 est
1594 364 1683 398 talis.

206 420 319 455 CUM
339 420 595 468 procurationis
626 426 661 455 et
690 420 933 467 appellationis
951 420 1144 454 remedium
1175 420 1211 454 in
1243 418 1482 468 opprefforum
1499 419 1683 454 subfidium

204 489 247 510 ex
265 476 444 523 utriusque
469 476 560 523 juris
578 477 800 524 providentia
830 476 870 511 fit
899 477 1095 516 inventum,
1123 476 1205 510 hinc
1223 475 1270 510 est
1300 476 1395 522 quod
1413 488 1477 510 nos
1502 475 1683 511 Johannes

203 530 423 580 permistione
442 533 560 567 divina
578 533 681 567 abbas
699 531 895 566 monasterii
915 532 957 566 de
978 530 1135 572 Pafl'elet,
1156 532 1287 566 ordinis
1315 530 1562 572 Cluniaeenfis,
1584 531 1682 566 Glas-

201 588 337 635 guenfis
349 588 501 629 diocesis,
517 594 552 623 et
563 588 715 636 ejusdem
731 589 798 623 loci
812 594 1018 630 conventus,
1039 590 1261 624 attendentes
1273 595 1307 624 et
1320 588 1576 625 considerantes
1587 591 1682 636 quod

201 658 263 679 vos
282 645 423 679 domine
442 644 597 679 Waltere
630 645 672 679 de
702 645 820 679 Roule
849 645 968 679 rector
986 645 1212 692 parrochialis
1239 645 1378 680 ecclelie
1397 646 1439 680 de
1468 645 1680 686 Torbolton,

200 699 349 735 afferens
367 713 430 734 vos
454 699 723 734 commiffarium
742 700 778 734 in
797 701 860 734 hac
878 707 977 747 parte
1008 702 1193 736 reverendi
1212 702 1247 735 in
1268 701 1404 736 Christo
1423 703 1530 748 patris
1549 702 1681 736 domini

201 756 339 791 Mathei
357 756 506 804 episcopi
526 755 758 803 Glasguenfis,
789 762 913 791 contra
940 770 1004 791 nos
1033 757 1208 792 Abbatem
1235 758 1435 804 predictum
1455 763 1489 792 et
1516 757 1681 804 quosdam

199 813 468 848 commonachos
480 812 614 847 nostros
629 813 712 846 dicti
727 812 832 847 nostri
847 813 1054 854 monasterii,
1071 814 1126 847 die
1141 813 1290 848 Veneris
1305 818 1430 859 quarto
1445 814 1500 848 die
1512 813 1680 861 presentis

199 869 321 906 menfis
340 870 564 918 SeptembriS,
584 869 653 904 fine
672 871 770 904 cause
789 870 1001 916 cognitione,
1021 882 1084 916 per
1102 869 1228 904 vestras
1246 869 1379 903 litteras
1397 874 1555 916 patentes
1573 871 1608 904 in
1628 884 1680 905 ec-

198 925 296 962 clefia
313 926 521 974 parrochiali
540 927 582 961 de
603 926 787 973 Ruthglen
806 926 990 973 perlectaS,
1023 925 1140 971 inique
1160 931 1194 959 et
1212 925 1366 960 indebite
1385 939 1424 960 ac
1443 931 1566 960 contra
1589 926 1679 973 juris

197 984 357 1024 formam,
376 982 582 1018 sententiam
601 982 974 1018 excommunicationis
993 981 1170 1015 fulminari
1187 980 1320 1021 fecistis,
1341 982 1376 1015 in
1396 981 1501 1015 nostri
1519 987 1554 1016 et
1573 983 1679 1016 totius

198 1039 329 1074 ordinis
348 1038 585 1074 Cluniacenlis
602 1039 835 1086 prejudicium
853 1051 926 1073 non
945 1037 1121 1072 modicum
1134 1042 1169 1072 et
1179 1050 1381 1084 gravamen,
1401 1038 1488 1072 acin
1500 1045 1679 1086 contemp-

196 1102 272 1131 tum
290 1101 325 1131 et
343 1096 607 1142 derogationem
627 1095 892 1143 privilegiorum
911 1094 1028 1128 nostro
1056 1094 1170 1128 ordini
1200 1093 1421 1129 Cluniacenli
1452 1099 1487 1128 et
1518 1095 1679 1129 omnibus

196 1152 269 1199 ejus
288 1151 452 1187 membris
470 1150 720 1192 concefforum‚
741 1152 776 1185 in
795 1151 919 1198 quibus
934 1156 1077 1185 cavetur
1096 1148 1250 1197 expreffe
1264 1151 1359 1196 quod
1376 1163 1448 1185 non
1468 1152 1603 1185 ratione
1622 1152 1678 1186 de-

196 1209 271 1243 liffi
288 1221 354 1243 nec
372 1208 508 1243 ratione
526 1208 729 1243 contraews
746 1213 807 1242 aut
825 1207 960 1241 ratione
989 1207 1039 1241 rei
1066 1207 1109 1241 de
1139 1220 1207 1253 qua
1225 1208 1340 1253 agitur
1357 1205 1496 1253 pofl'unt
1514 1206 1557 1241 fic
1575 1208 1678 1254 privi-

194 1264 313 1311 legiati
332 1277 449 1299 coram
467 1265 626 1299 locorum
646 1264 830 1298 ordinariis
849 1263 1041 1303 conveniri,
1066 1275 1131 1297 nec
1148 1260 1209 1310 ipsi
1227 1262 1394 1296 ordinarii
1412 1263 1448 1297 in
1466 1263 1531 1297 hiis
1549 1263 1677 1298 caiibus

196 1326 318 1355 contra
336 1321 448 1355 dictos
467 1325 648 1367 exemptos
674 1318 813 1366 poffunt
843 1318 936 1353 suam
963 1320 1244 1367 jurisdictionem
1275 1333 1449 1355 exercere.
1502 1320 1608 1355 Unde
1634 1322 1677 1355 ad

194 1390 257 1411 vos
275 1377 417 1411 domine
433 1376 589 1411 Waltere
603 1382 717 1411 certos
732 1377 1002 1411 commonachos
1016 1376 1151 1411 nostros
1166 1376 1409 1410 destinavimus
1428 1377 1471 1410 ad
1488 1377 1676 1423 petendam

195 1433 330 1480 copiam
350 1431 593 1467 commistionis
612 1431 733 1472 vestre,
754 1437 789 1466 et
801 1432 959 1466 onmium
974 1431 1193 1480 proceffuum
1206 1445 1268 1480 per
1281 1445 1343 1466 vos
1358 1438 1393 1467 et
1406 1433 1548 1467 nomine
1564 1433 1675 1468 vestro

194 1494 234 1523 ut
252 1489 444 1536 predicitur
462 1489 636 1523 sacam-um
657 1494 692 1523 et
717 1488 842 1534 quibus
868 1488 921 1522 uti
947 1489 1128 1523 volueritis
1155 1489 1192 1522 in
1222 1488 1321 1523 causa
1337 1488 1519 1523 fructuum
1537 1489 1676 1524 ecclesie

193 1544 307 1579 nostre
326 1545 369 1579 de
390 1544 586 1591 Ruthglen.
640 1544 715 1578 Vos
733 1550 852 1578 tamen
869 1544 950 1578 licet
968 1543 1080 1591 sepius
1097 1543 1199 1592 super
1217 1544 1283 1579 hoc
1301 1543 1452 1590 requiliti
1479 1546 1612 1592 copiam
1633 1546 1675 1579 de

193 1600 360 1649 premiffis
378 1614 451 1635 non
470 1600 606 1635 dedistis
625 1613 690 1634 nec
709 1600 810 1635 etiam
832 1600 915 1634 dare
934 1600 1096 1641 voluistis,
1130 1600 1327 1635 auferentes
1345 1601 1445 1635 nobis
1472 1614 1534 1648 per
1561 1602 1675 1636 conse-

194 1671 314 1704 quens,
334 1663 507 1704 quatenus
522 1657 558 1691 in
572 1656 670 1691 vobis
688 1656 745 1697 est,
767 1656 1006 1691 omnimodam
1018 1657 1219 1692 facultatem
1235 1663 1270 1692 et
1282 1658 1372 1705 juris
1390 1658 1598 1693 beneficium
1618 1659 1674 1694 de-

193 1714 371 1754 fendendi,
392 1720 427 1748 et
444 1714 525 1748 licet
539 1726 612 1748 non
629 1712 668 1747 fit
686 1713 934 1760 appellandum
954 1726 973 1747 a
987 1726 1059 1747 non
1078 1713 1138 1748 suo
1153 1713 1281 1761 judice,
1302 1714 1549 1749 nichilominus
1567 1728 1587 1749 a
1604 1716 1674 1749 ves-

193 1771 255 1805 tris
272 1770 482 1817 proceffibus
499 1770 599 1804 factis
617 1769 675 1804 seu
693 1769 859 1803 faciendis
891 1775 926 1804 et
956 1783 976 1804 a
1003 1770 1121 1804 vestris
1147 1770 1325 1805 sententiis
1352 1771 1518 1806 universis
1544 1772 1621 1807 latis
1640 1780 1674 1808 et

193 1827 356 1867 serendis,
377 1839 422 1861 ne
440 1839 502 1861 vos
520 1826 576 1861 vel
595 1826 707 1872 quivis
725 1826 812 1859 alius
831 1827 974 1860 nomine
993 1826 1105 1861 vestro
1124 1833 1247 1862 contra
1265 1840 1328 1862 nos
1346 1829 1402 1862 vel
1422 1829 1580 1863 ordinem
1599 1830 1674 1864 nos-

193 1889 286 1917 trum
306 1883 503 1931 predictum
523 1882 670 1916 ulterius
688 1882 886 1928 procedatis
903 1882 961 1916 seu
986 1883 1154 1930 procedat
1173 1883 1215 1918 de
1233 1884 1327 1918 facto
1347 1898 1426 1919 cum
1446 1885 1488 1920 de
1501 1885 1582 1933 jure
1601 1900 1674 1921 non

193 1937 322 1986 possitis
340 1951 454 1984 neque
472 1937 583 1985 possit,
613 1938 649 1971 in
666 1937 731 1971 hiis
749 1937 882 1984 scriptis
908 1938 952 1972 ad
978 1938 1228 1974 famolanciam
1258 1939 1372 1975 sedem
1404 1942 1624 1988 apostolicam
1640 1951 1674 1978 et

195 1997 375 2031 dominum
395 1995 550 2030 nostrum
571 1995 701 2042 Papam
719 2008 967 2042 provocamus,
1000 1996 1227 2043 appellamus,
1261 2002 1296 2031 et
1313 1997 1486 2044 apostolos
1511 2000 1672 2045 petimus,

193 2053 318 2100 primo,
337 2051 490 2087 secundo
509 2058 544 2086 et
561 2052 666 2086 tertio
685 2057 719 2086 et
737 2064 817 2086 cum
836 2051 995 2086 instantia
1010 2052 1135 2091 debita,
1156 2051 1397 2087 submittentes
1415 2066 1478 2088 nos
1498 2054 1673 2090 Abbatem

194 2115 229 2143 et
247 2114 461 2143 conventum
480 2108 658 2156 predictos
676 2114 711 2142 et
729 2121 851 2142 omnes
868 2108 969 2142 nobis
980 2108 1189 2142 adherentes
1208 2113 1242 2142 et
1260 2109 1296 2143 in
1314 2109 1378 2143 hac
1395 2114 1493 2156 parte
1506 2111 1674 2146 adherere

193 2165 362 2206 volentes,
395 2178 434 2199 ac
461 2164 576 2199 nostra
604 2169 639 2198 et
663 2177 786 2199 eorum
803 2164 897 2199 bona
914 2177 1132 2211 quecunque,
1164 2170 1198 2198 et
1216 2165 1381 2212 precipue
1400 2179 1521 2201 omnes
1538 2167 1675 2203 fructus

193 2221 327 2256 nostros
345 2220 483 2256 ecclelie
502 2220 616 2255 nostre
635 2221 678 2255 de
699 2220 894 2267 Ruthglen,
913 2221 1066 2261 tuitioni,
1083 2219 1272 2255 defensioni
1284 2227 1319 2255 et
1332 2223 1545 2269 protectioni
1564 2223 1674 2259 sacro-

192 2277 310 2313 sancte
328 2277 416 2313 sedis
434 2277 621 2326 apostolice
639 2276 837 2325 supradicte
852 2292 862 2321 ς
897 2277 1131 2313 Protestantes
1149 2279 1245 2324 quod
1262 2285 1406 2327 propter
1423 2279 1583 2327 premiffa
1600 2294 1673 2316 non

193 2333 407 2370 intendimus
424 2335 460 2369 in
478 2347 540 2370 vos
559 2340 723 2381 tanquam
741 2333 895 2369 nostrum
909 2334 1064 2381 judicem
1085 2335 1121 2369 in
1139 2335 1256 2382 aliquo
1275 2335 1481 2377 consentire,
1507 2336 1565 2372 sed
1584 2338 1672 2373 hanc
