1839 2652
707 275 777 310 DE
806 275 1074 311 PASSELET.
1564 286 1629 316 ί231

150 427 207 461 De
226 427 361 461 eodem.

150 538 394 574 CLEMENS
412 538 591 586 episcopus
608 538 726 574 servus
744 539 923 574 servorum
944 540 1025 581 Dei,
1048 540 1170 585 &aut
1187 542 1426 586 prescribitm·
1444 545 1485 578 de
1502 544 1629 583 eodem,

146 595 338 641 hucusque,
359 595 494 630 Datum
515 594 645 630 Perufii
663 609 686 630 x
707 595 884 630 Kalendas
901 595 999 631 Junii
1018 597 1240 643 pontificatus
1267 598 1373 633 nostri
1392 612 1485 634 anno
1503 601 1628 647 primo,

149 763 206 797 De
225 764 359 798 eodem.

147 874 391 911 CLEMENS
410 874 588 922 episcopus
606 873 724 909 servus
742 873 921 908 servorum
941 874 1022 916 Dei,
1043 876 1101 910 διο.
1155 876 1295 911 Meritis
1315 878 1423 913 vestre
1452 880 1631 926 religionis

145 931 345 965 inducimur
373 936 412 965 ut
437 943 541 976 quam
568 931 672 977 digne
690 929 868 977 poffumus
886 931 984 965 vobis
1001 933 1148 977 gratiam
1168 933 1344 968 faciamus
1398 934 1488 970 Sane
1507 937 1629 982 petitio

144 987 256 1021 vestra
272 986 372 1020 nobis
390 986 543 1021 exhibita
557 985 770 1026 continebat,
793 986 855 1031 ὅτ.
875 991 915 1020 ut
926 988 1165 1032 prescribitur
1183 989 1251 1024 alio
1271 989 1342 1024 loco
1361 992 1402 1025 de
1421 993 1548 1032 eodem,
1568 992 1632 1026 hu-

144 1056 284 1090 cusque,
314 1045 349 1078 in
367 1044 448 1078 usus
465 1042 664 1091 hujusmodi
683 1044 856 1078 detinetis.
899 1042 991 1077 Cum
1018 1050 1136 1078 autem
1164 1044 1417 1081 concessionem
1435 1047 1631 1094 predictam

144 1101 187 1134 ab
205 1100 329 1135 eodem
349 1099 521 1147 Episcopo
539 1100 686 1147 provide
705 1100 832 1135 factam
850 1104 961 1134 ratam
992 1105 1027 1134 et
1057 1101 1193 1136 firmam
1220 1101 1397 1143 habentes,
1432 1115 1507 1138 ean]
1525 1111 1631 1150 prout

144 1156 287 1193 afferitis
304 1158 516 1193 auctoritate
534 1157 720 1206 apostolica
737 1157 940 1192 duxerimus
959 1156 1245 1198 confirmandam,
1279 1171 1343 1193 nos
1361 1158 1480 1194 vestris
1506 1158 1632 1207 suppli-

144 1214 338 1249 cationibus
357 1214 525 1255 inclinati,
554 1214 646 1249 veris
664 1213 887 1248 existentibus
904 1213 1121 1260 supradicti&
1150 1215 1360 1249 auctoritate
1380 1215 1476 1250 vobis
1494 1215 1632 1263 presen-

143 1271 232 1304 tium
249 1270 484 1316 indulgemus,
515 1275 556 1304 ut
572 1269 657 1304 ficut
674 1270 845 1305 hactenus
865 1270 969 1316 juxta
987 1269 1238 1305 conceffionem
1267 1271 1463 1318 hujusmodi
1480 1271 1524 1307 fic
1542 1278 1577 1307 et
1596 1274 1631 1306 in

143 1325 318 1372 posterum
335 1325 464 1373 poflitis
482 1339 545 1373 per
562 1326 761 1373 capellanos
778 1325 976 1373 hujusmodi
995 1326 1031 1359 in
1048 1326 1190 1373 prefatis
1221 1326 1369 1362 ecelefiis
1386 1328 1500 1363 facere
1519 1328 1630 1363 deser-

144 1382 220 1416 viri.
274 1381 374 1416 Nulli
393 1395 489 1428 ergO,
511 1383 574 1427 ιῇὀ.
609 1382 745 1417 Datum
766 1381 895 1417 Perufii
912 1394 935 1416 v
956 1381 1134 1417 Kalendas
1160 1382 1246 1418 Julii
1273 1384 1498 1430 pontificatus
1524 1384 1629 1419 nostri

144 1451 237 1473 anno
256 1451 380 1485 pruno.

146 1606 303 1640 Donatio
323 1605 461 1641 ecclesie
481 1606 524 1640 de
543 1605 686 1653 Cragyn
705 1619 767 1653 per
791 1605 982 1640 Walterum
1006 1606 1101 1642 Hose
1121 1607 1163 1641 de
1184 1608 1336 1654 Cragyn.

146 1717 385 1753 OMNIBUS
403 1716 520 1752 fauete
538 1718 658 1752 matris
676 1716 814 1752 ecclefie
833 1718 912 1752 filiis
931 1724 964 1752 et
983 1718 1144 1753 fidelibus
1164 1719 1338 1754 Walterus
1356 1719 1452 1755 Hole
1470 1720 1627 1756 salutem.

146 1774 264 1809 Sciant
280 1774 457 1821 presentes
475 1779 510 1808 et
526 1774 636 1808 futuri
653 1785 720 1814 me,
744 1786 809 1820 pro
827 1775 943 1809 anima
961 1776 1067 1822 patris
1087 1782 1121 1810 et
1139 1777 1258 1810 matris
1277 1789 1364 1817 mee,
1386 1783 1419 1811 et
1438 1790 1501 1825 pro
1520 1777 1627 1812 salute

145 1831 259 1865 anime
278 1843 354 1866 mee
381 1836 416 1865 et
441 1830 612 1865 heredum
629 1842 789 1864 meorum
821 1836 856 1865 et
885 1830 1033 1865 fratrum
1061 1845 1233 1872 meorum,
1265 1831 1404 1867 consilio
1435 1834 1627 1868 amicorum

146 1899 317 1928 meorum,
346 1884 474 1921 dediffe
492 1892 527 1920 et
545 1884 739 1921 conceffiffe
758 1891 793 1920 et
810 1887 874 1921 hac
892 1900 970 1922 mea
988 1894 1083 1922 carta
1109 1888 1324 1923 confirmafl'e
1344 1889 1425 1924 Deo
1444 1896 1479 1924 et
1498 1890 1628 1925 Sancto

145 1942 280 1977 ,Iacobo
299 1949 333 1977 et
352 1942 482 1977 Sancto
503 1941 639 1976 Mirino
658 1947 693 1976 et
712 1942 840 1976 Sancte
871 1942 1051 1990 Milburge
1083 1950 1118 1978 et
1148 1945 1326 1979 monachis
1345 1945 1387 1979 de
1406 1944 1564 1984 Paffelet‚
1592 1948 1629 1979 in

146 1998 290 2032 liberam
321 2004 356 2032 et
385 1999 538 2044 quietam
556 2010 596 2033 ac
613 2010 736 2045 puram
765 1998 998 2040 elemofinam,
1032 1999 1207 2034 ecclefiam
1239 2001 1281 2035 de
1313 2000 1455 2048 Cragyn
1473 2002 1516 2035 de
1534 2008 1627 2036 terra

146 2066 224 2088 mea
251 2053 379 2087 scilicet
406 2055 443 2087 in
475 2053 578 2100 Kyle,
609 2066 688 2088 cum
719 2053 880 2088 omnibus
898 2056 1118 2102 pertinentiis
1148 2055 1215 2090 suis
1245 2069 1324 2089 cum
1351 2069 1422 2090 11113
1449 2064 1629 2091 carrucata

145 2115 250 2149 terre,
271 2109 413 2143 dimidia
429 2110 592 2144 videlicet
609 2122 712 2156 quam
728 2110 825 2144 dedit
844 2116 943 2157 pater
961 2123 1060 2145 meus
1076 2111 1235 2158 predicte
1254 2111 1403 2152 ecclefie,
1434 2119 1468 2147 et
1487 2113 1628 2147 dimidia

146 2170 326 2199 carrucata
343 2170 435 2199 terre
454 2178 557 2211 quam
577 2178 642 2212 ego
660 2165 776 2212 postea
794 2167 907 2201 eidem
921 2165 1059 2201 ecclefie
1078 2168 1114 2201 in
1132 2167 1275 2201 llberam
1295 2168 1374 2202 dedi
1394 2168 1626 2209 elemofinam,

145 2234 208 2267 per
227 2220 361 2255 easdem
380 2220 500 2255 divisas
530 2234 593 2268 per
622 2234 707 2267 quas
736 2221 916 2257 Johannes
937 2221 1033 2257 Hose
1052 2223 1159 2257 frater
1177 2236 1275 2258 meus
1299 2223 1447 2271 persona
1474 2224 1627 2272 ejusdem

147 2275 285 2311 ecclefie
304 2277 449 2311 eandem
470 2277 647 2312 dimidiam
679 2284 894 2312 carrucatam
924 2284 1017 2312 terre
1046 2292 1066 2312 a
1096 2292 1151 2313 me
1178 2280 1303 2314 tenuit.
1355 2279 1432 2328 Ipse
1450 2294 1535 2316 vero
1553 2295 1631 2329 pre-

148 2332 261 2367 dietus
288 2333 468 2368 Johannes
496 2332 581 2368 ficut
611 2333 706 2380 prius
733 2334 781 2368 ita
811 2346 904 2368 nunc
936 2334 1081 2369 eandem
1109 2334 1284 2371 ecclefiam
1312 2337 1478 2383 quamdiu
1505 2339 1629 2372 vixerit
