1839 2652
189 281 260 317 264«
578 277 892 313 REGISTRUM
921 275 1258 311 MONASTERII

189 378 306 413 nostro
332 374 592 423 quibuscunque
620 373 835 421 temporibus
854 372 1038 407 retroactis
1054 371 1198 405 liberius
1214 370 1414 405 infeodatur
1432 370 1492 406 seu
1509 376 1662 406 tenetur.

192 433 248 467 Ac
273 430 412 477 insuper
438 428 662 464 conceslimus
691 434 725 463 et
753 434 877 462 tenore
895 427 1063 475 presentis
1081 432 1174 462 carte
1193 426 1307 461 nostre
1325 427 1547 461 concedimus
1565 427 1660 462 dieto

190 486 378 522 venerabili
409 486 498 532 patri
518 491 552 519 et
570 483 815 519 successoribus
842 483 908 518 suis
937 483 1116 517 abbatibus
1146 483 1189 517 de
1222 482 1366 524 Passeto,
1398 483 1598 517 facultatem
1628 487 1663 517 et

189 542 392 590 potestatem
411 542 454 575 ad
473 541 672 587 eligendum
700 541 880 574 annuatim
907 538 1129 587 prepofitum,
1161 539 1306 573 ballivos
1325 544 1359 573 et
1376 539 1462 573 alios
1480 538 1663 572 officiarios

191 599 275 632 dicti
294 598 406 644 burgi,
436 603 471 631 et
489 596 626 631 eosdem
645 598 773 631 totiens
791 597 952 642 quotiens
978 608 1065 642 opus
1090 595 1196 629 fuerit
1223 595 1438 635 removendi,
1472 600 1507 629 et
1525 594 1610 628 alios
1628 594 1664 627 in

191 667 313 688 eorum
332 654 415 688 locis
434 654 476 688 de
496 666 588 687 novo
608 653 759 698 eligendi
778 658 812 687 et
831 651 1045 698 imponendi,
1070 656 1175 698 prout
1193 649 1251 684 fibi
1271 651 1401 684 Abbati
1420 656 1455 685 et
1472 647 1665 684 lucceffori-

191 710 254 744 bus
272 709 338 743 suis
356 709 479 744 melius
509 709 685 743 videbitur
717 709 916 755 expediens,
949 707 1162 742 conveniens
1192 713 1227 741 et
1258 713 1508 753 opportunum,
1540 704 1664 752 absque

190 766 305 812 aliqua
330 765 396 799 alia
422 765 595 799 electione
614 762 834 809 burgensium
852 763 910 797 seu
929 765 1188 799 communitatis
1206 765 1356 811 predicti
1386 764 1498 810 burgi,
1531 768 1566 797 et
1593 762 1662 798 fine

190 822 305 868 aliqua
334 821 557 855 revocatione
588 826 649 854 aut
679 821 958 854 contradictione
987 819 1101 854 nostra
1126 825 1187 854 aut
1212 819 1439 854 succelsorum
1467 819 1663 853 nostrorum

191 877 292 925 super
309 875 476 924 premissis
495 876 722 922 quovismodo
750 876 908 911 facienda
938 876 973 909 in
1003 876 1172 910 futurum.
1229 876 1348 917 Quare
1368 874 1532 910 univerfis
1551 880 1584 909 et
1601 873 1664 908 fin-

190 933 281 980 gulis
299 945 449 979 quorum
467 931 607 966 interest
622 931 675 966 vel
695 929 853 966 intereffe
872 933 1001 979 poterit
1018 933 1134 967 stricte
1153 934 1376 980 precipiendo
1396 933 1600 967 mandamus
1618 944 1662 965 ne

191 989 266 1035 quis
286 989 320 1022 in
339 988 552 1023 contrarium
572 988 745 1021 dictarum
774 988 967 1022 nostrarum
997 987 1253 1024 conceffionum
1284 996 1344 1024 aut
1373 1001 1663 1035 quorumcunque

191 1043 432 1092 premiisorum
459 1045 677 1090 aliquatenus
708 1044 873 1078 devenire
903 1044 1088 1092 presumat,
1120 1045 1180 1079 sub
1209 1046 1305 1079 omni
1332 1058 1422 1092 pena
1449 1057 1551 1091 quam
1583 1056 1665 1089 erga

191 1101 341 1136 nostram
361 1101 492 1147 regiam
511 1100 690 1134 incurrere
717 1100 846 1146 poterit
873 1100 1094 1147 majestatem.
1148 1101 1192 1135 In
1223 1102 1320 1148 cujus
1351 1101 1399 1135 rei
1431 1099 1662 1135 testimonium

191 1157 273 1191 huic
290 1156 440 1203 presenti
458 1162 551 1190 carte
578 1155 692 1190 nostre
719 1168 884 1201 magnum
914 1155 1062 1202 sigillum
1091 1156 1245 1190 nostrum
1277 1157 1406 1203 apponi
1435 1156 1663 1203 precepimus.

193 1213 363 1251 Testibus.
404 1212 606 1247 reverendis
637 1213 671 1245 in
704 1211 841 1246 Christo
871 1212 1026 1259 patribus
1058 1213 1218 1247 Roberto
1249 1212 1407 1260 episcopo
1439 1210 1664 1257 Glalsswenfi,

193 1269 351 1316 Georgio
370 1269 529 1316 episcopo
549 1267 801 1309 Dunkeldenfi,
836 1268 973 1302 dilectis
1003 1268 1268 1315 consanguineis
1298 1268 1421 1302 nostris
1450 1268 1577 1302 Colino
1610 1280 1666 1301 co-

191 1326 276 1360 mite
302 1326 344 1360 de
372 1325 492 1372 Ergile
519 1325 662 1359 domino
694 1325 864 1372 Campbel
894 1324 1102 1358 cancellario
1129 1324 1257 1365 nostro,
1291 1324 1507 1359 Archibaldo
1538 1324 1664 1358 comite

192 1381 349 1428 Angufie
368 1382 511 1416 domino
530 1382 573 1416 de
593 1381 777 1427 Dowglass
795 1382 852 1421 &c‚
887 1381 1037 1415 Patricio
1056 1381 1199 1415 domino
1220 1380 1333 1427 Halys
1351 1380 1510 1426 magistro
1529 1378 1664 1426 hospitii

191 1437 307 1478 nostri,
330 1437 489 1472 Roberto
508 1437 652 1471 domino
671 1438 713 1471 de
733 1437 810 1471 Lile
823 1436 1012 1484 justiciario
1026 1437 1153 1478 nostro,
1175 1438 1323 1472 Andrea
1340 1438 1482 1471 domino
1501 1437 1533 1471 le
1552 1437 1663 1483 Gray,

193 1493 386 1528 Laurentio
414 1494 556 1528 domino
576 1492 757 1540 Oliphant,
789 1493 953 1529 Johanne
979 1494 1122 1528 domino
1151 1494 1389 1534 Drummond,
1421 1493 1611 1528 venerabili
1630 1493 1665 1526 in

194 1550 331 1584 Christo
349 1555 447 1596 patre
464 1549 487 1585 J
490 1550 627 1584 ohanne
647 1550 764 1596 priore
783 1549 979 1583 monasterii
997 1549 1102 1583 nostri
1131 1550 1381 1584 Sanctiandree
1412 1549 1517 1583 nostri
1545 1549 1665 1582 secreti

192 1604 290 1651 figilli
319 1605 469 1645 custode,
504 1605 670 1639 Wilelmo
704 1605 843 1639 Knollis
873 1611 1078 1652 preceptore
1117 1606 1160 1640 de
1197 1605 1379 1639 Torfichin
1409 1605 1518 1639 milite
1548 1604 1664 1638 nostro

193 1660 417 1701 thesaurario,
451 1661 617 1707 magistris
647 1661 854 1695 Alexandro
887 1660 996 1706 Inglis
1024 1661 1269 1695 archidiacono
1296 1661 1547 1695 Sanctiandree
1573 1673 1665 1694 com-

192 1722 358 1765 potorum
376 1717 572 1751 nostrorum
590 1717 785 1751 rotulatore
803 1730 843 1751 ac
861 1717 987 1750 clerico
1016 1716 1122 1750 nostri
1148 1717 1279 1763 registri
1298 1717 1356 1757 &c,
1389 1723 1424 1751 et
1450 1716 1666 1750 Archibaldo

195 1772 388 1814 Quhitelau
406 1771 601 1807 subdecano
620 1771 835 1819 Glasgwenfi
852 1771 1035 1807 secretario
1054 1772 1180 1813 nostro,
1209 1773 1302 1820 apud
1321 1772 1513 1818 Striueling
1531 1772 1665 1805 decimo

192 1841 288 1863 nono
308 1828 362 1862 die
382 1827 502 1863 menfis
522 1828 671 1874 Augusti
702 1841 794 1862 anno
827 1828 974 1862 Domini
993 1827 1172 1863 millefimo
1190 1827 1528 1875 quadringentesimo
1547 1829 1667 1864 octua-

192 1884 319 1931 gesimo
338 1884 465 1919 octavo
484 1889 518 1919 et
536 1885 636 1930 regni
655 1883 760 1918 nostri
778 1884 902 1931 primo.

196 2052 393 2087 Indentura
410 2058 444 2087 et
463 2053 595 2087 erecffio
614 2052 715 2099 burgi
733 2052 775 2087 de
796 2051 939 2086 Passeto.

198 2164 436 2199 OMNIBUS
454 2164 544 2199 hanc
562 2169 692 2199 cartam
717 2164 932 2198 indentatam
950 2163 1072 2199 visuris
1089 2164 1146 2199 vel
1164 2165 1334 2199 audituris
1351 2163 1529 2210 Georgius
1547 2164 1668 2198 Schaw

197 2221 299 2255 abbas
317 2221 514 2256 monasterii
532 2221 575 2256 de
595 2220 729 2256 Passeto
748 2226 783 2256 et
801 2220 953 2268 ejusdem
971 2220 1039 2255 loci
1053 2226 1258 2261 conventus,
1279 2220 1410 2254 ordinis
1422 2218 1667 2259 Cluniacenfis,

197 2276 429 2323 Glasgwenfis
456 2276 607 2318 dioeefis‚
639 2276 785 2312 salutem
812 2278 850 2311 in
877 2277 1036 2312 Domino
1063 2275 1319 2324 sempiternam.
1384 2275 1534 2311 Noverit
1560 2274 1670 2309 vestra

196 2331 399 2369 univerfitas
418 2346 462 2368 ex
481 2346 523 2368 eo
541 2334 636 2380 quod
653 2333 821 2369 habemus
835 2333 954 2369 villam
973 2333 1015 2368 de
1034 2331 1167 2367 Passeto
1185 2333 1221 2367 in
1238 2332 1388 2368 liberum
1405 2331 1555 2378 burgum
1572 2329 1672 2365 nobis
