<?xml version="1.0" encoding="UTF-8"?>
<!DOCTYPE html PUBLIC "-//W3C//DTD XHTML 1.0 Transitional//EN"
    "http://www.w3.org/TR/xhtml1/DTD/xhtml1-transitional.dtd">
<html xmlns="http://www.w3.org/1999/xhtml" xml:lang="en" lang="en">
 <head>
  <title>
</title>
<meta http-equiv="Content-Type" content="text/html;charset=utf-8" />
  <meta name='ocr-system' content='tesseract 3.04.00' />
  <meta name='ocr-capabilities' content='ocr_page ocr_carea ocr_par ocr_line ocrx_word'/>
</head>
<body>
  <div class='ocr_page' id='page_1' title='image "./registrummonaste00mait_0166.png"; bbox 0 0 1839 2652; ppageno 0'>
   <div class='ocr_carea' id='block_1_1' title="bbox 169 280 1245 322">
    <p class='ocr_par' dir='ltr' id='par_1_1' title="bbox 169 280 1245 322">
     <span class='ocr_line' id='line_1_1' title="bbox 169 280 1245 322; baseline -0.003 0"><span class='ocrx_word' id='word_1_1' title='bbox 169 286 238 322; x_wconf 88' lang='lat'><strong>106</strong></span> <span class='ocrx_word' id='word_1_2' title='bbox 564 280 880 318; x_wconf 86' lang='lat' dir='ltr'><strong>REGISTRUM</strong></span> <span class='ocrx_word' id='word_1_3' title='bbox 907 280 1245 319; x_wconf 90' lang='lat' dir='ltr'><strong>MONASTERII</strong></span> 
     </span>
    </p>
   </div>
   <div class='ocr_carea' id='block_1_2' title="bbox 171 378 1658 935">
    <p class='ocr_par' dir='ltr' id='par_1_2' title="bbox 171 378 1658 935">
     <span class='ocr_line' id='line_1_2' title="bbox 172 378 1652 429; baseline -0.001 -11"><span class='ocrx_word' id='word_1_4' title='bbox 172 382 369 418; x_wconf 81' lang='lat' dir='ltr'><strong>aisiamenta</strong></span> <span class='ocrx_word' id='word_1_5' title='bbox 386 385 480 415; x_wconf 88' lang='lat' dir='ltr'><strong>terre</strong></span> <span class='ocrx_word' id='word_1_6' title='bbox 498 391 586 420; x_wconf 93' lang='lat' dir='ltr'><strong>mee,</strong></span> <span class='ocrx_word' id='word_1_7' title='bbox 606 379 643 413; x_wconf 92' lang='lat' dir='ltr'><strong>in</strong></span> <span class='ocrx_word' id='word_1_8' title='bbox 660 378 763 413; x_wconf 82' lang='lat' dir='ltr'><strong>bosco</strong></span> <span class='ocrx_word' id='word_1_9' title='bbox 781 383 817 413; x_wconf 91' lang='lat' dir='ltr'><strong>et</strong></span> <span class='ocrx_word' id='word_1_10' title='bbox 833 378 952 425; x_wconf 86' lang='lat' dir='ltr'><strong>plano,</strong></span> <span class='ocrx_word' id='word_1_11' title='bbox 971 378 1007 413; x_wconf 91' lang='lat' dir='ltr'><strong>in</strong></span> <span class='ocrx_word' id='word_1_12' title='bbox 1024 379 1132 426; x_wconf 87' lang='lat' dir='ltr'><strong>pratis</strong></span> <span class='ocrx_word' id='word_1_13' title='bbox 1150 384 1185 413; x_wconf 87' lang='lat' dir='ltr'><strong>et</strong></span> <span class='ocrx_word' id='word_1_14' title='bbox 1202 379 1332 426; x_wconf 83' lang='lat' dir='ltr'>pascuis</span> <span class='ocrx_word' id='word_1_15' title='bbox 1350 387 1384 416; x_wconf 89' lang='lat' dir='ltr'><strong>et</strong></span> <span class='ocrx_word' id='word_1_16' title='bbox 1402 382 1497 428; x_wconf 86' lang='lat' dir='ltr'><strong>aquis</strong></span> <span class='ocrx_word' id='word_1_17' title='bbox 1515 387 1550 417; x_wconf 90' lang='lat' dir='ltr'><strong>et</strong></span> <span class='ocrx_word' id='word_1_18' title='bbox 1566 382 1652 429; x_wconf 85' lang='lat' dir='ltr'><strong>stag-</strong></span> 
     </span>
     <span class='ocr_line' id='line_1_3' title="bbox 171 434 1652 484; baseline -0.001 -11"><span class='ocrx_word' id='word_1_19' title='bbox 171 439 237 479; x_wconf 82' lang='lat' dir='ltr'><strong>nis,</strong></span> <span class='ocrx_word' id='word_1_20' title='bbox 257 448 394 472; x_wconf 88' lang='lat' dir='ltr'><strong>mecum</strong></span> <span class='ocrx_word' id='word_1_21' title='bbox 412 440 447 470; x_wconf 90' lang='lat' dir='ltr'><strong>et</strong></span> <span class='ocrx_word' id='word_1_22' title='bbox 466 447 546 470; x_wconf 91' lang='lat' dir='ltr'><strong>cum</strong></span> <span class='ocrx_word' id='word_1_23' title='bbox 566 434 765 469; x_wconf 88' lang='lat' dir='ltr'><strong>hominibus</strong></span> <span class='ocrx_word' id='word_1_24' title='bbox 779 435 875 469; x_wconf 91' lang='lat' dir='ltr'><strong>meis.</strong></span> <span class='ocrx_word' id='word_1_25' title='bbox 920 435 1012 470; x_wconf 90' lang='lat' dir='ltr'><strong>Cum</strong></span> <span class='ocrx_word' id='word_1_26' title='bbox 1030 441 1148 470; x_wconf 89' lang='lat' dir='ltr'><strong>autem</strong></span> <span class='ocrx_word' id='word_1_27' title='bbox 1166 436 1353 483; x_wconf 84' lang='lat' dir='ltr'><strong>contigerit</strong></span> <span class='ocrx_word' id='word_1_28' title='bbox 1364 438 1458 483; x_wconf 90' lang='lat' dir='ltr'><strong>quod</strong></span> <span class='ocrx_word' id='word_1_29' title='bbox 1472 450 1537 484; x_wconf 86' lang='lat' dir='ltr'><strong>ego</strong></span> <span class='ocrx_word' id='word_1_30' title='bbox 1552 438 1652 472; x_wconf 88' lang='lat' dir='ltr'><strong>Hen-</strong></span> 
     </span>
     <span class='ocr_line' id='line_1_4' title="bbox 172 491 1652 544; baseline -0.002 -14"><span class='ocrx_word' id='word_1_31' title='bbox 172 497 264 530; x_wconf 83' lang='lat' dir='ltr'><strong>ricus</strong></span> <span class='ocrx_word' id='word_1_32' title='bbox 283 499 318 529; x_wconf 88' lang='lat' dir='ltr'><strong>et</strong></span> <span class='ocrx_word' id='word_1_33' title='bbox 342 493 507 530; x_wconf 81' lang='lat' dir='ltr'><strong>Johanna</strong></span> <span class='ocrx_word' id='word_1_34' title='bbox 532 505 624 527; x_wconf 88' lang='lat' dir='ltr'><strong>uxor</strong></span> <span class='ocrx_word' id='word_1_35' title='bbox 651 505 730 527; x_wconf 87' lang='lat' dir='ltr'><strong>mea</strong></span> <span class='ocrx_word' id='word_1_36' title='bbox 755 492 864 544; x_wconf 65' lang='lat' dir='ltr'><strong>vitam</strong></span> <span class='ocrx_word' id='word_1_37' title='bbox 891 491 1042 526; x_wconf 84' lang='lat' dir='ltr'><strong>nostram</strong></span> <span class='ocrx_word' id='word_1_38' title='bbox 1068 492 1271 533; x_wconf 90' lang='lat' dir='ltr'><strong>finierimus,</strong></span> <span class='ocrx_word' id='word_1_39' title='bbox 1300 504 1448 540; x_wconf 88' lang='lat' dir='ltr'><strong>corpora</strong></span> <span class='ocrx_word' id='word_1_40' title='bbox 1476 493 1591 527; x_wconf 86' lang='lat' dir='ltr'><strong>nostra</strong></span> <span class='ocrx_word' id='word_1_41' title='bbox 1616 499 1652 527; x_wconf 84' lang='lat' dir='ltr'><strong>et</strong></span> 
     </span>
     <span class='ocr_line' id='line_1_5' title="bbox 174 546 1652 598; baseline -0.002 -12"><span class='ocrx_word' id='word_1_42' title='bbox 174 551 314 586; x_wconf 84' lang='lat' dir='ltr'><strong>tertiam</strong></span> <span class='ocrx_word' id='word_1_43' title='bbox 331 555 467 598; x_wconf 83' lang='lat' dir='ltr'><strong>partem</strong></span> <span class='ocrx_word' id='word_1_44' title='bbox 485 548 670 584; x_wconf 84' lang='lat' dir='ltr'><strong>substantie</strong></span> <span class='ocrx_word' id='word_1_45' title='bbox 688 548 804 583; x_wconf 89' lang='lat' dir='ltr'>nostre</span> <span class='ocrx_word' id='word_1_46' title='bbox 822 546 961 583; x_wconf 84' lang='lat' dir='ltr'><strong>ecclesie</strong></span> <span class='ocrx_word' id='word_1_47' title='bbox 981 548 1101 583; x_wconf 66' lang='lat' dir='ltr'><strong>Santffi</strong></span> <span class='ocrx_word' id='word_1_48' title='bbox 1120 547 1246 582; x_wconf 88' lang='lat' dir='ltr'><strong>Mirini</strong></span> <span class='ocrx_word' id='word_1_49' title='bbox 1274 549 1317 583; x_wconf 94' lang='lat' dir='ltr'><strong>de</strong></span> <span class='ocrx_word' id='word_1_50' title='bbox 1337 547 1484 583; x_wconf 84' lang='lat' dir='ltr'><strong>Paffelet</strong></span> <span class='ocrx_word' id='word_1_51' title='bbox 1501 549 1652 583; x_wconf 86' lang='lat' dir='ltr'><strong>reddidi-</strong></span> 
     </span>
     <span class='ocr_line' id='line_1_6' title="bbox 175 604 1655 653; baseline -0.002 -10"><span class='ocrx_word' id='word_1_52' title='bbox 175 620 264 643; x_wconf 87' lang='lat' dir='ltr'><strong>mus.</strong></span> <span class='ocrx_word' id='word_1_53' title='bbox 317 606 352 642; x_wconf 85' lang='lat' dir='ltr'><strong>Si</strong></span> <span class='ocrx_word' id='word_1_54' title='bbox 369 611 487 641; x_wconf 82' lang='lat' dir='ltr'><strong>autem</strong></span> <span class='ocrx_word' id='word_1_55' title='bbox 506 605 694 652; x_wconf 84' lang='lat' dir='ltr'><strong>contigerit</strong></span> <span class='ocrx_word' id='word_1_56' title='bbox 723 605 819 651; x_wconf 90' lang='lat' dir='ltr'><strong>quod</strong></span> <span class='ocrx_word' id='word_1_57' title='bbox 846 604 1070 652; x_wconf 89' lang='lat' dir='ltr'><strong>personatum</strong></span> <span class='ocrx_word' id='word_1_58' title='bbox 1100 605 1259 652; x_wconf 64' lang='lat' dir='ltr'><strong>prediEoe</strong></span> <span class='ocrx_word' id='word_1_59' title='bbox 1291 604 1429 640; x_wconf 88' lang='lat' dir='ltr'><strong>ecclefie</strong></span> <span class='ocrx_word' id='word_1_60' title='bbox 1458 605 1561 640; x_wconf 87' lang='lat' dir='ltr'><strong>alicui</strong></span> <span class='ocrx_word' id='word_1_61' title='bbox 1578 618 1655 653; x_wconf 87' lang='lat' dir='ltr'><strong>per-</strong></span> 
     </span>
     <span class='ocr_line' id='line_1_7' title="bbox 174 661 1654 703; baseline -0.003 -4"><span class='ocrx_word' id='word_1_62' title='bbox 174 663 257 699; x_wconf 88' lang='lat' dir='ltr'>sone</span> <span class='ocrx_word' id='word_1_63' title='bbox 275 661 514 703; x_wconf 73' lang='lat' dir='ltr'><strong>concesserint,</strong></span> <span class='ocrx_word' id='word_1_64' title='bbox 543 662 688 696; x_wconf 90' lang='lat' dir='ltr'><strong>domino</strong></span> <span class='ocrx_word' id='word_1_65' title='bbox 707 661 803 696; x_wconf 86' lang='lat' dir='ltr'><strong>feudi</strong></span> <span class='ocrx_word' id='word_1_66' title='bbox 820 661 1024 696; x_wconf 84' lang='lat' dir='ltr'><strong>fidelitatem</strong></span> <span class='ocrx_word' id='word_1_67' title='bbox 1041 661 1154 696; x_wconf 83' lang='lat' dir='ltr'><strong>faciat.</strong></span> <span class='ocrx_word' id='word_1_68' title='bbox 1209 661 1288 696; x_wconf 88' lang='lat' dir='ltr'><strong>Hiis</strong></span> <span class='ocrx_word' id='word_1_69' title='bbox 1302 662 1452 703; x_wconf 87' lang='lat' dir='ltr'><strong>testibus,</strong></span> <span class='ocrx_word' id='word_1_70' title='bbox 1474 661 1654 696; x_wconf 89' lang='lat' dir='ltr'><strong>Herberto</strong></span> 
     </span>
     <span class='ocr_line' id='line_1_8' title="bbox 178 716 1656 766; baseline -0.003 -11"><span class='ocrx_word' id='word_1_71' title='bbox 178 721 311 755; x_wconf 86' lang='lat' dir='ltr'><strong>decano</strong></span> <span class='ocrx_word' id='word_1_72' title='bbox 331 719 374 754; x_wconf 92' lang='lat' dir='ltr'><strong>de</strong></span> <span class='ocrx_word' id='word_1_73' title='bbox 405 717 552 766; x_wconf 82' lang='lat' dir='ltr'><strong>Glasgu,</strong></span> <span class='ocrx_word' id='word_1_74' title='bbox 580 717 741 764; x_wconf 80' lang='lat' dir='ltr'><strong>magistro</strong></span> <span class='ocrx_word' id='word_1_75' title='bbox 762 717 921 752; x_wconf 87' lang='lat' dir='ltr'><strong>Roberto</strong></span> <span class='ocrx_word' id='word_1_76' title='bbox 949 717 991 751; x_wconf 87' lang='lat' dir='ltr'><strong>de</strong></span> <span class='ocrx_word' id='word_1_77' title='bbox 1023 717 1168 760; x_wconf 89' lang='lat' dir='ltr'><strong>Hedun‚</strong></span> <span class='ocrx_word' id='word_1_78' title='bbox 1198 718 1298 753; x_wconf 79' lang='lat' dir='ltr'><strong>Luca</strong></span> <span class='ocrx_word' id='word_1_79' title='bbox 1328 718 1519 765; x_wconf 83' lang='lat' dir='ltr'><strong>capellano,</strong></span> <span class='ocrx_word' id='word_1_80' title='bbox 1550 716 1656 751; x_wconf 89' lang='lat' dir='ltr'><strong>Petro</strong></span> 
     </span>
     <span class='ocr_line' id='line_1_9' title="bbox 180 773 1657 825; baseline -0.003 -13"><span class='ocrx_word' id='word_1_81' title='bbox 180 777 360 825; x_wconf 87' lang='lat' dir='ltr'><strong>capellano</strong></span> <span class='ocrx_word' id='word_1_82' title='bbox 379 776 423 811; x_wconf 92' lang='lat' dir='ltr'><strong>de</strong></span> <span class='ocrx_word' id='word_1_83' title='bbox 442 775 679 816; x_wconf 88' lang='lat' dir='ltr'><strong>Cormannoc,</strong></span> <span class='ocrx_word' id='word_1_84' title='bbox 709 774 876 816; x_wconf 86' lang='lat' dir='ltr'><strong>Radulfo‚</strong></span> <span class='ocrx_word' id='word_1_85' title='bbox 906 774 1069 815; x_wconf 87' lang='lat' dir='ltr'><strong>Patricio,</strong></span> <span class='ocrx_word' id='word_1_86' title='bbox 1097 774 1294 822; x_wconf 91' lang='lat' dir='ltr'><strong>capellanis,</strong></span> <span class='ocrx_word' id='word_1_87' title='bbox 1324 774 1489 808; x_wconf 88' lang='lat' dir='ltr'><strong>Wilelmo</strong></span> <span class='ocrx_word' id='word_1_88' title='bbox 1508 773 1581 807; x_wconf 94' lang='lat' dir='ltr'><strong>filio</strong></span> <span class='ocrx_word' id='word_1_89' title='bbox 1600 773 1657 807; x_wconf 90' lang='lat' dir='ltr'><strong>de-</strong></span> 
     </span>
     <span class='ocr_line' id='line_1_10' title="bbox 180 828 1658 878; baseline -0.003 -11"><span class='ocrx_word' id='word_1_90' title='bbox 180 834 268 874; x_wconf 91' lang='lat' dir='ltr'><strong>cani,</strong></span> <span class='ocrx_word' id='word_1_91' title='bbox 297 832 380 866; x_wconf 83' lang='lat' dir='ltr'><strong>Ada</strong></span> <span class='ocrx_word' id='word_1_92' title='bbox 397 832 440 866; x_wconf 93' lang='lat' dir='ltr'><strong>de</strong></span> <span class='ocrx_word' id='word_1_93' title='bbox 459 831 617 871; x_wconf 85' lang='lat' dir='ltr'><strong>Wedale,</strong></span> <span class='ocrx_word' id='word_1_94' title='bbox 647 836 682 865; x_wconf 88' lang='lat' dir='ltr'><strong>et</strong></span> <span class='ocrx_word' id='word_1_95' title='bbox 700 830 840 865; x_wconf 87' lang='lat' dir='ltr'><strong>Thoma</strong></span> <span class='ocrx_word' id='word_1_96' title='bbox 856 830 964 865; x_wconf 84' lang='lat' dir='ltr'><strong>fratre</strong></span> <span class='ocrx_word' id='word_1_97' title='bbox 981 830 1066 877; x_wconf 84' lang='lat' dir='ltr'><strong>ejus,</strong></span> <span class='ocrx_word' id='word_1_98' title='bbox 1095 830 1271 878; x_wconf 86' lang='lat' dir='ltr'><strong>Stephano</strong></span> <span class='ocrx_word' id='word_1_99' title='bbox 1303 831 1410 866; x_wconf 86' lang='lat' dir='ltr'><strong>fratre</strong></span> <span class='ocrx_word' id='word_1_100' title='bbox 1438 830 1578 864; x_wconf 88' lang='lat' dir='ltr'><strong>domine</strong></span> <span class='ocrx_word' id='word_1_101' title='bbox 1596 828 1658 866; x_wconf 83' lang='lat' dir='ltr'><strong>Jo-</strong></span> 
     </span>
     <span class='ocr_line' id='line_1_11' title="bbox 181 886 1026 935; baseline -0.005 -11"><span class='ocrx_word' id='word_1_102' title='bbox 181 890 308 930; x_wconf 85' lang='lat' dir='ltr'><strong>hanne,</strong></span> <span class='ocrx_word' id='word_1_103' title='bbox 338 887 496 935; x_wconf 84' lang='lat' dir='ltr'><strong>Rogerio</strong></span> <span class='ocrx_word' id='word_1_104' title='bbox 515 887 558 922; x_wconf 89' lang='lat' dir='ltr'><strong>de</strong></span> <span class='ocrx_word' id='word_1_105' title='bbox 577 887 723 928; x_wconf 85' lang='lat' dir='ltr'><strong>Barton,</strong></span> <span class='ocrx_word' id='word_1_106' title='bbox 751 892 786 922; x_wconf 88' lang='lat' dir='ltr'><strong>et</strong></span> <span class='ocrx_word' id='word_1_107' title='bbox 804 886 923 921; x_wconf 90' lang='lat' dir='ltr'><strong>multis</strong></span> <span class='ocrx_word' id='word_1_108' title='bbox 941 886 1026 920; x_wconf 89' lang='lat' dir='ltr'><strong>aliis.</strong></span> 
     </span>
    </p>
   </div>
   <div class='ocr_carea' id='block_1_3' title="bbox 185 1054 1596 1103">
    <p class='ocr_par' dir='ltr' id='par_1_3' title="bbox 185 1054 1596 1103">
     <span class='ocr_line' id='line_1_12' title="bbox 185 1054 1596 1103; baseline -0.002 -11"><span class='ocrx_word' id='word_1_109' title='bbox 185 1056 417 1092; x_wconf 89' lang='lat' dir='ltr'><strong>Confirmatio</strong></span> <span class='ocrx_word' id='word_1_110' title='bbox 436 1054 479 1089; x_wconf 94' lang='lat' dir='ltr'><strong>de</strong></span> <span class='ocrx_word' id='word_1_111' title='bbox 498 1054 646 1090; x_wconf 87' lang='lat' dir='ltr'><strong>Catkert</strong></span> <span class='ocrx_word' id='word_1_112' title='bbox 663 1059 698 1089; x_wconf 91' lang='lat' dir='ltr'><strong>et</strong></span> <span class='ocrx_word' id='word_1_113' title='bbox 717 1054 941 1090; x_wconf 86' lang='lat' dir='ltr'><strong>Cormannoc</strong></span> <span class='ocrx_word' id='word_1_114' title='bbox 958 1068 1021 1103; x_wconf 90' lang='lat' dir='ltr'><strong>per</strong></span> <span class='ocrx_word' id='word_1_115' title='bbox 1040 1055 1242 1090; x_wconf 57' lang='lat' dir='ltr'><strong>WVilelmum</strong></span> <span class='ocrx_word' id='word_1_116' title='bbox 1260 1068 1380 1103; x_wconf 85' lang='lat' dir='ltr'><strong>regem</strong></span> <span class='ocrx_word' id='word_1_117' title='bbox 1399 1056 1596 1091; x_wconf 89' lang='lat' dir='ltr'><strong>Scotorum.</strong></span> 
     </span>
    </p>
   </div>
   <div class='ocr_carea' id='block_1_4' title="bbox 185 1167 1666 1835">
    <p class='ocr_par' dir='ltr' id='par_1_4' title="bbox 185 1167 1666 1835">
     <span class='ocr_line' id='line_1_13' title="bbox 187 1167 1657 1216; baseline -0.001 -11"><span class='ocrx_word' id='word_1_118' title='bbox 187 1168 467 1205; x_wconf 87' lang='lat' dir='ltr'>WILELMUS</span> <span class='ocrx_word' id='word_1_119' title='bbox 494 1168 566 1203; x_wconf 83' lang='lat' dir='ltr'><strong>Dei</strong></span> <span class='ocrx_word' id='word_1_120' title='bbox 591 1168 705 1215; x_wconf 86' lang='lat' dir='ltr'><strong>gratia</strong></span> <span class='ocrx_word' id='word_1_121' title='bbox 728 1180 792 1203; x_wconf 86' lang='lat' dir='ltr'><strong>rex</strong></span> <span class='ocrx_word' id='word_1_122' title='bbox 820 1167 1006 1202; x_wconf 82' lang='lat' dir='ltr'>Scotorum</span> <span class='ocrx_word' id='word_1_123' title='bbox 1035 1167 1212 1216; x_wconf 80' lang='lat' dir='ltr'><strong>episcopiS,</strong></span> <span class='ocrx_word' id='word_1_124' title='bbox 1239 1169 1430 1211; x_wconf 82' lang='lat' dir='ltr'><strong>abbatibus,</strong></span> <span class='ocrx_word' id='word_1_125' title='bbox 1462 1169 1657 1211; x_wconf 82' lang='lat' dir='ltr'><strong>comitibus,</strong></span> 
     </span>
     <span class='ocr_line' id='line_1_14' title="bbox 187 1223 1663 1273; baseline -0.001 -12"><span class='ocrx_word' id='word_1_126' title='bbox 187 1226 387 1267; x_wconf 84' lang='lat' dir='ltr'><strong>baronibus,</strong></span> <span class='ocrx_word' id='word_1_127' title='bbox 401 1224 608 1273; x_wconf 79' lang='lat' dir='ltr'><strong>justiciariiS,</strong></span> <span class='ocrx_word' id='word_1_128' title='bbox 637 1224 910 1265; x_wconf 83' lang='lat' dir='ltr'><strong>vicecomitibus,</strong></span> <span class='ocrx_word' id='word_1_129' title='bbox 937 1223 1129 1272; x_wconf 87' lang='lat' dir='ltr'><strong>prepofitis,</strong></span> <span class='ocrx_word' id='word_1_130' title='bbox 1149 1224 1320 1266; x_wconf 86' lang='lat' dir='ltr'><strong>ministris,</strong></span> <span class='ocrx_word' id='word_1_131' title='bbox 1351 1231 1385 1260; x_wconf 92' lang='lat' dir='ltr'><strong>et</strong></span> <span class='ocrx_word' id='word_1_132' title='bbox 1404 1226 1564 1260; x_wconf 88' lang='lat' dir='ltr'><strong>omnibus</strong></span> <span class='ocrx_word' id='word_1_133' title='bbox 1583 1238 1663 1273; x_wconf 85' lang='lat' dir='ltr'><strong>pro·</strong></span> 
     </span>
     <span class='ocr_line' id='line_1_15' title="bbox 185 1280 1663 1330; baseline 0 -12"><span class='ocrx_word' id='word_1_134' title='bbox 185 1284 236 1318; x_wconf 89' lang='lat' dir='ltr'><strong>bis</strong></span> <span class='ocrx_word' id='word_1_135' title='bbox 254 1282 453 1317; x_wconf 91' lang='lat' dir='ltr'><strong>hominibus</strong></span> <span class='ocrx_word' id='word_1_136' title='bbox 470 1282 579 1316; x_wconf 89' lang='lat' dir='ltr'><strong>totius</strong></span> <span class='ocrx_word' id='word_1_137' title='bbox 596 1287 690 1316; x_wconf 84' lang='lat' dir='ltr'><strong>terre</strong></span> <span class='ocrx_word' id='word_1_138' title='bbox 708 1280 767 1316; x_wconf 90' lang='lat' dir='ltr'><strong>sue</strong></span> <span class='ocrx_word' id='word_1_139' title='bbox 785 1281 920 1315; x_wconf 86' lang='lat' dir='ltr'><strong>clericis</strong></span> <span class='ocrx_word' id='word_1_140' title='bbox 947 1286 981 1315; x_wconf 91' lang='lat' dir='ltr'><strong>et</strong></span> <span class='ocrx_word' id='word_1_141' title='bbox 1009 1281 1103 1316; x_wconf 86' lang='lat' dir='ltr'><strong>laicis</strong></span> <span class='ocrx_word' id='word_1_142' title='bbox 1134 1280 1291 1316; x_wconf 86' lang='lat' dir='ltr'><strong>salutem.</strong></span> <span class='ocrx_word' id='word_1_143' title='bbox 1344 1281 1462 1317; x_wconf 83' lang='lat' dir='ltr'><strong>Sciant</strong></span> <span class='ocrx_word' id='word_1_144' title='bbox 1487 1282 1663 1330; x_wconf 77' lang='lat' dir='ltr'><strong>presentes</strong></span> 
     </span>
     <span class='ocr_line' id='line_1_16' title="bbox 187 1335 1663 1374; baseline 0 0"><span class='ocrx_word' id='word_1_145' title='bbox 187 1346 222 1374; x_wconf 92' lang='lat' dir='ltr'><strong>et</strong></span> <span class='ocrx_word' id='word_1_146' title='bbox 239 1338 349 1373; x_wconf 89' lang='lat' dir='ltr'><strong>futuri</strong></span> <span class='ocrx_word' id='word_1_147' title='bbox 366 1350 422 1372; x_wconf 88' lang='lat' dir='ltr'><strong>me</strong></span> <span class='ocrx_word' id='word_1_148' title='bbox 441 1335 634 1372; x_wconf 80' lang='lat' dir='ltr'><strong>conceffifl&#39;e</strong></span> <span class='ocrx_word' id='word_1_149' title='bbox 653 1343 688 1372; x_wconf 89' lang='lat' dir='ltr'><strong>et</strong></span> <span class='ocrx_word' id='word_1_150' title='bbox 705 1337 770 1371; x_wconf 86' lang='lat' dir='ltr'><strong>hac</strong></span> <span class='ocrx_word' id='word_1_151' title='bbox 788 1342 883 1371; x_wconf 83' lang='lat' dir='ltr'><strong>carta</strong></span> <span class='ocrx_word' id='word_1_152' title='bbox 900 1349 979 1372; x_wconf 86' lang='lat' dir='ltr'><strong>mea</strong></span> <span class='ocrx_word' id='word_1_153' title='bbox 997 1336 1213 1372; x_wconf 83' lang='lat' dir='ltr'><strong>confirmaffe</strong></span> <span class='ocrx_word' id='word_1_154' title='bbox 1232 1337 1314 1373; x_wconf 91' lang='lat' dir='ltr'><strong>Deo</strong></span> <span class='ocrx_word' id='word_1_155' title='bbox 1333 1343 1367 1373; x_wconf 91' lang='lat' dir='ltr'><strong>et</strong></span> <span class='ocrx_word' id='word_1_156' title='bbox 1385 1338 1523 1374; x_wconf 79' lang='lat' dir='ltr'><strong>ecclesie</strong></span> <span class='ocrx_word' id='word_1_157' title='bbox 1542 1338 1663 1374; x_wconf 61' lang='lat' dir='ltr'><strong>saneti</strong></span> 
     </span>
     <span class='ocr_line' id='line_1_17' title="bbox 189 1391 1664 1436; baseline 0.001 -7"><span class='ocrx_word' id='word_1_158' title='bbox 189 1394 315 1430; x_wconf 82' lang='lat' dir='ltr'><strong>Mirini</strong></span> <span class='ocrx_word' id='word_1_159' title='bbox 333 1394 376 1428; x_wconf 91' lang='lat' dir='ltr'><strong>de</strong></span> <span class='ocrx_word' id='word_1_160' title='bbox 396 1391 544 1428; x_wconf 83' lang='lat' dir='ltr'><strong>Paffelet</strong></span> <span class='ocrx_word' id='word_1_161' title='bbox 562 1398 596 1427; x_wconf 88' lang='lat' dir='ltr'><strong>et</strong></span> <span class='ocrx_word' id='word_1_162' title='bbox 614 1393 793 1428; x_wconf 89' lang='lat' dir='ltr'><strong>monachis</strong></span> <span class='ocrx_word' id='word_1_163' title='bbox 810 1392 940 1428; x_wconf 88' lang='lat' dir='ltr'><strong>ibidem</strong></span> <span class='ocrx_word' id='word_1_164' title='bbox 967 1393 1049 1428; x_wconf 92' lang='lat' dir='ltr'><strong>Deo</strong></span> <span class='ocrx_word' id='word_1_165' title='bbox 1067 1392 1307 1436; x_wconf 83' lang='lat' dir='ltr'><strong>servientibus,</strong></span> <span class='ocrx_word' id='word_1_166' title='bbox 1327 1393 1501 1429; x_wconf 88' lang='lat' dir='ltr'><strong>ecclefiam</strong></span> <span class='ocrx_word' id='word_1_167' title='bbox 1520 1395 1563 1430; x_wconf 88' lang='lat' dir='ltr'><strong>de</strong></span> <span class='ocrx_word' id='word_1_168' title='bbox 1583 1395 1664 1430; x_wconf 89' lang='lat' dir='ltr'><strong>Cat-</strong></span> 
     </span>
     <span class='ocr_line' id='line_1_18' title="bbox 188 1448 1665 1491; baseline -0.001 -5"><span class='ocrx_word' id='word_1_169' title='bbox 188 1452 279 1491; x_wconf 86' lang='lat' dir='ltr'><strong>kert,</strong></span> <span class='ocrx_word' id='word_1_170' title='bbox 296 1455 330 1484; x_wconf 91' lang='lat' dir='ltr'><strong>et</strong></span> <span class='ocrx_word' id='word_1_171' title='bbox 348 1448 523 1484; x_wconf 83' lang='lat' dir='ltr'><strong>ecclefiam</strong></span> <span class='ocrx_word' id='word_1_172' title='bbox 543 1449 586 1483; x_wconf 88' lang='lat' dir='ltr'><strong>de</strong></span> <span class='ocrx_word' id='word_1_173' title='bbox 605 1449 841 1490; x_wconf 88' lang='lat' dir='ltr'><strong>Cormannoc‚</strong></span> <span class='ocrx_word' id='word_1_174' title='bbox 862 1461 942 1484; x_wconf 89' lang='lat' dir='ltr'><strong>cum</strong></span> <span class='ocrx_word' id='word_1_175' title='bbox 960 1450 1062 1484; x_wconf 86' lang='lat' dir='ltr'><strong>terris</strong></span> <span class='ocrx_word' id='word_1_176' title='bbox 1078 1455 1113 1484; x_wconf 88' lang='lat' dir='ltr'><strong>et</strong></span> <span class='ocrx_word' id='word_1_177' title='bbox 1131 1450 1273 1485; x_wconf 86' lang='lat' dir='ltr'><strong>decimis</strong></span> <span class='ocrx_word' id='word_1_178' title='bbox 1291 1456 1325 1485; x_wconf 89' lang='lat' dir='ltr'><strong>et</strong></span> <span class='ocrx_word' id='word_1_179' title='bbox 1344 1451 1553 1486; x_wconf 87' lang='lat' dir='ltr'><strong>omnimodis</strong></span> <span class='ocrx_word' id='word_1_180' title='bbox 1571 1451 1665 1485; x_wconf 85' lang='lat' dir='ltr'><strong>obla-</strong></span> 
     </span>
     <span class='ocr_line' id='line_1_19' title="bbox 188 1505 1661 1554; baseline -0.001 -12"><span class='ocrx_word' id='word_1_181' title='bbox 188 1507 354 1546; x_wconf 86' lang='lat' dir='ltr'><strong>tionibus,</strong></span> <span class='ocrx_word' id='word_1_182' title='bbox 383 1511 417 1540; x_wconf 89' lang='lat' dir='ltr'><strong>et</strong></span> <span class='ocrx_word' id='word_1_183' title='bbox 435 1518 515 1540; x_wconf 90' lang='lat' dir='ltr'><strong>cum</strong></span> <span class='ocrx_word' id='word_1_184' title='bbox 533 1505 694 1540; x_wconf 86' lang='lat' dir='ltr'><strong>omnibus</strong></span> <span class='ocrx_word' id='word_1_185' title='bbox 712 1506 787 1540; x_wconf 90' lang='lat' dir='ltr'><strong>aliis</strong></span> <span class='ocrx_word' id='word_1_186' title='bbox 811 1506 857 1540; x_wconf 88' lang='lat' dir='ltr'><strong>ad</strong></span> <span class='ocrx_word' id='word_1_187' title='bbox 884 1506 1060 1553; x_wconf 67' lang='lat' dir='ltr'><strong>predictas</strong></span> <span class='ocrx_word' id='word_1_188' title='bbox 1088 1505 1243 1541; x_wconf 89' lang='lat' dir='ltr'><strong>ecclefias</strong></span> <span class='ocrx_word' id='word_1_189' title='bbox 1264 1505 1354 1554; x_wconf 87' lang='lat' dir='ltr'><strong>juste</strong></span> <span class='ocrx_word' id='word_1_190' title='bbox 1383 1506 1638 1554; x_wconf 88' lang='lat' dir='ltr'><strong>pertinentibus</strong></span> <span class='ocrx_word' id='word_1_191' title='bbox 1652 1519 1661 1540; x_wconf 74' lang='grc' dir='ltr'>ι</span> 
     </span>
     <span class='ocr_line' id='line_1_20' title="bbox 191 1560 1664 1609; baseline -0.001 -11"><span class='ocrx_word' id='word_1_192' title='bbox 191 1563 381 1598; x_wconf 87' lang='lat' dir='ltr'><strong>Tenendas</strong></span> <span class='ocrx_word' id='word_1_193' title='bbox 398 1564 434 1597; x_wconf 92' lang='lat' dir='ltr'><strong>in</strong></span> <span class='ocrx_word' id='word_1_194' title='bbox 452 1562 596 1596; x_wconf 83' lang='lat' dir='ltr'><strong>liberam</strong></span> <span class='ocrx_word' id='word_1_195' title='bbox 615 1568 650 1597; x_wconf 92' lang='lat' dir='ltr'><strong>et</strong></span> <span class='ocrx_word' id='word_1_196' title='bbox 666 1567 872 1609; x_wconf 87' lang='lat' dir='ltr'><strong>perpetuam</strong></span> <span class='ocrx_word' id='word_1_197' title='bbox 891 1560 1120 1603; x_wconf 77' lang='lat' dir='ltr'><strong>elemosinam,</strong></span> <span class='ocrx_word' id='word_1_198' title='bbox 1137 1562 1185 1596; x_wconf 87' lang='lat' dir='ltr'><strong>ita</strong></span> <span class='ocrx_word' id='word_1_199' title='bbox 1196 1562 1304 1597; x_wconf 92' lang='lat' dir='ltr'><strong>libere</strong></span> <span class='ocrx_word' id='word_1_200' title='bbox 1319 1568 1354 1597; x_wconf 86' lang='lat' dir='ltr'><strong>et</strong></span> <span class='ocrx_word' id='word_1_201' title='bbox 1366 1563 1493 1609; x_wconf 87' lang='lat' dir='ltr'><strong>quiete,</strong></span> <span class='ocrx_word' id='word_1_202' title='bbox 1509 1562 1664 1609; x_wconf 86' lang='lat' dir='ltr'><strong>plenarie</strong></span> 
     </span>
     <span class='ocr_line' id='line_1_21' title="bbox 193 1616 1666 1666; baseline -0.001 -12"><span class='ocrx_word' id='word_1_203' title='bbox 193 1625 228 1654; x_wconf 85' lang='lat' dir='ltr'><strong>et</strong></span> <span class='ocrx_word' id='word_1_204' title='bbox 244 1620 448 1659; x_wconf 87' lang='lat' dir='ltr'><strong>honorifice,</strong></span> <span class='ocrx_word' id='word_1_205' title='bbox 464 1617 548 1652; x_wconf 90' lang='lat' dir='ltr'><strong>ficut</strong></span> <span class='ocrx_word' id='word_1_206' title='bbox 561 1617 644 1651; x_wconf 86' lang='lat' dir='ltr'><strong>alias</strong></span> <span class='ocrx_word' id='word_1_207' title='bbox 658 1616 858 1652; x_wconf 85' lang='lat' dir='ltr'><strong>elemosmas</strong></span> <span class='ocrx_word' id='word_1_208' title='bbox 871 1617 946 1652; x_wconf 88' lang='lat' dir='ltr'><strong>suas</strong></span> <span class='ocrx_word' id='word_1_209' title='bbox 957 1617 1110 1658; x_wconf 85' lang='lat' dir='ltr'><strong>liberius,</strong></span> <span class='ocrx_word' id='word_1_210' title='bbox 1126 1618 1286 1664; x_wconf 87' lang='lat' dir='ltr'><strong>quietius,</strong></span> <span class='ocrx_word' id='word_1_211' title='bbox 1300 1618 1438 1666; x_wconf 86' lang='lat' dir='ltr'><strong>plenius</strong></span> <span class='ocrx_word' id='word_1_212' title='bbox 1452 1624 1487 1653; x_wconf 89' lang='lat' dir='ltr'><strong>et</strong></span> <span class='ocrx_word' id='word_1_213' title='bbox 1500 1618 1666 1653; x_wconf 89' lang='lat' dir='ltr'><strong>honorifi-</strong></span> 
     </span>
     <span class='ocr_line' id='line_1_22' title="bbox 193 1673 1664 1715; baseline -0.002 -4"><span class='ocrx_word' id='word_1_214' title='bbox 193 1676 329 1711; x_wconf 85' lang='lat' dir='ltr'><strong>centius</strong></span> <span class='ocrx_word' id='word_1_215' title='bbox 341 1680 474 1710; x_wconf 89' lang='lat' dir='ltr'><strong>tenent.</strong></span> <span class='ocrx_word' id='word_1_216' title='bbox 495 1673 664 1713; x_wconf 80' lang='lat' dir='ltr'><strong>TestibuS‚</strong></span> <span class='ocrx_word' id='word_1_217' title='bbox 673 1673 1000 1714; x_wconf 86' lang='lat' dir='ltr'><strong>Davidfratremeo,</strong></span> <span class='ocrx_word' id='word_1_218' title='bbox 1011 1673 1163 1708; x_wconf 88' lang='lat' dir='ltr'><strong>Ricardo</strong></span> <span class='ocrx_word' id='word_1_219' title='bbox 1176 1674 1218 1708; x_wconf 92' lang='lat' dir='ltr'><strong>de</strong></span> <span class='ocrx_word' id='word_1_220' title='bbox 1226 1673 1664 1715; x_wconf 83' lang='lat' dir='ltr'><strong>Morevillconstabulario,</strong></span> 
     </span>
     <span class='ocr_line' id='line_1_23' title="bbox 195 1729 1664 1777; baseline -0.003 -9"><span class='ocrx_word' id='word_1_221' title='bbox 195 1732 355 1767; x_wconf 88' lang='lat' dir='ltr'><strong>Roberto</strong></span> <span class='ocrx_word' id='word_1_222' title='bbox 362 1732 404 1766; x_wconf 90' lang='lat' dir='ltr'><strong>de</strong></span> <span class='ocrx_word' id='word_1_223' title='bbox 413 1731 554 1772; x_wconf 84' lang='lat' dir='ltr'><strong>Quinci,</strong></span> <span class='ocrx_word' id='word_1_224' title='bbox 564 1729 682 1764; x_wconf 88' lang='lat' dir='ltr'><strong>Alano</strong></span> <span class='ocrx_word' id='word_1_225' title='bbox 689 1730 844 1777; x_wconf 82' lang='lat' dir='ltr'><strong>dapifero</strong></span> <span class='ocrx_word' id='word_1_226' title='bbox 852 1729 1104 1770; x_wconf 87' lang='lat' dir='ltr'><strong>meo‚Waltero</strong></span> <span class='ocrx_word' id='word_1_227' title='bbox 1112 1729 1286 1776; x_wconf 85' lang='lat' dir='ltr'><strong>Oliphart‚</strong></span> <span class='ocrx_word' id='word_1_228' title='bbox 1297 1729 1457 1777; x_wconf 91' lang='lat' dir='ltr'><strong>Philippo</strong></span> <span class='ocrx_word' id='word_1_229' title='bbox 1465 1730 1664 1770; x_wconf 87' lang='lat' dir='ltr'><strong>deVallon’,</strong></span> 
     </span>
     <span class='ocr_line' id='line_1_24' title="bbox 195 1784 1665 1835; baseline -0.002 -12"><span class='ocrx_word' id='word_1_230' title='bbox 195 1786 562 1835; x_wconf 83' lang='lat' dir='ltr'><strong>RogeriodeVallon’,</strong></span> <span class='ocrx_word' id='word_1_231' title='bbox 580 1785 739 1820; x_wconf 88' lang='lat' dir='ltr'><strong>Roberto</strong></span> <span class='ocrx_word' id='word_1_232' title='bbox 747 1785 789 1820; x_wconf 91' lang='lat' dir='ltr'><strong>de</strong></span> <span class='ocrx_word' id='word_1_233' title='bbox 797 1785 914 1827; x_wconf 86' lang='lat' dir='ltr'><strong>Berk’,</strong></span> <span class='ocrx_word' id='word_1_234' title='bbox 926 1785 1107 1820; x_wconf 86' lang='lat' dir='ltr'><strong>Bernardo</strong></span> <span class='ocrx_word' id='word_1_235' title='bbox 1114 1785 1185 1820; x_wconf 89' lang='lat' dir='ltr'><strong>filio</strong></span> <span class='ocrx_word' id='word_1_236' title='bbox 1198 1784 1327 1826; x_wconf 89' lang='lat' dir='ltr'><strong>Brien’,</strong></span> <span class='ocrx_word' id='word_1_237' title='bbox 1335 1786 1428 1833; x_wconf 86' lang='lat' dir='ltr'><strong>apud</strong></span> <span class='ocrx_word' id='word_1_238' title='bbox 1435 1785 1665 1833; x_wconf 86' lang='lat' dir='ltr'><strong>Trauequair.</strong></span> 
     </span>
    </p>
   </div>
   <div class='ocr_carea' id='block_1_5' title="bbox 197 1954 1666 2003">
    <p class='ocr_par' dir='ltr' id='par_1_5' title="bbox 197 1954 1666 2003">
     <span class='ocr_line' id='line_1_25' title="bbox 197 1954 1666 2003; baseline -0.002 -10"><span class='ocrx_word' id='word_1_239' title='bbox 197 1958 355 1994; x_wconf 88' lang='lat' dir='ltr'><strong>Donatio</strong></span> <span class='ocrx_word' id='word_1_240' title='bbox 373 1962 408 1993; x_wconf 90' lang='lat' dir='ltr'><strong>et</strong></span> <span class='ocrx_word' id='word_1_241' title='bbox 426 1954 594 1992; x_wconf 88' lang='lat' dir='ltr'><strong>conceflio</strong></span> <span class='ocrx_word' id='word_1_242' title='bbox 613 1954 751 1990; x_wconf 83' lang='lat' dir='ltr'><strong>ecclesie</strong></span> <span class='ocrx_word' id='word_1_243' title='bbox 769 1956 812 1991; x_wconf 85' lang='lat' dir='ltr'><strong>de</strong></span> <span class='ocrx_word' id='word_1_244' title='bbox 833 1955 1016 2003; x_wconf 86' lang='lat' dir='ltr'><strong>Ruthglen</strong></span> <span class='ocrx_word' id='word_1_245' title='bbox 1033 1967 1095 2003; x_wconf 88' lang='lat' dir='ltr'><strong>per</strong></span> <span class='ocrx_word' id='word_1_246' title='bbox 1114 1955 1317 1990; x_wconf 87' lang='lat' dir='ltr'><strong>Wilelmum</strong></span> <span class='ocrx_word' id='word_1_247' title='bbox 1336 1968 1455 2002; x_wconf 87' lang='lat' dir='ltr'><strong>regem</strong></span> <span class='ocrx_word' id='word_1_248' title='bbox 1470 1955 1666 1991; x_wconf 87' lang='lat' dir='ltr'><strong>Scotorum.</strong></span> 
     </span>
    </p>
   </div>
   <div class='ocr_carea' id='block_1_6' title="bbox 197 2066 1672 2398">
    <p class='ocr_par' dir='ltr' id='par_1_6' title="bbox 197 2066 1672 2398">
     <span class='ocr_line' id='line_1_26' title="bbox 198 2066 1667 2116; baseline -0.002 -12"><span class='ocrx_word' id='word_1_249' title='bbox 198 2068 479 2105; x_wconf 86' lang='lat' dir='ltr'>WILELMUS</span> <span class='ocrx_word' id='word_1_250' title='bbox 506 2068 577 2103; x_wconf 86' lang='lat' dir='ltr'><strong>Dei</strong></span> <span class='ocrx_word' id='word_1_251' title='bbox 594 2068 706 2115; x_wconf 87' lang='lat' dir='ltr'><strong>gratia</strong></span> <span class='ocrx_word' id='word_1_252' title='bbox 735 2079 798 2102; x_wconf 86' lang='lat' dir='ltr'><strong>rex</strong></span> <span class='ocrx_word' id='word_1_253' title='bbox 827 2068 1023 2110; x_wconf 88' lang='lat' dir='ltr'><strong>Scotorum,</strong></span> <span class='ocrx_word' id='word_1_254' title='bbox 1052 2068 1228 2116; x_wconf 88' lang='lat' dir='ltr'><strong>episcopis,</strong></span> <span class='ocrx_word' id='word_1_255' title='bbox 1255 2067 1445 2109; x_wconf 85' lang='lat' dir='ltr'><strong>abbatibus,</strong></span> <span class='ocrx_word' id='word_1_256' title='bbox 1473 2066 1667 2108; x_wconf 80' lang='lat' dir='ltr'><strong>comitibus,</strong></span> 
     </span>
     <span class='ocr_line' id='line_1_27' title="bbox 197 2121 1670 2173; baseline -0.003 -12"><span class='ocrx_word' id='word_1_257' title='bbox 197 2126 396 2167; x_wconf 85' lang='lat' dir='ltr'><strong>baronibus,</strong></span> <span class='ocrx_word' id='word_1_258' title='bbox 413 2125 620 2173; x_wconf 86' lang='lat' dir='ltr'><strong>justiciariis,</strong></span> <span class='ocrx_word' id='word_1_259' title='bbox 641 2124 913 2166; x_wconf 88' lang='lat' dir='ltr'><strong>vicecomitibus,</strong></span> <span class='ocrx_word' id='word_1_260' title='bbox 933 2123 1122 2172; x_wconf 89' lang='lat' dir='ltr'><strong>prepofitis,</strong></span> <span class='ocrx_word' id='word_1_261' title='bbox 1142 2122 1302 2158; x_wconf 88' lang='lat' dir='ltr'><strong>ministris</strong></span> <span class='ocrx_word' id='word_1_262' title='bbox 1321 2128 1355 2158; x_wconf 86' lang='lat' dir='ltr'><strong>et</strong></span> <span class='ocrx_word' id='word_1_263' title='bbox 1373 2122 1535 2157; x_wconf 90' lang='lat' dir='ltr'><strong>omnibus</strong></span> <span class='ocrx_word' id='word_1_264' title='bbox 1553 2121 1670 2169; x_wconf 89' lang='lat' dir='ltr'><strong>probis</strong></span> 
     </span>
     <span class='ocr_line' id='line_1_28' title="bbox 197 2177 1671 2226; baseline -0.004 -9"><span class='ocrx_word' id='word_1_265' title='bbox 197 2183 397 2218; x_wconf 86' lang='lat' dir='ltr'><strong>hominibus</strong></span> <span class='ocrx_word' id='word_1_266' title='bbox 415 2182 522 2217; x_wconf 87' lang='lat' dir='ltr'><strong>totius</strong></span> <span class='ocrx_word' id='word_1_267' title='bbox 539 2186 632 2216; x_wconf 90' lang='lat' dir='ltr'><strong>terre</strong></span> <span class='ocrx_word' id='word_1_268' title='bbox 650 2180 720 2222; x_wconf 91' lang='lat' dir='ltr'><strong>sue,</strong></span> <span class='ocrx_word' id='word_1_269' title='bbox 748 2180 880 2215; x_wconf 88' lang='lat' dir='ltr'><strong>clericis</strong></span> <span class='ocrx_word' id='word_1_270' title='bbox 898 2187 933 2216; x_wconf 88' lang='lat' dir='ltr'><strong>et</strong></span> <span class='ocrx_word' id='word_1_271' title='bbox 951 2181 1083 2226; x_wconf 86' lang='lat' dir='ltr'><strong>[laicis]</strong></span> <span class='ocrx_word' id='word_1_272' title='bbox 1101 2179 1256 2215; x_wconf 83' lang='lat' dir='ltr'><strong>salutem.</strong></span> <span class='ocrx_word' id='word_1_273' title='bbox 1309 2179 1427 2214; x_wconf 84' lang='lat' dir='ltr'><strong>Sciant</strong></span> <span class='ocrx_word' id='word_1_274' title='bbox 1443 2177 1618 2226; x_wconf 88' lang='lat' dir='ltr'><strong>presentes</strong></span> <span class='ocrx_word' id='word_1_275' title='bbox 1636 2183 1671 2211; x_wconf 88' lang='lat' dir='ltr'><strong>et</strong></span> 
     </span>
     <span class='ocr_line' id='line_1_29' title="bbox 199 2231 1671 2274; baseline -0.004 -1"><span class='ocrx_word' id='word_1_276' title='bbox 199 2239 309 2274; x_wconf 88' lang='lat' dir='ltr'><strong>futuri</strong></span> <span class='ocrx_word' id='word_1_277' title='bbox 327 2251 383 2273; x_wconf 91' lang='lat' dir='ltr'><strong>me</strong></span> <span class='ocrx_word' id='word_1_278' title='bbox 402 2236 529 2273; x_wconf 82' lang='lat' dir='ltr'><strong>dediffe</strong></span> <span class='ocrx_word' id='word_1_279' title='bbox 548 2243 583 2272; x_wconf 86' lang='lat' dir='ltr'><strong>et</strong></span> <span class='ocrx_word' id='word_1_280' title='bbox 601 2235 794 2272; x_wconf 73' lang='lat' dir='ltr'><strong>conceffifl&#39;e</strong></span> <span class='ocrx_word' id='word_1_281' title='bbox 813 2242 847 2271; x_wconf 88' lang='lat' dir='ltr'><strong>et</strong></span> <span class='ocrx_word' id='word_1_282' title='bbox 865 2237 929 2272; x_wconf 88' lang='lat' dir='ltr'><strong>hac</strong></span> <span class='ocrx_word' id='word_1_283' title='bbox 947 2243 1042 2272; x_wconf 85' lang='lat' dir='ltr'><strong>carta</strong></span> <span class='ocrx_word' id='word_1_284' title='bbox 1059 2250 1137 2271; x_wconf 84' lang='lat' dir='ltr'><strong>mea</strong></span> <span class='ocrx_word' id='word_1_285' title='bbox 1154 2234 1368 2271; x_wconf 77' lang='lat' dir='ltr'><strong>confirmafl&#39;e</strong></span> <span class='ocrx_word' id='word_1_286' title='bbox 1382 2234 1463 2269; x_wconf 91' lang='lat' dir='ltr'><strong>Deo</strong></span> <span class='ocrx_word' id='word_1_287' title='bbox 1482 2240 1516 2268; x_wconf 92' lang='lat' dir='ltr'><strong>et</strong></span> <span class='ocrx_word' id='word_1_288' title='bbox 1534 2231 1671 2268; x_wconf 76' lang='lat' dir='ltr'><strong>ecclesie</strong></span> 
     </span>
     <span class='ocr_line' id='line_1_30' title="bbox 202 2287 1670 2331; baseline -0.005 -1"><span class='ocrx_word' id='word_1_289' title='bbox 202 2295 323 2330; x_wconf 70' lang='lat' dir='ltr'><strong>Sanffi</strong></span> <span class='ocrx_word' id='word_1_290' title='bbox 342 2294 465 2329; x_wconf 89' lang='lat' dir='ltr'><strong>Mirini</strong></span> <span class='ocrx_word' id='word_1_291' title='bbox 484 2295 527 2329; x_wconf 90' lang='lat' dir='ltr'><strong>de</strong></span> <span class='ocrx_word' id='word_1_292' title='bbox 547 2292 694 2328; x_wconf 81' lang='lat' dir='ltr'><strong>Paffelet</strong></span> <span class='ocrx_word' id='word_1_293' title='bbox 713 2299 748 2328; x_wconf 87' lang='lat' dir='ltr'><strong>et</strong></span> <span class='ocrx_word' id='word_1_294' title='bbox 765 2294 943 2329; x_wconf 86' lang='lat' dir='ltr'><strong>monachis</strong></span> <span class='ocrx_word' id='word_1_295' title='bbox 961 2293 1090 2328; x_wconf 89' lang='lat' dir='ltr'><strong>ibidem</strong></span> <span class='ocrx_word' id='word_1_296' title='bbox 1122 2292 1203 2327; x_wconf 88' lang='lat' dir='ltr'><strong>Deo</strong></span> <span class='ocrx_word' id='word_1_297' title='bbox 1232 2291 1469 2331; x_wconf 83' lang='lat' dir='ltr'><strong>servientibus,</strong></span> <span class='ocrx_word' id='word_1_298' title='bbox 1498 2287 1670 2324; x_wconf 83' lang='lat' dir='ltr'><strong>ecclefiam</strong></span> 
     </span>
     <span class='ocr_line' id='line_1_31' title="bbox 202 2347 1672 2398; baseline -0.005 -12"><span class='ocrx_word' id='word_1_299' title='bbox 202 2352 244 2386; x_wconf 92' lang='lat' dir='ltr'><strong>de</strong></span> <span class='ocrx_word' id='word_1_300' title='bbox 265 2351 459 2398; x_wconf 85' lang='lat' dir='ltr'><strong>Ruthglen,</strong></span> <span class='ocrx_word' id='word_1_301' title='bbox 475 2363 554 2386; x_wconf 87' lang='lat' dir='ltr'><strong>cum</strong></span> <span class='ocrx_word' id='word_1_302' title='bbox 572 2350 674 2386; x_wconf 89' lang='lat' dir='ltr'><strong>terris</strong></span> <span class='ocrx_word' id='word_1_303' title='bbox 692 2355 727 2386; x_wconf 90' lang='lat' dir='ltr'><strong>et</strong></span> <span class='ocrx_word' id='word_1_304' title='bbox 745 2350 888 2386; x_wconf 88' lang='lat' dir='ltr'><strong>decimis</strong></span> <span class='ocrx_word' id='word_1_305' title='bbox 906 2355 941 2386; x_wconf 89' lang='lat' dir='ltr'><strong>et</strong></span> <span class='ocrx_word' id='word_1_306' title='bbox 960 2349 1170 2385; x_wconf 86' lang='lat' dir='ltr'><strong>omnimodis</strong></span> <span class='ocrx_word' id='word_1_307' title='bbox 1188 2347 1431 2389; x_wconf 86' lang='lat' dir='ltr'><strong>oblationibus,</strong></span> <span class='ocrx_word' id='word_1_308' title='bbox 1452 2350 1486 2382; x_wconf 89' lang='lat' dir='ltr'><strong>et</strong></span> <span class='ocrx_word' id='word_1_309' title='bbox 1503 2356 1582 2380; x_wconf 89' lang='lat' dir='ltr'><strong>cum</strong></span> <span class='ocrx_word' id='word_1_310' title='bbox 1600 2357 1672 2380; x_wconf 87' lang='lat' dir='ltr'><strong>om-</strong></span> 
     </span>
    </p>
   </div>
  </div>
 </body>
</html>
