1839 2652
167 236 213 267 10
560 232 874 268 REGISTRUM
901 232 1241 269 MONASTERII

169 332 298 367 menta,
325 326 510 373 providere
536 325 612 373 ipfis
637 326 739 374 super
765 327 832 360 hoc
861 332 1007 373 paterna
1032 326 1251 362 solicitudine
1277 326 1513 372 dignaremur.
1554 326 1652 362 Cum

170 385 279 430 igitur
307 383 466 417 instantia
495 382 610 417 nostra
635 383 837 429 quotidiana
861 382 901 417 fit
927 382 1083 417 omnium
1113 381 1331 416 ecclefiarum
1357 381 1544 417 solicitudo
1570 394 1653 416 con-

173 440 281 480 tinua,
310 439 394 472 dicti
422 438 529 483 Regis
555 443 658 483 atque
685 439 764 478 tuis,
794 438 901 473 frater
927 437 1107 485 Episcope,
1136 437 1195 483 qui
1212 437 1280 472 loci
1299 436 1500 472 diocesanus
1528 437 1651 477 existis,

173 507 311 529 necnon
329 493 478 540 ipsorum
500 493 630 528 Prioris
659 500 693 528 et
723 499 917 528 conventus
946 492 1233 540 postulationibus
1261 493 1430 534 inclinati,
1458 493 1558 528 vobis
1587 505 1651 540 per

173 549 357 596 apostolica
386 547 510 595 scripta
528 549 743 588 mandamus,
773 549 935 594 quatinus
962 547 986 582 fi
1012 549 1139 582 veritas
1164 547 1329 595 premIffis
1347 547 1563 594 suffragatur,
1593 548 1653 588 eis,

173 605 382 639 auctoritate
401 603 525 644 nostra,
547 602 615 638 fine
627 604 717 651 juris
732 605 923 651 prejudicio
941 604 1056 643 alieni,
1072 603 1271 637 facultatem
1288 604 1486 638 concedatis
1503 603 1560 637 fibi
1574 616 1653 650 pro-

172 659 315 694 videndi
327 659 369 693 de
384 665 501 693 cetero
519 672 581 705 per
599 660 800 693 canonicam
821 660 1028 694 electionem
1045 659 1087 692 de
1105 658 1251 705 persona
1268 659 1407 705 ydonea
1425 659 1460 692 in
1478 659 1648 693 abbatem.

177 714 285 755 Quod
302 713 325 748 fi
342 727 415 748 non
433 727 554 748 omnes
576 715 640 748 hiis
667 715 878 760 exequendis
895 714 1079 761 potueritis
1097 712 1267 754 interefl'e,
1288 719 1327 748 tu
1345 714 1452 748 frater
1470 713 1652 760 Episcope,

176 783 255 804 cum
275 782 396 804 eorum
415 770 537 810 altero,
569 783 608 804 ea
635 771 861 804 nihilominus
889 771 1079 816 exequaris.
1131 770 1266 804 Datum
1296 770 1419 811 Reate,
1449 770 1534 804 Idus
1551 770 1648 811 Julii,

176 825 399 872 pontificatus
417 825 522 859 nostri
540 838 633 859 anno
651 826 767 860 tertio.
822 825 939 872 Hujus
958 826 1064 871 igitur
1082 826 1291 860 auctoritate
1310 826 1475 866 mandati,
1496 839 1561 860 nos
1579 832 1653 860 tan-

177 894 279 928 quam
298 881 360 915 filii
379 881 575 916 obedientie
602 881 694 927 apud
720 881 910 916 Jedworde
939 883 1177 923 convenimus,
1209 883 1268 917 ubi
1297 883 1396 917 nobis
1414 896 1434 917 a
1451 882 1653 929 quibusdam

178 937 260 971 viris
272 937 362 983 juris
379 937 497 983 peritis
515 937 581 970 suit
599 936 807 976 consultum,
836 943 874 971 ut
896 938 1009 972 Priori
1038 943 1072 972 et
1090 939 1280 973 conventui
1308 939 1351 972 de
1370 938 1530 979 lVenloc,
1558 940 1653 973 unde

180 993 282 1040 primi
301 992 461 1026 monachi
477 992 519 1025 de
539 990 685 1026 Pafl'elet
699 992 870 1032 exierunt,
890 993 1036 1027 formam
1049 993 1151 1040 hujus
1168 994 1321 1028 mandati
1339 994 1530 1028 faceremus
1548 995 1654 1028 trans-

180 1049 280 1089 mitti,
301 1048 509 1082 aufitoritate
527 1047 710 1094 apostolica
723 1049 957 1094 precipiendo,
979 1049 1026 1083 eis
1040 1049 1244 1083 mandantes
1257 1055 1296 1083 ut
1311 1050 1365 1084 die
1381 1051 1458 1095 [et]
1469 1050 1546 1084 loco
1562 1063 1654 1084 com-

179 1104 377 1150 petentibus
405 1115 519 1137 coran]
552 1103 652 1137 nobis
682 1109 936 1150 comparerent,
967 1103 990 1137 fi
1015 1104 1099 1149 quid
1126 1117 1187 1150 per
1215 1104 1410 1151 hujusmodi
1441 1106 1653 1140 creationem

179 1160 310 1194 abbatis
323 1160 394 1206 juri
414 1158 474 1192 suo
493 1159 676 1193 crederent
691 1159 863 1205 derogari,
884 1159 1103 1207 proposituri.
1132 1160 1240 1200 Quod
1258 1162 1378 1207 utique
1396 1162 1439 1195 ad
1457 1161 1652 1196 instantiam

179 1216 316 1262 patroni
344 1215 410 1248 loci
437 1213 537 1260 ipfius
556 1214 599 1248 de
627 1212 773 1248 Pafl'elet
798 1214 863 1248 fuit
880 1216 1120 1262 adimpletum.
1163 1215 1246 1262 Ipsis
1272 1222 1389 1250 autem
1415 1217 1459 1251 ad
1487 1218 1577 1251 diem
1595 1216 1655 1251 fibi

179 1270 351 1317 prefixum
379 1282 452 1303 non
470 1269 701 1310 venientibus,
730 1270 810 1304 licet
826 1283 890 1316 per
908 1270 1039 1316 aliquot
1058 1271 1130 1305 dies
1156 1269 1417 1318 supersedimus,
1446 1272 1585 1306 Abbate
1611 1273 1655 1306 de

181 1325 318 1360 Melros
336 1325 518 1371 conjudice
536 1324 651 1358 nostro
665 1325 708 1359 ad
723 1330 836 1359 totum
850 1326 1029 1371 negotium
1048 1325 1257 1361 sufficienter
1275 1326 1447 1367 excusato,
1467 1340 1545 1361 cum
1565 1328 1652 1374 [de]

178 1381 343 1428 predictis
357 1380 520 1427 periculis
538 1386 573 1414 et
590 1380 788 1427 majoribuS,
808 1394 870 1427 per
888 1381 988 1416 testes
1006 1383 1102 1416 omni
1117 1383 1321 1429 exceptione
1335 1383 1494 1429 majoreS,
1514 1395 1654 1417 necnon

180 1442 214 1470 et
243 1437 286 1470 de
316 1436 419 1482 plena
449 1436 670 1482 exemptione
701 1437 891 1470 eorundem
912 1437 1163 1471 monachorum
1182 1450 1202 1471 a
1220 1438 1324 1471 domo
1343 1438 1386 1472 de
1405 1437 1564 1478 lVenIoc,
1592 1451 1655 1485 per

180 1492 296 1526 fidelia
313 1491 438 1537 scripta
455 1497 490 1525 et
507 1492 693 1531 autentica,
719 1491 819 1525 nobis
837 1492 1012 1526 manifeste
1031 1492 1212 1533 constaret,
1240 1493 1363 1528 ordine
1383 1493 1473 1540 juris
1490 1494 1526 1527 in
1545 1495 1655 1528 omni-

180 1550 244 1583 bus
262 1547 454 1587 observato,
475 1548 533 1587 eis,
554 1547 763 1582 auctoritate
781 1547 965 1594 apostolica
982 1561 1049 1593 qua
1066 1548 1256 1594 fungimur,
1276 1547 1344 1582 fine
1356 1548 1447 1595 juris
1461 1549 1653 1596 prejudicio

181 1604 296 1643 alieni,
328 1603 528 1637 facultatem
547 1601 772 1637 conceflimus
800 1602 859 1637 fibi
888 1603 1095 1649 providendi
1126 1603 1169 1638 de
1204 1609 1322 1638 cetero
1355 1616 1418 1650 per
1452 1605 1654 1639 canonicam

182 1659 391 1694 ele&ionem
418 1658 460 1692 de
489 1656 635 1704 persona
652 1658 790 1704 ydonea
818 1659 854 1691 in
882 1658 1052 1692 abbatem.
1103 1658 1151 1692 Et
1178 1664 1218 1693 ut
1245 1659 1308 1694 hec
1340 1658 1508 1693 concesfio
1539 1659 1655 1694 nostra

182 1717 427 1762 inperpetuum
446 1714 553 1748 robur
585 1714 740 1761 optineat
757 1714 940 1754 firmitatis,
968 1714 1035 1748 boc
1061 1712 1236 1760 scriptum,
1264 1713 1441 1760 signorum
1458 1713 1655 1749 nostrorum

183 1769 399 1817 appensione,
409 1769 660 1803 roboravimus.
681 1769 775 1803 Acta
785 1769 928 1803 fuerunt
938 1769 1002 1803 hec
1014 1769 1050 1803 in
1067 1769 1219 1816 capitulo
1233 1769 1429 1803 monasterii
1441 1769 1483 1803 de
1496 1767 1654 1810 Paffelet,

183 1826 243 1860 sub
262 1838 354 1859 anno
373 1838 392 1858 a
409 1824 589 1858 nativitate
621 1824 769 1858 Domini
786 1823 965 1858 millefimo
994 1824 1234 1859 trecentefimo
1260 1824 1519 1871 quadragesimo
1546 1824 1654 1866 sexto,

186 1882 310 1915 octava
340 1880 395 1914 die
425 1878 547 1914 mensis
576 1879 736 1925 Augusti,
764 1879 957 1915 indictione
986 1880 1119 1915 decima
1146 1886 1278 1926 quarta,
1308 1881 1530 1927 pontificatus
1562 1880 1656 1915 sanc-

185 1935 298 1971 tiffimi
324 1936 360 1969 in
389 1935 524 1969 Christo
550 1935 656 1982 patris
682 1948 720 1969 ac
744 1935 887 1975 domini,
916 1935 1048 1969 domini
1075 1935 1268 1970 Clementis
1295 1936 1412 1969 divina
1436 1936 1657 1982 providentia

185 2004 273 2039 pape
303 1990 400 2031 sexti,
432 2003 524 2025 anno
552 1991 686 2036 quinto,
715 1990 935 2024 Presentibus
966 1990 1118 2025 discretis
1145 1991 1227 2025 viris
1247 1990 1415 2036 Magistro
1433 1991 1596 2026 Johanne
1615 1991 1657 2025 de

189 2045 335 2081 Paffelet
361 2046 500 2086 clerico,
527 2046 660 2082 Jacobo
679 2046 721 2080 de
741 2045 934 2092 Raulyston
953 2047 1097 2080 domino
1116 2045 1280 2093 ejusdem,
1306 2046 1469 2082 Johanne
1488 2047 1530 2081 de
1555 2047 1658 2081 Cow-

188 2116 282 2144 eran,
311 2104 473 2138 Johanne
491 2103 586 2137 dicto
606 2101 783 2149 Moscrop,
804 2108 838 2137 et
856 2102 1029 2136 Nieholao
1048 2102 1172 2141 Ferur‚
1203 2101 1343 2136 testibus
1372 2103 1417 2136 ad
1438 2103 1503 2136 hec
1528 2102 1659 2136 vocatis

187 2158 379 2205 specialiter
397 2164 432 2192 et
449 2159 590 2204 rogatis.

191 2214 239 2248 Et
257 2227 321 2259 ego
339 2214 519 2248 Johannes
545 2214 587 2248 de
617 2213 832 2253 Kulnehath‚
865 2213 1009 2248 clericus
1040 2212 1260 2259 Glasguenfis
1290 2213 1474 2254 dioceseos,
1502 2214 1660 2261 publicus

191 2269 373 2317 apostolica
385 2275 419 2304 et
431 2269 599 2316 imperIali
618 2269 827 2304 amstoritate
841 2270 1009 2309 notarius,
1028 2268 1098 2304 visa
1111 2269 1206 2316 prius
1220 2270 1299 2316 [et]
1318 2283 1396 2305 cum
1412 2269 1660 2304 deliberatione
