1839 2652
182 232 229 267 62
576 232 891 271 REGISTRUM
920 233 1257 271 MONASTERII

189 327 245 362 die
266 327 418 375 juridica
435 329 517 364 inde
534 329 709 376 sequente,
741 331 829 365 hora
848 330 1027 365 causarum
1053 344 1133 366 cum
1159 332 1422 368 continuatione
1441 333 1589 376 dierum,
1621 334 1666 371 ad

190 383 384 418 instantiam
403 385 610 419 venerabilis
636 387 672 420 in
700 385 836 421 Christo
866 387 972 433 patris
1004 387 1154 422 Roberti
1184 387 1315 422 abbatis
1344 389 1542 425 monasterii
1558 391 1665 426 nostri

192 440 235 474 de
258 439 391 474 Passeto
418 446 452 474 et
479 440 720 487 religiosorum
746 442 903 476 virorum
938 448 1133 478 conventus
1152 442 1330 490 ejusdem3
1366 445 1529 481 videlicet
1552 447 1665 481 (Πὸὶοε

190 495 389 531 Johannem
408 496 588 531 dominum
610 496 722 538 Roff’,
752 497 909 532 Alanum
928 498 993 540 Or,
1021 499 1215 534 Ninianum
1235 499 1301 540 Or,
1320 500 1520 536 ,Iohannem
1539 501 1604 543 Or,
1632 508 1666 538 et

191 551 390 586 Johannem
422 551 486 594 Or,
514 566 578 599 pro
596 554 727 600 injustis
745 553 1006 595 intromissione,
1041 555 1282 602 occupatione,
1310 556 1527 593 laboratione
1546 564 1581 593 et
1597 571 1668 593 ma-

192 610 378 644 nuratione
396 616 568 645 terrarum
589 612 631 646 de
651 611 866 646 BIoniabrok
885 624 965 646 cum
983 611 1214 658 pertinentiiS,
1236 611 1431 658 jacentium
1449 613 1485 648 in
1503 615 1668 661 parochia

192 666 234 700 de
253 665 519 713 Lochwyngok,
540 680 560 701 a
576 668 727 702 termino
748 667 968 702 Pentecostes
986 673 1066 701 ante
1086 667 1201 701 datam
1219 667 1430 714 presentium
1448 670 1573 704 ultimo
1591 683 1668 717 pre-

190 722 307 762 terito,
327 721 451 768 absque
469 721 681 758 affedatione
698 724 757 758 seu
775 724 916 758 licentia
934 724 1110 758 dictorum
1129 723 1277 757 Abbatis
1295 730 1355 758 aut
1373 730 1577 767 conventus,
1607 727 1666 766 eis,

191 778 228 811 in
245 778 456 824 patrimonio
479 785 513 814 et
539 781 752 827 proprietate
784 781 868 814 dieti
895 779 1002 814 nostri
1026 778 1242 819 BIonasterii,
1272 785 1311 814 ut
1325 779 1494 821 afferitur,
1513 780 1669 828 spectan-

193 833 279 867 tium
298 849 307 876 ;
337 840 371 868 et
389 848 453 881 pro
472 835 602 881 injustis
631 836 858 883 perceptione
889 841 923 870 et
954 835 1156 870 detentione
1185 835 1227 869 ab
1261 834 1399 876 eisdem,
1429 837 1668 883 proficuorum

192 889 264 923 feni
283 895 317 924 et
334 891 501 936 graminis
519 892 693 926 diffitarum
725 898 898 926 terrarum
917 905 937 926 a
955 892 1050 926 dieto
1076 897 1246 937 tempore,
1275 893 1540 927 extendentium
1559 894 1604 927 ad
1620 894 1670 927 vi-

192 945 281 991 ginti
299 946 402 980 libras
420 946 546 981 usualis
572 954 713 983 monete
732 949 775 983 ad
793 949 919 983 bonam
939 947 1200 988 estimationem,
1221 952 1260 981 ut
1278 946 1435 983 afferitur
1452 963 1461 991 3
1492 948 1539 983 Et
1557 949 1670 984 dictos

193 1001 392 1037 Johannem
424 1004 604 1038 dominum
637 1004 749 1046 Rois',
788 1005 986 1039 Wilclmum
1016 1003 1193 1050 Glennay,
1222 1003 1423 1039 «Iohannem
1442 1005 1602 1053 Dunlop,
1636 1012 1671 1041 et

195 1057 395 1093 Johannem
416 1060 642 1101 Quhitefurd,
662 1074 726 1108 pro
746 1061 876 1108 injustis
895 1058 1156 1100 intromiflione,
1185 1062 1425 1107 occupatione,
1452 1061 1670 1097 laboratione

195 1119 229 1148 et
248 1116 491 1150 manuratione
509 1122 680 1151 terrarum
702 1118 744 1151 de
765 1117 924 1151 Thornle
955 1129 1032 1150 cum
1063 1116 1282 1162 pertinentiis
1304 1117 1498 1163 jacentium
1516 1118 1552 1152 in
1570 1131 1670 1165 pero-

193 1170 270 1204 chia
288 1171 330 1205 de
350 1171 494 1212 Passeto,
514 1185 576 1219 per
594 1173 726 1207 dietum
746 1178 894 1220 tempus,
908 1172 1032 1218 absque
1044 1170 1253 1207 afl'edatione
1267 1171 1327 1206 seu
1339 1173 1480 1207 licentia
1494 1174 1670 1209 di&orum

195 1226 343 1260 Abbatis
361 1234 420 1262 aut
438 1234 643 1269 conventus,
672 1230 720 1263 eis
747 1230 882 1263 ratione
909 1229 1068 1276 predicta
1098 1233 1137 1262 ut
1167 1227 1324 1263 afferitur
1350 1228 1607 1276 spe&antium;
1636 1236 1672 1264 et

194 1295 259 1329 pro
278 1283 409 1330 injustis
426 1285 652 1331 perceptione
670 1285 712 1319 ab
732 1285 860 1320 eisdem
879 1285 1118 1332 proficuorum
1136 1284 1208 1319 feni
1226 1290 1261 1319 et
1286 1286 1453 1331 graminis
1480 1286 1671 1320 earundem

195 1346 369 1374 terrarum
386 1353 449 1387 per
467 1341 600 1375 dietum
619 1348 767 1389 tempus,
797 1341 1063 1376 extendentium
1082 1341 1126 1374 ad
1144 1341 1268 1386 viginti
1286 1353 1418 1375 marcas
1437 1347 1577 1376 monete
1595 1355 1672 1389 pre-

196 1395 300 1436 dicte,
320 1401 360 1429 ut
378 1394 558 1439 afferitur3
590 1397 636 1431 Et
667 1398 802 1432 dictum
820 1397 1021 1433 ,Iohannem
1049 1397 1231 1430 dominum
1261 1397 1304 1431 de
1330 1396 1431 1431 Roff’
1457 1410 1522 1444 pro
1548 1398 1672 1444 injusta

197 1452 400 1486 detentione
419 1466 438 1486 a
457 1452 559 1486 dietis
578 1453 716 1488 Abbate
736 1460 770 1488 et
789 1459 965 1489 conventu
983 1452 1154 1487 sexdecim
1172 1452 1346 1487 bollarum
1360 1453 1499 1494 farrine,
1518 1454 1671 1500 pretium

197 1507 290 1542 bolle
308 1509 342 1542 vi
357 1513 382 1543 ἔ.
401 1509 459 1542 viii
471 1508 517 1548 d„
551 1516 701 1555 quatuor
719 1510 891 1545 bullarum
911 1509 1020 1549 ordei,
1047 1509 1199 1555 pretium
1218 1509 1310 1542 bolle
1327 1510 1385 1543 viii
1399 1514 1436 1550 s„
1469 1509 1511 1543 de
1529 1510 1671 1544 decimis

199 1570 373 1598 terrarum
392 1564 434 1598 de
457 1564 623 1599 Halkhed
641 1566 683 1600 de
702 1579 794 1599 anno
808 1566 882 1614 jam
900 1566 1025 1600 ultimo
1044 1565 1169 1612 elapso,
1189 1578 1253 1599 nec
1271 1578 1343 1600 non
1362 1566 1547 1600 duodecim
1565 1567 1673 1601 bolla-

196 1633 275 1654 rum
287 1620 415 1654 farrine
435 1626 469 1654 et
487 1621 634 1655 duarum
652 1621 825 1656 bollai-um
845 1622 953 1662 ordei,
973 1621 1077 1669 pretii
1094 1622 1254 1668 predicti,
1276 1622 1318 1656 de
1338 1622 1480 1656 decimis
1496 1628 1670 1658 terrarum

199 1679 241 1712 de
254 1678 414 1712 Thornle
429 1678 471 1712 de
490 1679 585 1712 dicto
603 1691 708 1719 anno,
734 1679 876 1726 prefatis
892 1679 1023 1713 Abbati
1041 1684 1075 1713 et
1094 1679 1294 1719 conventui,
1320 1680 1455 1714 ratione
1473 1693 1541 1726 qua
1558 1680 1669 1728 supra,

198 1740 238 1768 ut
256 1732 425 1774 afferitur,
456 1734 708 1780 pertinentium
724 1749 733 1777 3
764 1734 811 1768 Et
828 1733 929 1781 super
947 1735 1081 1769 damnis
1099 1740 1133 1769 et
1152 1734 1305 1781 expensis
1321 1748 1384 1782 per
1402 1735 1491 1782 ipsos
1507 1736 1589 1771 inde
1606 1736 1672 1771 sus-

198 1791 303 1825 tentis
321 1796 355 1824 et
372 1790 493 1833 factis3
523 1796 557 1824 et
574 1790 722 1824 ulterius
739 1791 775 1824 in
793 1789 958 1837 premiflis
976 1790 1198 1838 responsuros
1217 1796 1250 1824 et
1274 1791 1348 1837 juri
1365 1792 1540 1838 perituros
1556 1807 1565 1835 ;
1593 1793 1672 1827 inti-

198 1851 332 1881 mantes
349 1845 503 1893 personis
520 1847 686 1893 predictis
711 1847 815 1893 quod,
843 1845 910 1881 five
929 1847 1030 1881 dietis
1057 1847 1112 1881 die
1138 1852 1171 1880 et
1197 1847 1275 1881 loco
1302 1860 1382 1881 cum
1408 1848 1672 1883 continuatione

199 1902 335 1936 dierum
353 1903 613 1949 comparuerint
629 1902 697 1937 five
714 1915 797 1943 non,
825 1915 889 1937 nos
907 1902 1153 1937 nichilominus
1170 1902 1206 1936 in
1220 1901 1396 1949 premiflis,
1419 1903 1550 1950 justitia
1566 1904 1672 1938 medi-

201 1964 292 1999 ante,
312 1959 552 2005 procedemus.
606 1958 752 2006 Insuper
778 1958 1024 1993 lummoneatis
1049 1958 1221 2004 legittime
1250 1971 1367 1993 coram
1397 1959 1546 2000 testibus,
1578 1960 1674 2006 quod

202 2020 426 2061 compareant
444 2027 561 2049 eoram
579 2014 678 2048 nobis
697 2020 732 2049 et
749 2014 946 2049 consulibus
963 2013 1096 2054 nostris,
1126 2014 1293 2060 predictis
1323 2015 1379 2049 die
1409 2020 1444 2049 et
1473 2015 1563 2056 loco,
1593 2029 1672 2051 cum

203 2071 466 2104 continuatione
494 2070 641 2111 dierum,
671 2071 715 2104 ad
745 2071 998 2117 perhibendum
1025 2070 1128 2104 fidele
1157 2070 1390 2105 testimonium
1408 2071 1547 2105 veritati
1572 2071 1674 2119 super

202 2126 418 2171 inquirendis
435 2126 477 2160 ab
496 2126 543 2160 eis
560 2126 597 2160 in
613 2125 789 2173 premiffis.
843 2127 889 2161 Et
906 2125 1082 2173 preientes
1101 2126 1234 2160 litteras
1251 2126 1366 2160 debite
1393 2132 1554 2161 executas
1572 2134 1607 2162 et
1624 2128 1674 2161 in-

205 2180 357 2215 dorlatas
387 2182 577 2216 earundem
604 2183 739 2217 reddite
769 2183 895 2217 latori:
923 2182 967 2216 ad
994 2182 1088 2228 quod
1119 2182 1317 2216 faciendum
1335 2182 1432 2217 vobis
1463 2188 1498 2217 et
1523 2183 1673 2218 vestrum

205 2237 346 2271 cuilibet
363 2237 579 2285 conjunctim
598 2244 632 2274 et
650 2238 780 2274 divifim
798 2239 834 2273 in
852 2239 917 2274 hac
933 2243 1032 2286 parte
1059 2238 1309 2273 committimus
1334 2238 1550 2286 potestatem.
1602 2239 1674 2274 Da-
