1839 2652
166 274 235 311 166
565 273 879 309 REGISTRUM
906 273 1243 310 MONASTERII

168 371 314 405 fecerint
333 370 558 410 mentionem,
578 370 718 416 penitus
745 368 810 403 fint
828 368 950 404 caffate
979 375 1014 404 et
1031 370 1120 405 nulli
1149 371 1332 404 hominum
1349 370 1510 406 valiture.
1563 370 1647 406 Dic-

169 433 224 460 tus
242 426 348 472 igitur
361 425 481 459 Abbas
498 426 541 460 de
559 424 700 459 confilio
713 425 873 472 judicum
884 426 918 464 ‚ei
932 425 1013 460 fecit
1027 425 1298 460 misericordiam
1316 438 1418 472 quam
1433 426 1583 473 petebat,
1604 440 1647 462 ex

168 488 243 516 toto
263 481 467 515 renuntians
485 480 538 514 liti
556 486 651 515 mote
670 486 794 515 contra
811 480 933 528 ipsum,
962 487 997 516 et
1027 482 1157 516 dictam
1176 481 1352 517 eccleliam
1384 483 1427 516 de
1460 482 1646 530 Kylpatrik

170 539 200 572 ei
218 537 424 577 concedens,
454 550 531 571 cum
551 537 610 571 illa
628 537 771 572 dimidia
789 543 969 573 carrucata
986 544 1079 573 terre
1111 539 1154 573 de
1186 538 1435 573 Cochmanach
1454 538 1580 584 absque
1597 539 1650 573 in-

169 593 381 639 quietatione
400 593 436 626 in
467 593 538 627 vita
555 592 615 627 sua
632 594 795 628 tenenda.
849 593 945 628 Aeta
972 595 1006 629 in
1025 595 1214 642 parochiali
1246 593 1386 629 ecclelia
1416 595 1458 629 de
1490 594 1567 629 Are
1593 594 1649 629 die

169 649 295 683 sabbati
322 649 482 695 proxima
510 648 584 696 post
612 649 821 684 dominicam
848 663 917 696 qua
942 656 1103 686 cantatur
1141 651 1256 693 Quasi
1284 652 1383 685 modo
1398 651 1527 697 geniti,
1555 663 1649 685 anno

168 705 278 751 gratie
297 704 476 740 millefimo
506 705 740 740 ducentesimo
772 706 941 740 tricesuno
973 712 1109 753 quarto,
1137 707 1305 754 predictis
1328 706 1506 754 judicibus
1532 707 1650 740 omnia

170 774 236 806 quc
254 760 355 807 super
384 759 551 808 premisfis
581 761 674 796 facta
703 761 782 796 sunt
810 763 902 796 inter
930 768 1046 809 partes
1074 763 1346 810 approbantibus
1377 769 1412 798 et
1439 763 1649 798 auetoritate

169 816 353 864 apostolica
371 817 681 860 confirnlantibus;
712 818 793 852 huic
820 819 924 853 etiam
955 817 1082 865 scripto
1112 820 1147 853 in
1168 820 1312 853 modum
1343 819 1551 866 cyrographi
1569 831 1650 853 con-

171 873 264 906 fecto
282 871 396 918 sigillis
413 873 564 920 partium
584 873 782 909 alternatim
801 873 973 921 appositis,
991 876 1104 921 gratia
1121 876 1319 910 testimonii·

173 1040 309 1074 Littera
327 1041 592 1075 examinationis
610 1042 653 1075 de
672 1048 764 1076 terra
785 1042 1149 1077 Monnachkennarau
1167 1043 1289 1090 injuste
1308 1043 1467 1078 alienata.

174 1151 435 1188 INTENTIO
455 1152 602 1187 Abbatis
621 1159 655 1187 et
673 1161 866 1189 conventus
895 1156 937 1189 de
970 1154 1116 1190 Paffelet
1142 1156 1190 1190 est
1214 1157 1362 1203 probare
1388 1156 1482 1202 quod
1500 1161 1575 1190 tota
1593 1156 1651 1190 illa

172 1215 266 1243 terra
295 1209 337 1243 de
366 1207 704 1243 Monachkennaran
734 1209 836 1256 super
866 1224 1004 1245 amnem
1036 1212 1078 1245 de
1109 1211 1203 1246 Clud
1228 1211 1351 1258 injuste
1380 1212 1417 1245 in
1448 1211 1650 1246 Gilbertum

171 1265 283 1299 filium
303 1264 472 1298 Samuelis
490 1264 640 1298 alienata
658 1264 714 1305 est,
747 1266 827 1311 quia
853 1266 895 1301 de
907 1266 990 1313 jure
1004 1267 1047 1301 ad
1066 1266 1239 1301 eccleliam
1259 1280 1380 1301 eorum
1400 1267 1443 1301 de
1464 1267 1652 1314 Kylpatrik

174 1320 275 1354 debet
293 1320 468 1366 pertinere
485 1334 494 1362 3
523 1320 617 1354 unde
635 1326 759 1367 petunt
791 1320 899 1368 ipsum
919 1322 1121 1357 Gilbertum
1148 1336 1168 1357 a
1194 1324 1289 1357 dicta
1306 1329 1400 1357 terra
1418 1323 1584 1364 amoveri,
1617 1329 1652 1358 et

173 1376 318 1410 eandem
337 1381 466 1410 terram
497 1375 540 1409 ad
562 1375 621 1422 jus
649 1382 684 1410 et
711 1378 961 1423 proprietatem
992 1379 1086 1413 dicte
1114 1378 1252 1414 ecclesie
1282 1379 1452 1425 legittime
1482 1379 1651 1414 revocari.

174 1431 347 1466 PRIMA
365 1432 554 1479 productio
572 1432 707 1466 testium
726 1446 788 1479 per
808 1433 982 1468 Abbatem
998 1440 1032 1469 et
1051 1441 1265 1469 conventum
1284 1440 1406 1469 contra
1423 1435 1558 1470 dietum
1576 1434 1653 1470 Gil-

172 1488 309 1522 bertum
329 1488 384 1522 die
402 1488 485 1522 lune
504 1489 663 1535 proxima
680 1494 760 1523 ante
778 1489 900 1523 festum
919 1490 1040 1525 Sancti
1059 1490 1196 1526 Mathei
1225 1491 1262 1525 in
1287 1491 1496 1538 parrochiali
1514 1490 1652 1526 ecclefia

174 1545 216 1578 ‹le
235 1544 379 1578 Yrewin
397 1557 490 1577 anuo
507 1545 618 1589 gratie
637 1543 815 1579 millefimo
835 1545 1069 1581 ducentesimo
1092 1546 1260 1582 tricesimo
1278 1547 1395 1582 tertio.
1447 1547 1652 1582 Alexander

173 1600 262 1634 filius
284 1600 447 1646 Hugonis
468 1600 607 1646 juratus
638 1600 720 1633 dicit
747 1601 852 1645 quod,
884 1600 1062 1648 sexaginta
1079 1604 1179 1637 annis
1209 1609 1243 1637 et
1274 1616 1316 1637 eo
1346 1603 1494 1650 amplius
1521 1601 1650 1650 elapfis,

174 1656 261 1690 vidit
279 1656 453 1702 quendam
471 1656 614 1690 nomine
633 1655 729 1690 Bede
748 1656 887 1691 Ferdan
904 1657 1117 1693 habitantem
1148 1659 1184 1693 in
1211 1659 1360 1704 quadam
1391 1659 1496 1693 domo
1526 1671 1653 1706 magna

174 1712 339 1747 fabricata
355 1712 398 1746 de
416 1712 522 1758 virgis
530 1712 634 1758 juxta
651 1712 825 1747 ecelefiam
844 1714 886 1748 de
908 1713 1097 1761 Kylpatrik
1114 1713 1231 1748 versus
1250 1714 1458 1757 Orientem3
1488 1720 1522 1749 et
1539 1716 1653 1750 tenuit

174 1768 269 1802 illam
288 1774 417 1802 terram
446 1768 489 1802 de
521 1767 862 1803 hlonachkennaran
891 1781 994 1815 quam
1026 1768 1209 1803 Gilbertus
1237 1769 1328 1803 filius
1359 1769 1529 1804 Samuelis
1558 1782 1653 1804 nunc

174 1829 282 1858 tenet.
336 1823 580 1870 Interrogatus
605 1824 703 1871 cujus
720 1825 863 1859 nomine
882 1825 1012 1859 dictam
1030 1830 1159 1859 terram
1177 1824 1334 1872 pofl'edit,
1367 1826 1450 1859 dicit
1467 1825 1561 1872 quod
1578 1831 1653 1860 tan-

175 1886 249 1913 tum
269 1880 411 1913 nomine
429 1879 579 1920 ecclefie,
609 1880 747 1914 nullum
774 1880 870 1914 aliud
896 1880 1073 1916 servitium
1101 1881 1260 1916 faciendo
1278 1895 1342 1928 pro
1369 1882 1464 1916 dicta
1481 1888 1576 1917 terra
1593 1881 1653 1916 nifi

175 1936 419 1970 tantummodo
438 1936 638 1983 recipiendo
669 1942 703 1970 et
732 1936 903 1983 pascendo
922 1935 1070 1984 hospites
1101 1937 1171 1972 illic
1188 1938 1379 1972 venientes.
1432 1937 1530 1973 Dicit
1548 1938 1653 1973 etiam

175 1992 270 2038 quod
287 2005 367 2026 cum
384 2004 472 2038 puer
490 1989 582 2032 effet,
602 1992 789 2038 aliquando
808 1999 968 2040 receptus
995 1993 1042 2027 est
1059 1993 1105 2027 ibi
1124 2007 1204 2028 cum
1222 1999 1319 2041 patre
1338 1993 1398 2027 suo
1416 1992 1500 2028 ficut
1518 1992 1650 2041 hospes,

177 2054 211 2082 et
228 2048 322 2093 quod
341 2048 454 2082 dictus
486 2048 583 2082 Beda
602 2049 724 2082 eodem
737 2048 818 2095 jure
847 2054 882 2083 et
911 2049 1050 2085 servitio
1068 2051 1182 2085 tenuit
1200 2056 1329 2085 terram
1349 2050 1391 2085 de
1411 2050 1605 2085 Cultbuthe
1618 2056 1653 2085 et

177 2104 218 2137 de
238 2104 562 2149 Dumtechglunan.
616 2104 770 2139 Thomas
789 2104 919 2140 Gasssel
943 2106 1083 2153 juratus
1109 2107 1192 2140 dicit
1218 2107 1313 2152 quod
1331 2107 1417 2141 vidit
1434 2107 1568 2141 dietum
1587 2106 1653 2141 Be-

178 2160 255 2193 dam
276 2160 413 2194 Fen-dau
442 2166 642 2195 manentem
671 2161 708 2195 in
738 2161 858 2196 eadem
878 2162 995 2202 domo,
1025 2163 1061 2196 in
1088 2168 1182 2196 terra
1200 2161 1337 2197 ecclefie
1366 2163 1485 2197 83.ηᾶὶί
1512 2162 1652 2197 Patricii

177 2215 247 2255 fita,
268 2222 445 2251 tenentem
465 2216 600 2251 easdem
618 2222 729 2252 terras
747 2218 870 2252 eodem
890 2219 1007 2259 modO,
1038 2219 1161 2253 eodem
1181 2219 1275 2266 jure,
1296 2225 1331 2254 et
1357 2220 1449 2254 idem
1475 2218 1652 2254 servitium

177 2271 334 2304 faciendo
351 2270 435 2306 ficut
454 2272 658 2307 Alexander
676 2273 816 2308 testatus
830 2273 877 2308 est
892 2287 900 2308 z
936 2275 1070 2309 addidit
1087 2275 1191 2310 etiam
1209 2275 1303 2321 quod
1321 2275 1407 2310 vidit
1434 2274 1651 2322 postmodum

178 2326 364 2360 Cristinum
384 2327 491 2362 filium
512 2329 595 2363 dicti
610 2328 705 2363 Bede
723 2328 951 2377 possidentem
967 2330 1100 2366 easdem
1116 2336 1226 2366 terras
1241 2332 1363 2367 eodem
1377 2331 1460 2378 jure
1473 2344 1543 2377 quo
1554 2336 1652 2378 pater
