1839 2652
925 319 958 352 vi

240 417 289 446 De
304 416 463 446 donatione
477 415 640 445 molendini
655 415 692 445 de
707 415 889 454 Pasletoper
902 415 1032 445 Alanum
1043 415 1139 445 filium
1152 416 1285 446 Walteri
1300 416 1477 453 fundatoris,
1494 417 1532 448 fo.
1549 417 1599 448 vii.

203 467 392 506 (1202-4‚)
1584 469 1619 498 P.
1640 469 1681 498 13

243 538 337 567 Carta
366 536 455 566 Alani
481 536 535 566 filii
560 536 691 566 Walteri
716 535 893 571 fundatoris,
918 536 955 564 de
980 535 1140 566 donatione
1160 536 1340 566 Moniabroc
1367 541 1396 566 et
1422 537 1616 567 libertatibus

201 588 342 626 ejusdem,
359 587 396 616 fo.
412 587 463 616 vii.
482 587 520 625 (c.
539 587 648 622 1202,)
1640 589 1681 617 13

246 657 341 686 Carta
356 656 445 687 Alani
460 656 516 685 filii
541 655 674 686 WValteri
689 656 866 691 fundatoris,
883 656 920 685 de
940 656 1061 686 decimis
1087 656 1215 686 denariis
1240 657 1276 686 de
1304 657 1474 696 Maphelin,
1503 657 1541 687 fo.
1567 657 1617 687 vii.

206 707 394 745 (1202—3,)
1644 708 1683 736 14

244 776 441 805 Confirmatio
456 777 492 805 de
510 776 536 805 F
540 777 635 813 ulton,
660 781 689 806 et
715 776 836 806 donatio
863 776 984 806 ecclesie
1010 781 1039 806 et
1063 777 1244 816 capellarum
1270 777 1306 806 de
1333 777 1421 807 Boite
1438 787 1490 816 per
1505 782 1618 807 cartam

200 826 290 856 Alani
306 826 361 855 filii
377 826 510 870 WValteri
525 826 702 862 fundatoris,
727 827 764 856 fo.
781 827 843 856 viii.
870 828 910 865 (a.
928 827 1039 866 1204‚)
1644 829 1683 857 15

242 896 292 926 De
306 896 485 926 auctoritate
494 895 772 926 faciendiAbbatem
784 896 954 926 monasterii
966 897 1003 926 de
1016 897 1159 933 Passelet‚
1176 897 1215 926 fo.
1236 896 1298 926 viii.
1313 898 1523 936 (1243-58‚)
1642 899 1683 927 15

244 966 337 995 Carta
352 966 485 995 Walteri
512 966 633 996 secundi
656 966 711 995 filii
735 966 824 996 Alani
851 967 888 996 de
914 967 1000 996 terris
1026 967 1104 996 inter
1132 967 1314 1005 Haldpatric
1340 972 1369 997 et
1393 968 1557 1006 Espedare.
1588 972 1617 996 et

201 1015 296 1046 Mauc
312 1020 341 1045 et
358 1016 481 1052 Caldor,
505 1017 544 1046 fo.
561 1016 600 1045 ix.
620 1017 833 1056 (1208—18‚)
1643 1019 1683 1056 17

243 1085 441 1115 Confirmatio
455 1086 647 1116 ecclesiarum
662 1087 699 1116 de
714 1087 911 1123 Dundonald,
937 1087 1071 1117 Sanchar
1089 1092 1117 1116 et
1135 1086 1310 1121 Auchinlec,
1327 1087 1365 1116 fo.
1382 1098 1410 1116 x.
1430 1090 1470 1125 (a.
1488 1087 1596 1125 1239‚)
1644 1089 1684 1117 18

243 1156 441 1186 Confirmatio
457 1160 485 1186 et
501 1161 584 1186 carta
599 1157 733 1187 Walteri
749 1157 871 1187 secundi
887 1157 941 1187 filii
958 1156 1058 1193 Alam,
1084 1157 1121 1186 de
1148 1156 1308 1186 donatione
1322 1157 1413 1186 trium
1440 1167 1618 1193 marcarum,

199 1206 236 1235 fo.
254 1217 283 1235 x.
303 1205 513 1246 (1:207-14‚)
1645 1208 1683 1239 19

243 1276 292 1305 De
307 1276 507 1316 resignatione
522 1276 617 1306 insule
633 1277 670 1307 de
686 1277 804 1307 Renssru
819 1288 873 1317 pro
889 1277 1040 1307 Dorscath
1053 1282 1083 1306 et
1096 1276 1294 1317 Mukyhfigis,
1311 1277 1348 1306 fo.
1363 1288 1392 1305 x.
1407 1277 1617 1316 (lem—330
1643 1278 1683 1308 19

242 1346 291 1375 De
307 1346 439 1376 multura
454 1347 490 1376 de
506 1347 602 1386 burgo
617 1347 653 1376 de
669 1347 789 1377 Renfru
806 1346 874 1388 [ad]
891 1347 1096 1376 molendinum
1115 1347 1152 1375 de
1168 1346 1298 1381 Renfru,
1317 1351 1346 1375 et
1361 1347 1398 1376 de
1413 1357 1506 1381 mora,
1523 1347 1561 1375 fo.
1580 1347 1619 1375 xi.

201 1395 413 1436 (1204—46‚)
1644 1398 1684 1426 20

243 1466 337 1495 Carta
352 1466 388 1495 de
404 1466 590 1507 Hyllington
606 1477 644 1496 ex
659 1467 820 1497 donatione
836 1466 969 1497 1Valte1·i
985 1466 1039 1496 filii
1056 1466 1156 1502 Alani,
1176 1466 1214 1495 fo.
1232 1466 1272 1495 xi.
1292 1465 1502 1505 (1204—46,)
1643 1468 1684 1496 ‘20

244 1536 337 1565 Carta
352 1535 485 1565 Walteri
501 1536 622 1566 secimdi
638 1535 693 1566 filii
710 1536 809 1572 Alani,
826 1537 863 1566 de
878 1542 958 1566 terra
974 1537 1153 1576 Dalmulyn,
1177 1541 1205 1565 et
1222 1536 1259 1565 de
1273 1535 1407 1575 piscariis
1423 1537 1500 1566 inter
1516 1537 1576 1566 Are
1592 1541 1621 1566 et

203 1585 319 1625 Irwyn,
337 1585 375 1614 fo.
393 1585 434 1615 xi.
453 1586 664 1625 (1208—14‚)
1644 1588 1679 1617 21

245 1655 339 1684 Carta
353 1655 487 1684 Walteri
503 1656 623 1685 secundi
639 1656 694 1686 filii
710 1657 810 1692 Alani,
828 1657 865 1686 (16
882 1657 1011 1686 ecclesiis
1027 1657 1063 1685 de
1080 1655 1265 1685 Dundonald
1291 1666 1358 1685 cum
1375 1656 1506 1695 capellis,
1532 1662 1560 1686 et
1583 1657 1620 1686 de

204 1705 348 1741 Sanchar,
364 1705 403 1734 fo.
421 1705 472 1735 xii.
491 1706 702 1745 (1208-14‚)
1642 1709 1683 1737 22

246 1775 339 1805 Carta
354 1775 488 1805 Walteri
503 1777 624 1806 secundi
638 1776 693 1806 filii
710 1777 810 1813 Alani,
834 1777 870 1806 (16
886 1777 1089 1816 Drumgraue,
1115 1776 1265 1815 Drumley
1281 1782 1310 1805 et
1327 1776 1617 1817 Petihaueingowin‚

204 1825 241 1854 fo.
259 1825 311 1854 xii.
330 1826 540 1865 (1208-14,)
1633 1829 1674 1857 23

247 1896 340 1925 Carta
356 1896 490 1926 Walteri
505 1896 625 1926 secundi
635 1896 690 1926 filii
706 1897 806 1933 Alani,
831 1898 868 1926 de
883 1896 1043 1926 donatione
1058 1896 1191 1925 omnium
1206 1897 1351 1926 bonorum
1367 1898 1404 1926 de
1419 1897 1567 1927 canonicis
1582 1898 1620 1927 de

205 1945 439 1986 Simpringham,
463 1946 500 1975 fo.
518 1946 580 1976 xiii.
606 1946 731 1986 (1246,)
1642 1950 1683 1977 24

248 2016 341 2045 Carta
357 2016 434 2045 inter
449 2027 502 2046 nos
517 2021 547 2046 et
561 2017 738 2057 magistrum
754 2018 790 2046 de
807 2017 1040 2057 Simpringham‚
1058 2017 1095 2047 de
1111 2017 1181 2052 Are,
1198 2017 1235 2047 fo.
1253 2017 1316 2047 xiii.
1335 2016 1459 2057 (12463)
1642 2019 1683 2047 24

248 2085 317 2115 Alia
331 2087 489 2117 conventio
504 2092 533 2117 et
548 2087 709 2128 resignatio
725 2087 802 2117 inter
817 2097 869 2116 nos
885 2092 915 2116 et
931 2086 1164 2126 Simpringham‚
1188 2087 1225 2116 fo.
1243 2087 1305 2117 xiii.
1331 2087 1456 2127 (1:238‚)
1643 2089 1682 2117 25

248 2156 425 2196 Resignatio
441 2157 584 2197 Magistri
599 2158 704 2187 domus
726 2158 763 2187 de
791 2157 1024 2197 Simpringham,
1048 2157 1085 2186 de
1110 2157 1268 2187 Dalmulin
1283 2162 1312 2187 et
1327 2158 1365 2187 de
1391 2157 1572 2197 Dumgrain,
1591 2163 1619 2187 et

206 2207 338 2236 omnium
353 2207 479 2237 aliorum
495 2209 651 2243 bonorum,
674 2208 713 2237 fo.
733 2207 806 2237 xiiii.
832 2208 957 2247 (1238.)
1641 2207 1681 2237 :26

249 2277 378 2314 Littera,
400 2279 603 2309 testimonium
624 2279 702 2309 inter
726 2278 931 2319 Reginaldnm
962 2277 1036 2307 Mor
1057 2282 1085 2307 et
1107 2278 1258 2308 Andream
1284 2278 1321 2308 de
1349 2278 1451 2314 Calco,
1480 2279 1517 2308 fo.
1544 2278 1618 2308 xiiii.

210 2327 300 2363 1328,
1642 2328 1683 2365 27
