<?xml version="1.0" encoding="UTF-8"?>
<!DOCTYPE html PUBLIC "-//W3C//DTD XHTML 1.0 Transitional//EN"
    "http://www.w3.org/TR/xhtml1/DTD/xhtml1-transitional.dtd">
<html xmlns="http://www.w3.org/1999/xhtml" xml:lang="en" lang="en">
 <head>
  <title>
</title>
<meta http-equiv="Content-Type" content="text/html;charset=utf-8" />
  <meta name='ocr-system' content='tesseract 3.04.00' />
  <meta name='ocr-capabilities' content='ocr_page ocr_carea ocr_par ocr_line ocrx_word'/>
</head>
<body>
  <div class='ocr_page' id='page_1' title='image "./registrummonaste00mait_0207.png"; bbox 0 0 1839 2652; ppageno 0'>
   <div class='ocr_carea' id='block_1_1' title="bbox 723 242 1663 286">
    <p class='ocr_par' dir='ltr' id='par_1_1' title="bbox 723 242 1663 286">
     <span class='ocr_line' id='line_1_1' title="bbox 723 242 1663 286; baseline 0.003 -9"><span class='ocrx_word' id='word_1_1' title='bbox 723 242 794 278; x_wconf 93' lang='lat' dir='ltr'><strong>DE</strong></span> <span class='ocrx_word' id='word_1_2' title='bbox 826 242 1095 278; x_wconf 90' lang='lat' dir='ltr'><strong>PASSELET.</strong></span> <span class='ocrx_word' id='word_1_3' title='bbox 1593 249 1663 286; x_wconf 82' lang='lat'><strong>147</strong></span> 
     </span>
    </p>
   </div>
   <div class='ocr_carea' id='block_1_2' title="bbox 183 338 1670 1621">
    <p class='ocr_par' dir='ltr' id='par_1_2' title="bbox 183 338 1670 1621">
     <span class='ocr_line' id='line_1_2' title="bbox 183 338 1663 388; baseline 0 -12"><span class='ocrx_word' id='word_1_4' title='bbox 183 342 258 377; x_wconf 89' lang='lat' dir='ltr'><strong>suas</strong></span> <span class='ocrx_word' id='word_1_5' title='bbox 275 344 445 388; x_wconf 88' lang='lat' dir='ltr'><strong>patentes,</strong></span> <span class='ocrx_word' id='word_1_6' title='bbox 478 338 523 374; x_wconf 86' lang='lat' dir='ltr'><strong>ad</strong></span> <span class='ocrx_word' id='word_1_7' title='bbox 551 339 697 374; x_wconf 88' lang='lat' dir='ltr'><strong>eandem</strong></span> <span class='ocrx_word' id='word_1_8' title='bbox 716 339 889 374; x_wconf 87' lang='lat' dir='ltr'><strong>ecclefiam</strong></span> <span class='ocrx_word' id='word_1_9' title='bbox 908 339 975 375; x_wconf 86' lang='lat' dir='ltr'><strong>five</strong></span> <span class='ocrx_word' id='word_1_10' title='bbox 993 353 1112 375; x_wconf 84' lang='lat' dir='ltr'><strong>curam</strong></span> <span class='ocrx_word' id='word_1_11' title='bbox 1140 339 1351 388; x_wconf 86' lang='lat' dir='ltr'><strong>presentabit</strong></span> <span class='ocrx_word' id='word_1_12' title='bbox 1381 340 1444 375; x_wconf 90' lang='lat' dir='ltr'><strong>hac</strong></span> <span class='ocrx_word' id='word_1_13' title='bbox 1471 341 1546 375; x_wconf 91' lang='lat' dir='ltr'><strong>vice</strong></span> <span class='ocrx_word' id='word_1_14' title='bbox 1577 341 1663 376; x_wconf 89' lang='lat' dir='ltr'><strong>dun-</strong></span> 
     </span>
     <span class='ocr_line' id='line_1_3' title="bbox 183 395 1663 443; baseline 0 -11"><span class='ocrx_word' id='word_1_15' title='bbox 183 401 290 437; x_wconf 87' lang='lat' dir='ltr'><strong>taxat,</strong></span> <span class='ocrx_word' id='word_1_16' title='bbox 305 396 385 443; x_wconf 86' lang='lat' dir='ltr'><strong>jure</strong></span> <span class='ocrx_word' id='word_1_17' title='bbox 400 401 517 430; x_wconf 87' lang='lat' dir='ltr'><strong>tamen</strong></span> <span class='ocrx_word' id='word_1_18' title='bbox 534 395 755 442; x_wconf 81' lang='lat' dir='ltr'><strong>presentandi</strong></span> <span class='ocrx_word' id='word_1_19' title='bbox 769 395 950 442; x_wconf 83' lang='lat' dir='ltr'>personam</span> <span class='ocrx_word' id='word_1_20' title='bbox 965 409 1066 442; x_wconf 90' lang='lat' dir='ltr'><strong>quam</strong></span> <span class='ocrx_word' id='word_1_21' title='bbox 1083 397 1260 431; x_wconf 88' lang='lat' dir='ltr'><strong>voluerint</strong></span> <span class='ocrx_word' id='word_1_22' title='bbox 1274 397 1317 431; x_wconf 88' lang='lat' dir='ltr'><strong>ad</strong></span> <span class='ocrx_word' id='word_1_23' title='bbox 1329 397 1476 431; x_wconf 89' lang='lat' dir='ltr'><strong>eandem</strong></span> <span class='ocrx_word' id='word_1_24' title='bbox 1488 397 1663 432; x_wconf 86' lang='lat' dir='ltr'><strong>ecclefiam</strong></span> 
     </span>
     <span class='ocr_line' id='line_1_4' title="bbox 185 452 1662 499; baseline 0 -12"><span class='ocrx_word' id='word_1_25' title='bbox 185 453 228 488; x_wconf 90' lang='lat' dir='ltr'><strong>de</strong></span> <span class='ocrx_word' id='word_1_26' title='bbox 249 452 436 499; x_wconf 86' lang='lat' dir='ltr'><strong>Kylfenan,</strong></span> <span class='ocrx_word' id='word_1_27' title='bbox 457 464 536 486; x_wconf 89' lang='lat' dir='ltr'><strong>cum</strong></span> <span class='ocrx_word' id='word_1_28' title='bbox 555 457 685 486; x_wconf 82' lang='lat' dir='ltr'>extunc</span> <span class='ocrx_word' id='word_1_29' title='bbox 711 452 896 492; x_wconf 81' lang='lat' dir='ltr'><strong>vacaverit,</strong></span> <span class='ocrx_word' id='word_1_30' title='bbox 924 465 1031 499; x_wconf 88' lang='lat' dir='ltr'><strong>penes</strong></span> <span class='ocrx_word' id='word_1_31' title='bbox 1059 453 1172 487; x_wconf 63' lang='lat' dir='ltr'><strong>dietos</strong></span> <span class='ocrx_word' id='word_1_32' title='bbox 1201 453 1376 487; x_wconf 86' lang='lat' dir='ltr'><strong>Abbatem</strong></span> <span class='ocrx_word' id='word_1_33' title='bbox 1396 458 1430 487; x_wconf 86' lang='lat' dir='ltr'><strong>et</strong></span> <span class='ocrx_word' id='word_1_34' title='bbox 1449 459 1662 488; x_wconf 86' lang='lat' dir='ltr'><strong>conventum</strong></span> 
     </span>
     <span class='ocr_line' id='line_1_5' title="bbox 185 506 1663 557; baseline 0 -14"><span class='ocrx_word' id='word_1_35' title='bbox 185 509 229 543; x_wconf 91' lang='lat' dir='ltr'><strong>de</strong></span> <span class='ocrx_word' id='word_1_36' title='bbox 261 506 408 542; x_wconf 87' lang='lat' dir='ltr'><strong>Paffelet</strong></span> <span class='ocrx_word' id='word_1_37' title='bbox 438 507 580 542; x_wconf 89' lang='lat' dir='ltr'><strong>inantea</strong></span> <span class='ocrx_word' id='word_1_38' title='bbox 597 506 731 554; x_wconf 87' lang='lat' dir='ltr'><strong>semper</strong></span> <span class='ocrx_word' id='word_1_39' title='bbox 756 507 864 542; x_wconf 91' lang='lat' dir='ltr'><strong>libere</strong></span> <span class='ocrx_word' id='word_1_40' title='bbox 893 514 1108 543; x_wconf 86' lang='lat' dir='ltr'><strong>remanente.</strong></span> <span class='ocrx_word' id='word_1_41' title='bbox 1163 509 1255 544; x_wconf 91' lang='lat' dir='ltr'><strong>Item</strong></span> <span class='ocrx_word' id='word_1_42' title='bbox 1281 507 1436 557; x_wconf 78' lang='lat' dir='ltr'><strong>promisit</strong></span> <span class='ocrx_word' id='word_1_43' title='bbox 1462 509 1577 544; x_wconf 59' lang='lat' dir='ltr'><strong>dictus</strong></span> <span class='ocrx_word' id='word_1_44' title='bbox 1604 509 1663 543; x_wconf 92' lang='lat' dir='ltr'><strong>do-</strong></span> 
     </span>
     <span class='ocr_line' id='line_1_6' title="bbox 184 561 1664 613; baseline 0.001 -14"><span class='ocrx_word' id='word_1_45' title='bbox 184 565 300 599; x_wconf 85' lang='lat' dir='ltr'><strong>minus</strong></span> <span class='ocrx_word' id='word_1_46' title='bbox 320 563 510 610; x_wconf 85' lang='lat' dir='ltr'>Episcopus</span> <span class='ocrx_word' id='word_1_47' title='bbox 528 563 622 609; x_wconf 92' lang='lat' dir='ltr'><strong>quod</strong></span> <span class='ocrx_word' id='word_1_48' title='bbox 639 561 867 609; x_wconf 88' lang='lat' dir='ltr'><strong>poflidentem</strong></span> <span class='ocrx_word' id='word_1_49' title='bbox 887 563 1060 598; x_wconf 89' lang='lat' dir='ltr'><strong>ecclefiam</strong></span> <span class='ocrx_word' id='word_1_50' title='bbox 1080 565 1122 599; x_wconf 87' lang='lat' dir='ltr'><strong>de</strong></span> <span class='ocrx_word' id='word_1_51' title='bbox 1143 565 1336 612; x_wconf 87' lang='lat' dir='ltr'><strong>Kylkeran,</strong></span> <span class='ocrx_word' id='word_1_52' title='bbox 1356 578 1419 613; x_wconf 91' lang='lat' dir='ltr'><strong>per</strong></span> <span class='ocrx_word' id='word_1_53' title='bbox 1436 565 1570 600; x_wconf 83' lang='lat' dir='ltr'><strong>litteras</strong></span> <span class='ocrx_word' id='word_1_54' title='bbox 1587 579 1664 613; x_wconf 92' lang='lat' dir='ltr'><strong>pre-</strong></span> 
     </span>
     <span class='ocr_line' id='line_1_7' title="bbox 185 618 1664 669; baseline 0.001 -14"><span class='ocrx_word' id='word_1_55' title='bbox 185 620 387 655; x_wconf 87' lang='lat' dir='ltr'><strong>sentationis</strong></span> <span class='ocrx_word' id='word_1_56' title='bbox 406 619 582 653; x_wconf 66' lang='lat' dir='ltr'><strong>dictorum</strong></span> <span class='ocrx_word' id='word_1_57' title='bbox 600 618 843 665; x_wconf 82' lang='lat' dir='ltr'><strong>religiosorum</strong></span> <span class='ocrx_word' id='word_1_58' title='bbox 861 620 904 654; x_wconf 88' lang='lat' dir='ltr'><strong>ad</strong></span> <span class='ocrx_word' id='word_1_59' title='bbox 923 620 1070 654; x_wconf 89' lang='lat' dir='ltr'><strong>eandem</strong></span> <span class='ocrx_word' id='word_1_60' title='bbox 1089 620 1264 655; x_wconf 88' lang='lat' dir='ltr'><strong>ecclefiam</strong></span> <span class='ocrx_word' id='word_1_61' title='bbox 1282 621 1422 656; x_wconf 90' lang='lat' dir='ltr'><strong>noviter</strong></span> <span class='ocrx_word' id='word_1_62' title='bbox 1446 622 1601 669; x_wconf 85' lang='lat' dir='ltr'><strong>recipiet,</strong></span> <span class='ocrx_word' id='word_1_63' title='bbox 1630 628 1664 656; x_wconf 90' lang='lat' dir='ltr'><strong>et</strong></span> 
     </span>
     <span class='ocr_line' id='line_1_8' title="bbox 184 674 1662 724; baseline 0.001 -14"><span class='ocrx_word' id='word_1_64' title='bbox 184 676 335 724; x_wconf 89' lang='lat' dir='ltr'><strong>ipsarum</strong></span> <span class='ocrx_word' id='word_1_65' title='bbox 352 675 549 709; x_wconf 87' lang='lat' dir='ltr'><strong>litterarum</strong></span> <span class='ocrx_word' id='word_1_66' title='bbox 567 675 698 709; x_wconf 89' lang='lat' dir='ltr'><strong>virtute</strong></span> <span class='ocrx_word' id='word_1_67' title='bbox 717 674 894 708; x_wconf 87' lang='lat' dir='ltr'><strong>introduci</strong></span> <span class='ocrx_word' id='word_1_68' title='bbox 925 675 1041 709; x_wconf 92' lang='lat' dir='ltr'><strong>denuo</strong></span> <span class='ocrx_word' id='word_1_69' title='bbox 1072 676 1174 710; x_wconf 87' lang='lat' dir='ltr'><strong>faciet</strong></span> <span class='ocrx_word' id='word_1_70' title='bbox 1202 682 1237 711; x_wconf 90' lang='lat' dir='ltr'><strong>et</strong></span> <span class='ocrx_word' id='word_1_71' title='bbox 1265 677 1393 711; x_wconf 85' lang='lat' dir='ltr'><strong>institui</strong></span> <span class='ocrx_word' id='word_1_72' title='bbox 1423 678 1460 711; x_wconf 91' lang='lat' dir='ltr'><strong>in</strong></span> <span class='ocrx_word' id='word_1_73' title='bbox 1491 678 1662 720; x_wconf 82' lang='lat' dir='ltr'><strong>eandem3</strong></span> 
     </span>
     <span class='ocr_line' id='line_1_9' title="bbox 185 729 1664 780; baseline 0 -12"><span class='ocrx_word' id='word_1_74' title='bbox 185 733 270 768; x_wconf 88' lang='lat' dir='ltr'><strong>item</strong></span> <span class='ocrx_word' id='word_1_75' title='bbox 288 732 381 779; x_wconf 90' lang='lat' dir='ltr'><strong>quod</strong></span> <span class='ocrx_word' id='word_1_76' title='bbox 400 731 575 765; x_wconf 63' lang='lat' dir='ltr'><strong>dietorum</strong></span> <span class='ocrx_word' id='word_1_77' title='bbox 593 729 835 777; x_wconf 84' lang='lat' dir='ltr'><strong>religiosorum</strong></span> <span class='ocrx_word' id='word_1_78' title='bbox 853 736 1018 777; x_wconf 81' lang='lat' dir='ltr'><strong>tanquam</strong></span> <span class='ocrx_word' id='word_1_79' title='bbox 1037 744 1202 766; x_wconf 86' lang='lat' dir='ltr'><strong>verorum</strong></span> <span class='ocrx_word' id='word_1_80' title='bbox 1230 738 1461 779; x_wconf 85' lang='lat' dir='ltr'><strong>patronorum</strong></span> <span class='ocrx_word' id='word_1_81' title='bbox 1491 733 1664 780; x_wconf 87' lang='lat' dir='ltr'><strong>presenta-</strong></span> 
     </span>
     <span class='ocr_line' id='line_1_10' title="bbox 184 785 1664 835; baseline 0.001 -12"><span class='ocrx_word' id='word_1_82' title='bbox 184 789 299 823; x_wconf 90' lang='lat' dir='ltr'><strong>tiones</strong></span> <span class='ocrx_word' id='word_1_83' title='bbox 313 787 486 822; x_wconf 85' lang='lat' dir='ltr'><strong>faciendas</strong></span> <span class='ocrx_word' id='word_1_84' title='bbox 500 786 723 834; x_wconf 88' lang='lat' dir='ltr'><strong>inposterum,</strong></span> <span class='ocrx_word' id='word_1_85' title='bbox 738 786 781 820; x_wconf 88' lang='lat' dir='ltr'><strong>ad</strong></span> <span class='ocrx_word' id='word_1_86' title='bbox 793 785 948 820; x_wconf 87' lang='lat' dir='ltr'><strong>ecclefias</strong></span> <span class='ocrx_word' id='word_1_87' title='bbox 961 800 1045 833; x_wconf 90' lang='lat' dir='ltr'><strong>quas</strong></span> <span class='ocrx_word' id='word_1_88' title='bbox 1058 788 1149 821; x_wconf 87' lang='lat' dir='ltr'><strong>infra</strong></span> <span class='ocrx_word' id='word_1_89' title='bbox 1161 787 1398 835; x_wconf 86' lang='lat' dir='ltr'><strong>episcopatum</strong></span> <span class='ocrx_word' id='word_1_90' title='bbox 1414 789 1664 835; x_wconf 80' lang='lat' dir='ltr'><strong>Ergadiensem</strong></span> 
     </span>
     <span class='ocr_line' id='line_1_11' title="bbox 186 842 1665 892; baseline 0.001 -13"><span class='ocrx_word' id='word_1_91' title='bbox 186 844 358 892; x_wconf 84' lang='lat' dir='ltr'><strong>optinent,</strong></span> <span class='ocrx_word' id='word_1_92' title='bbox 379 843 422 877; x_wconf 91' lang='lat' dir='ltr'><strong>de</strong></span> <span class='ocrx_word' id='word_1_93' title='bbox 440 848 557 877; x_wconf 91' lang='lat' dir='ltr'><strong>cetero</strong></span> <span class='ocrx_word' id='word_1_94' title='bbox 577 843 691 877; x_wconf 63' lang='lat' dir='ltr'><strong>dictus</strong></span> <span class='ocrx_word' id='word_1_95' title='bbox 710 842 872 876; x_wconf 91' lang='lat' dir='ltr'><strong>dominus</strong></span> <span class='ocrx_word' id='word_1_96' title='bbox 887 842 1078 890; x_wconf 84' lang='lat' dir='ltr'><strong>Episcopus</strong></span> <span class='ocrx_word' id='word_1_97' title='bbox 1106 856 1179 877; x_wconf 92' lang='lat' dir='ltr'><strong>non</strong></span> <span class='ocrx_word' id='word_1_98' title='bbox 1206 844 1363 890; x_wconf 87' lang='lat' dir='ltr'><strong>repellet,</strong></span> <span class='ocrx_word' id='word_1_99' title='bbox 1392 843 1449 879; x_wconf 90' lang='lat' dir='ltr'><strong>sed</strong></span> <span class='ocrx_word' id='word_1_100' title='bbox 1468 846 1583 892; x_wconf 88' lang='lat' dir='ltr'><strong>potius</strong></span> <span class='ocrx_word' id='word_1_101' title='bbox 1608 846 1665 881; x_wconf 90' lang='lat' dir='ltr'><strong>be-</strong></span> 
     </span>
     <span class='ocr_line' id='line_1_12' title="bbox 184 898 1665 947; baseline 0.002 -13"><span class='ocrx_word' id='word_1_102' title='bbox 184 901 292 946; x_wconf 81' lang='lat' dir='ltr'><strong>nigne</strong></span> <span class='ocrx_word' id='word_1_103' title='bbox 322 899 492 939; x_wconf 87' lang='lat' dir='ltr'><strong>admittet,</strong></span> <span class='ocrx_word' id='word_1_104' title='bbox 525 899 608 932; x_wconf 89' lang='lat' dir='ltr'><strong>dum</strong></span> <span class='ocrx_word' id='word_1_105' title='bbox 638 904 757 932; x_wconf 88' lang='lat' dir='ltr'><strong>tamen</strong></span> <span class='ocrx_word' id='word_1_106' title='bbox 787 898 877 932; x_wconf 89' lang='lat' dir='ltr'><strong>infra</strong></span> <span class='ocrx_word' id='word_1_107' title='bbox 906 904 1045 946; x_wconf 89' lang='lat' dir='ltr'><strong>tempus</strong></span> <span class='ocrx_word' id='word_1_108' title='bbox 1068 899 1158 945; x_wconf 89' lang='lat' dir='ltr'><strong>juris</strong></span> <span class='ocrx_word' id='word_1_109' title='bbox 1175 899 1338 946; x_wconf 83' lang='lat' dir='ltr'><strong>personas</strong></span> <span class='ocrx_word' id='word_1_110' title='bbox 1356 901 1520 947; x_wconf 87' lang='lat' dir='ltr'><strong>ydoneas,</strong></span> <span class='ocrx_word' id='word_1_111' title='bbox 1553 903 1665 937; x_wconf 89' lang='lat' dir='ltr'><strong>eidem</strong></span> 
     </span>
     <span class='ocr_line' id='line_1_13' title="bbox 187 953 1666 1002; baseline 0.002 -12"><span class='ocrx_word' id='word_1_112' title='bbox 187 956 330 990; x_wconf 90' lang='lat' dir='ltr'><strong>domino</strong></span> <span class='ocrx_word' id='word_1_113' title='bbox 363 953 534 1002; x_wconf 86' lang='lat' dir='ltr'><strong>Episcopo</strong></span> <span class='ocrx_word' id='word_1_114' title='bbox 561 959 727 1000; x_wconf 87' lang='lat' dir='ltr'><strong>tanquam</strong></span> <span class='ocrx_word' id='word_1_115' title='bbox 746 954 940 995; x_wconf 82' lang='lat' dir='ltr'><strong>diocesano,</strong></span> <span class='ocrx_word' id='word_1_116' title='bbox 970 955 1014 988; x_wconf 85' lang='lat' dir='ltr'><strong>ad</strong></span> <span class='ocrx_word' id='word_1_117' title='bbox 1042 953 1176 989; x_wconf 86' lang='lat' dir='ltr'><strong>easdem</strong></span> <span class='ocrx_word' id='word_1_118' title='bbox 1196 968 1274 989; x_wconf 86' lang='lat' dir='ltr'><strong>cum</strong></span> <span class='ocrx_word' id='word_1_119' title='bbox 1293 957 1495 992; x_wconf 86' lang='lat' dir='ltr'><strong>vacaverint</strong></span> <span class='ocrx_word' id='word_1_120' title='bbox 1520 958 1666 993; x_wconf 87' lang='lat' dir='ltr'><strong>fecerint</strong></span> 
     </span>
     <span class='ocr_line' id='line_1_14' title="bbox 185 1010 1666 1060; baseline 0.002 -14"><span class='ocrx_word' id='word_1_121' title='bbox 185 1010 387 1059; x_wconf 88' lang='lat' dir='ltr'><strong>presentari.</strong></span> <span class='ocrx_word' id='word_1_122' title='bbox 436 1010 696 1045; x_wconf 86' lang='lat' dir='ltr'><strong>Protestabatur</strong></span> <span class='ocrx_word' id='word_1_123' title='bbox 714 1010 961 1045; x_wconf 86' lang='lat' dir='ltr'><strong>nichilominus</strong></span> <span class='ocrx_word' id='word_1_124' title='bbox 980 1010 1094 1045; x_wconf 61' lang='lat' dir='ltr'><strong>dietus</strong></span> <span class='ocrx_word' id='word_1_125' title='bbox 1113 1011 1275 1046; x_wconf 90' lang='lat' dir='ltr'><strong>dominus</strong></span> <span class='ocrx_word' id='word_1_126' title='bbox 1295 1011 1487 1060; x_wconf 86' lang='lat' dir='ltr'><strong>Episcopus</strong></span> <span class='ocrx_word' id='word_1_127' title='bbox 1504 1015 1599 1060; x_wconf 86' lang='lat' dir='ltr'><strong>quod</strong></span> <span class='ocrx_word' id='word_1_128' title='bbox 1616 1016 1666 1049; x_wconf 93' lang='lat' dir='ltr'><strong>in-</strong></span> 
     </span>
     <span class='ocr_line' id='line_1_15' title="bbox 185 1066 1667 1114; baseline 0.003 -12"><span class='ocrx_word' id='word_1_129' title='bbox 185 1067 354 1102; x_wconf 88' lang='lat' dir='ltr'><strong>tentionis</strong></span> <span class='ocrx_word' id='word_1_130' title='bbox 371 1067 427 1101; x_wconf 87' lang='lat' dir='ltr'><strong>vel</strong></span> <span class='ocrx_word' id='word_1_131' title='bbox 445 1067 637 1101; x_wconf 84' lang='lat' dir='ltr'><strong>voluntatis</strong></span> <span class='ocrx_word' id='word_1_132' title='bbox 656 1066 714 1101; x_wconf 90' lang='lat' dir='ltr'><strong>sue</strong></span> <span class='ocrx_word' id='word_1_133' title='bbox 739 1079 812 1101; x_wconf 92' lang='lat' dir='ltr'><strong>non</strong></span> <span class='ocrx_word' id='word_1_134' title='bbox 831 1066 953 1107; x_wconf 85' lang='lat' dir='ltr'><strong>existit,</strong></span> <span class='ocrx_word' id='word_1_135' title='bbox 974 1080 1037 1114; x_wconf 87' lang='lat' dir='ltr'><strong>per</strong></span> <span class='ocrx_word' id='word_1_136' title='bbox 1054 1067 1148 1102; x_wconf 88' lang='lat' dir='ltr'><strong>istam</strong></span> <span class='ocrx_word' id='word_1_137' title='bbox 1169 1069 1441 1104; x_wconf 86' lang='lat' dir='ltr'><strong>conventionem</strong></span> <span class='ocrx_word' id='word_1_138' title='bbox 1458 1069 1526 1105; x_wconf 88' lang='lat' dir='ltr'><strong>five</strong></span> <span class='ocrx_word' id='word_1_139' title='bbox 1544 1072 1667 1106; x_wconf 85' lang='lat' dir='ltr'><strong>amica-</strong></span> 
     </span>
     <span class='ocr_line' id='line_1_16' title="bbox 186 1122 1668 1173; baseline 0.003 -15"><span class='ocrx_word' id='word_1_140' title='bbox 186 1123 291 1159; x_wconf 87' lang='lat' dir='ltr'><strong>bilem</strong></span> <span class='ocrx_word' id='word_1_141' title='bbox 311 1122 606 1170; x_wconf 86' lang='lat' dir='ltr'><strong>compofitionem,</strong></span> <span class='ocrx_word' id='word_1_142' title='bbox 623 1123 689 1157; x_wconf 88' lang='lat' dir='ltr'><strong>suis</strong></span> <span class='ocrx_word' id='word_1_143' title='bbox 707 1122 952 1158; x_wconf 82' lang='lat' dir='ltr'><strong>suceefforibus</strong></span> <span class='ocrx_word' id='word_1_144' title='bbox 965 1123 1184 1170; x_wconf 79' lang='lat' dir='ltr'><strong>prejudicare</strong></span> <span class='ocrx_word' id='word_1_145' title='bbox 1202 1124 1238 1158; x_wconf 89' lang='lat' dir='ltr'><strong>in</strong></span> <span class='ocrx_word' id='word_1_146' title='bbox 1256 1125 1384 1171; x_wconf 89' lang='lat' dir='ltr'><strong>aliquo,</strong></span> <span class='ocrx_word' id='word_1_147' title='bbox 1404 1125 1427 1160; x_wconf 92' lang='lat' dir='ltr'><strong>fi</strong></span> <span class='ocrx_word' id='word_1_148' title='bbox 1445 1132 1480 1161; x_wconf 89' lang='lat' dir='ltr'><strong>et</strong></span> <span class='ocrx_word' id='word_1_149' title='bbox 1497 1134 1668 1173; x_wconf 89' lang='lat' dir='ltr'><strong>qnatenus</strong></span> 
     </span>
     <span class='ocr_line' id='line_1_17' title="bbox 188 1178 1668 1233; baseline 0.005 -20"><span class='ocrx_word' id='word_1_150' title='bbox 188 1179 248 1214; x_wconf 90' lang='lat' dir='ltr'><strong>sua</strong></span> <span class='ocrx_word' id='word_1_151' title='bbox 264 1179 411 1214; x_wconf 87' lang='lat' dir='ltr'><strong>ulterius</strong></span> <span class='ocrx_word' id='word_1_152' title='bbox 429 1179 642 1213; x_wconf 84' lang='lat' dir='ltr'><strong>crediderint</strong></span> <span class='ocrx_word' id='word_1_153' title='bbox 660 1178 831 1214; x_wconf 84' lang='lat' dir='ltr'><strong>intereffe.</strong></span> <span class='ocrx_word' id='word_1_154' title='bbox 885 1179 932 1214; x_wconf 85' lang='lat' dir='ltr'><strong>Et</strong></span> <span class='ocrx_word' id='word_1_155' title='bbox 949 1192 994 1214; x_wconf 86' lang='lat' dir='ltr'><strong>ne</strong></span> <span class='ocrx_word' id='word_1_156' title='bbox 1013 1180 1055 1214; x_wconf 90' lang='lat' dir='ltr'><strong>de</strong></span> <span class='ocrx_word' id='word_1_157' title='bbox 1073 1181 1238 1221; x_wconf 85' lang='lat' dir='ltr'><strong>articulis,</strong></span> <span class='ocrx_word' id='word_1_158' title='bbox 1269 1183 1458 1217; x_wconf 87' lang='lat' dir='ltr'><strong>concordia</strong></span> <span class='ocrx_word' id='word_1_159' title='bbox 1476 1191 1510 1218; x_wconf 87' lang='lat' dir='ltr'><strong>et</strong></span> <span class='ocrx_word' id='word_1_160' title='bbox 1528 1198 1668 1233; x_wconf 88' lang='lat' dir='ltr'><strong>compo-</strong></span> 
     </span>
     <span class='ocr_line' id='line_1_18' title="bbox 188 1234 1669 1284; baseline 0.004 -14"><span class='ocrx_word' id='word_1_161' title='bbox 188 1235 309 1271; x_wconf 90' lang='lat' dir='ltr'><strong>fitione</strong></span> <span class='ocrx_word' id='word_1_162' title='bbox 339 1234 506 1283; x_wconf 86' lang='lat' dir='ltr'><strong>premiflis</strong></span> <span class='ocrx_word' id='word_1_163' title='bbox 537 1235 666 1281; x_wconf 89' lang='lat' dir='ltr'><strong>aliquid</strong></span> <span class='ocrx_word' id='word_1_164' title='bbox 697 1248 717 1270; x_wconf 87' lang='lat' dir='ltr'><strong>a</strong></span> <span class='ocrx_word' id='word_1_165' title='bbox 747 1234 1008 1282; x_wconf 84' lang='lat' dir='ltr'><strong>quibuscunque</strong></span> <span class='ocrx_word' id='word_1_166' title='bbox 1035 1236 1151 1271; x_wconf 89' lang='lat' dir='ltr'><strong>valeat</strong></span> <span class='ocrx_word' id='word_1_167' title='bbox 1175 1237 1388 1284; x_wconf 88' lang='lat' dir='ltr'><strong>inposterum</strong></span> <span class='ocrx_word' id='word_1_168' title='bbox 1415 1239 1599 1276; x_wconf 87' lang='lat' dir='ltr'><strong>indubium</strong></span> <span class='ocrx_word' id='word_1_169' title='bbox 1617 1255 1669 1277; x_wconf 92' lang='lat' dir='ltr'><strong>re-</strong></span> 
     </span>
     <span class='ocr_line' id='line_1_19' title="bbox 187 1289 1668 1343; baseline 0.005 -17"><span class='ocrx_word' id='word_1_170' title='bbox 187 1292 317 1332; x_wconf 89' lang='lat' dir='ltr'><strong>vocari,</strong></span> <span class='ocrx_word' id='word_1_171' title='bbox 337 1289 491 1338; x_wconf 87' lang='lat' dir='ltr'><strong>promifit</strong></span> <span class='ocrx_word' id='word_1_172' title='bbox 509 1291 623 1326; x_wconf 68' lang='lat' dir='ltr'><strong>dictus</strong></span> <span class='ocrx_word' id='word_1_173' title='bbox 652 1291 814 1325; x_wconf 88' lang='lat' dir='ltr'><strong>dominus</strong></span> <span class='ocrx_word' id='word_1_174' title='bbox 841 1291 1032 1338; x_wconf 87' lang='lat' dir='ltr'><strong>Episcopus</strong></span> <span class='ocrx_word' id='word_1_175' title='bbox 1058 1292 1152 1338; x_wconf 89' lang='lat' dir='ltr'><strong>quod</strong></span> <span class='ocrx_word' id='word_1_176' title='bbox 1170 1292 1365 1340; x_wconf 88' lang='lat' dir='ltr'><strong>presentem</strong></span> <span class='ocrx_word' id='word_1_177' title='bbox 1385 1296 1668 1343; x_wconf 77' lang='lat' dir='ltr'><strong>compositionem</strong></span> 
     </span>
     <span class='ocr_line' id='line_1_20' title="bbox 189 1346 1669 1398; baseline 0.005 -16"><span class='ocrx_word' id='word_1_178' title='bbox 189 1347 257 1382; x_wconf 89' lang='lat' dir='ltr'><strong>five</strong></span> <span class='ocrx_word' id='word_1_179' title='bbox 276 1347 510 1387; x_wconf 87' lang='lat' dir='ltr'><strong>concordiam,</strong></span> <span class='ocrx_word' id='word_1_180' title='bbox 543 1347 579 1381; x_wconf 91' lang='lat' dir='ltr'><strong>in</strong></span> <span class='ocrx_word' id='word_1_181' title='bbox 606 1346 746 1394; x_wconf 81' lang='lat' dir='ltr'><strong>fingulis</strong></span> <span class='ocrx_word' id='word_1_182' title='bbox 775 1347 921 1382; x_wconf 82' lang='lat' dir='ltr'><strong>eccleliis</strong></span> <span class='ocrx_word' id='word_1_183' title='bbox 951 1354 986 1382; x_wconf 88' lang='lat' dir='ltr'><strong>et</strong></span> <span class='ocrx_word' id='word_1_184' title='bbox 1016 1348 1100 1382; x_wconf 87' lang='lat' dir='ltr'><strong>locis</strong></span> <span class='ocrx_word' id='word_1_185' title='bbox 1126 1348 1184 1383; x_wconf 89' lang='lat' dir='ltr'><strong>sue</strong></span> <span class='ocrx_word' id='word_1_186' title='bbox 1212 1349 1351 1384; x_wconf 84' lang='lat' dir='ltr'><strong>diocefis</strong></span> <span class='ocrx_word' id='word_1_187' title='bbox 1369 1351 1405 1385; x_wconf 91' lang='lat' dir='ltr'><strong>in</strong></span> <span class='ocrx_word' id='word_1_188' title='bbox 1423 1352 1547 1398; x_wconf 85' lang='lat' dir='ltr'><strong>quibus</strong></span> <span class='ocrx_word' id='word_1_189' title='bbox 1565 1354 1669 1389; x_wconf 85' lang='lat' dir='ltr'><strong>fiebat</strong></span> 
     </span>
     <span class='ocr_line' id='line_1_21' title="bbox 190 1401 1667 1457; baseline 0.005 -19"><span class='ocrx_word' id='word_1_190' title='bbox 190 1404 320 1450; x_wconf 88' lang='lat' dir='ltr'><strong>questio</strong></span> <span class='ocrx_word' id='word_1_191' title='bbox 339 1404 382 1438; x_wconf 92' lang='lat' dir='ltr'><strong>de</strong></span> <span class='ocrx_word' id='word_1_192' title='bbox 399 1401 576 1450; x_wconf 87' lang='lat' dir='ltr'><strong>premisfis,</strong></span> <span class='ocrx_word' id='word_1_193' title='bbox 597 1404 633 1437; x_wconf 92' lang='lat' dir='ltr'><strong>in</strong></span> <span class='ocrx_word' id='word_1_194' title='bbox 651 1410 810 1438; x_wconf 88' lang='lat' dir='ltr'><strong>materna</strong></span> <span class='ocrx_word' id='word_1_195' title='bbox 827 1404 957 1450; x_wconf 76' lang='lat' dir='ltr'><strong>lingua,</strong></span> <span class='ocrx_word' id='word_1_196' title='bbox 977 1405 1109 1452; x_wconf 91' lang='lat' dir='ltr'><strong>populo</strong></span> <span class='ocrx_word' id='word_1_197' title='bbox 1128 1406 1171 1440; x_wconf 83' lang='lat' dir='ltr'><strong>ad</strong></span> <span class='ocrx_word' id='word_1_198' title='bbox 1189 1406 1255 1441; x_wconf 88' lang='lat' dir='ltr'><strong>hoc</strong></span> <span class='ocrx_word' id='word_1_199' title='bbox 1267 1407 1322 1441; x_wconf 90' lang='lat' dir='ltr'><strong>vel</strong></span> <span class='ocrx_word' id='word_1_200' title='bbox 1341 1407 1423 1442; x_wconf 87' lang='lat' dir='ltr'><strong>alias</strong></span> <span class='ocrx_word' id='word_1_201' title='bbox 1442 1417 1667 1457; x_wconf 82' lang='lat' dir='ltr'><strong>congregato,</strong></span> 
     </span>
     <span class='ocr_line' id='line_1_22' title="bbox 190 1459 1670 1513; baseline 0.006 -20"><span class='ocrx_word' id='word_1_202' title='bbox 190 1460 293 1494; x_wconf 87' lang='lat' dir='ltr'><strong>faciet</strong></span> <span class='ocrx_word' id='word_1_203' title='bbox 324 1459 452 1506; x_wconf 80' lang='lat' dir='ltr'><strong>exponi</strong></span> <span class='ocrx_word' id='word_1_204' title='bbox 483 1465 517 1494; x_wconf 90' lang='lat' dir='ltr'><strong>et</strong></span> <span class='ocrx_word' id='word_1_205' title='bbox 546 1459 684 1506; x_wconf 85' lang='lat' dir='ltr'><strong>publice</strong></span> <span class='ocrx_word' id='word_1_206' title='bbox 702 1460 922 1507; x_wconf 87' lang='lat' dir='ltr'><strong>proclamari.</strong></span> <span class='ocrx_word' id='word_1_207' title='bbox 977 1460 1021 1494; x_wconf 91' lang='lat' dir='ltr'><strong>In</strong></span> <span class='ocrx_word' id='word_1_208' title='bbox 1052 1461 1150 1508; x_wconf 85' lang='lat' dir='ltr'><strong>cujus</strong></span> <span class='ocrx_word' id='word_1_209' title='bbox 1168 1462 1219 1496; x_wconf 90' lang='lat' dir='ltr'><strong>rei</strong></span> <span class='ocrx_word' id='word_1_210' title='bbox 1245 1462 1491 1506; x_wconf 88' lang='lat' dir='ltr'><strong>testimonium,</strong></span> <span class='ocrx_word' id='word_1_211' title='bbox 1518 1466 1670 1513; x_wconf 89' lang='lat' dir='ltr'><strong>presenti</strong></span> 
     </span>
     <span class='ocr_line' id='line_1_23' title="bbox 190 1514 1669 1566; baseline 0.006 -17"><span class='ocrx_word' id='word_1_212' title='bbox 190 1514 316 1563; x_wconf 87' lang='lat' dir='ltr'><strong>scripto</strong></span> <span class='ocrx_word' id='word_1_213' title='bbox 334 1516 377 1549; x_wconf 86' lang='lat' dir='ltr'><strong>ad</strong></span> <span class='ocrx_word' id='word_1_214' title='bbox 396 1516 540 1550; x_wconf 88' lang='lat' dir='ltr'><strong>modum</strong></span> <span class='ocrx_word' id='word_1_215' title='bbox 559 1516 748 1550; x_wconf 86' lang='lat' dir='ltr'><strong>indenture</strong></span> <span class='ocrx_word' id='word_1_216' title='bbox 775 1516 949 1557; x_wconf 64' lang='lat' dir='ltr'><strong>confecto,</strong></span> <span class='ocrx_word' id='word_1_217' title='bbox 969 1516 1076 1563; x_wconf 74' lang='lat' dir='ltr'><strong>sigilla</strong></span> <span class='ocrx_word' id='word_1_218' title='bbox 1103 1517 1276 1552; x_wconf 62' lang='lat' dir='ltr'><strong>dictarum</strong></span> <span class='ocrx_word' id='word_1_219' title='bbox 1303 1520 1455 1566; x_wconf 88' lang='lat' dir='ltr'><strong>partium</strong></span> <span class='ocrx_word' id='word_1_220' title='bbox 1482 1521 1563 1557; x_wconf 91' lang='lat' dir='ltr'><strong>hinc</strong></span> <span class='ocrx_word' id='word_1_221' title='bbox 1589 1524 1669 1558; x_wconf 89' lang='lat' dir='ltr'><strong>inde</strong></span> 
     </span>
     <span class='ocr_line' id='line_1_24' title="bbox 190 1571 1370 1621; baseline 0.004 -16"><span class='ocrx_word' id='word_1_222' title='bbox 190 1571 269 1606; x_wconf 86' lang='lat' dir='ltr'><strong>sunt</strong></span> <span class='ocrx_word' id='word_1_223' title='bbox 286 1571 445 1619; x_wconf 87' lang='lat' dir='ltr'><strong>appensa.</strong></span> <span class='ocrx_word' id='word_1_224' title='bbox 499 1572 595 1606; x_wconf 70' lang='lat' dir='ltr'><strong>Acta</strong></span> <span class='ocrx_word' id='word_1_225' title='bbox 611 1571 690 1607; x_wconf 90' lang='lat' dir='ltr'><strong>sunt</strong></span> <span class='ocrx_word' id='word_1_226' title='bbox 708 1572 782 1612; x_wconf 83' lang='lat' dir='ltr'><strong>hec,</strong></span> <span class='ocrx_word' id='word_1_227' title='bbox 802 1571 892 1613; x_wconf 90' lang='lat' dir='ltr'><strong>loco,</strong></span> <span class='ocrx_word' id='word_1_228' title='bbox 914 1572 969 1607; x_wconf 86' lang='lat' dir='ltr'><strong>die</strong></span> <span class='ocrx_word' id='word_1_229' title='bbox 988 1578 1023 1607; x_wconf 91' lang='lat' dir='ltr'><strong>et</strong></span> <span class='ocrx_word' id='word_1_230' title='bbox 1041 1585 1134 1607; x_wconf 86' lang='lat' dir='ltr'><strong>anno</strong></span> <span class='ocrx_word' id='word_1_231' title='bbox 1152 1572 1370 1621; x_wconf 66' lang='lat' dir='ltr'><strong>supradictis.</strong></span> 
     </span>
    </p>
   </div>
   <div class='ocr_carea' id='block_1_3' title="bbox 191 1738 1670 1832">
    <p class='ocr_par' dir='ltr' id='par_1_3' title="bbox 191 1738 1670 1832">
     <span class='ocr_line' id='line_1_25' title="bbox 191 1738 1670 1790; baseline 0.006 -17"><span class='ocrx_word' id='word_1_232' title='bbox 191 1738 466 1774; x_wconf 87' lang='lat' dir='ltr'><strong>Instrumentum</strong></span> <span class='ocrx_word' id='word_1_233' title='bbox 486 1740 529 1774; x_wconf 91' lang='lat' dir='ltr'><strong>de</strong></span> <span class='ocrx_word' id='word_1_234' title='bbox 547 1740 697 1775; x_wconf 86' lang='lat' dir='ltr'><strong>denariis</strong></span> <span class='ocrx_word' id='word_1_235' title='bbox 715 1753 801 1787; x_wconf 87' lang='lat' dir='ltr'><strong>quos</strong></span> <span class='ocrx_word' id='word_1_236' title='bbox 820 1741 983 1776; x_wconf 88' lang='lat' dir='ltr'><strong>dominus</strong></span> <span class='ocrx_word' id='word_1_237' title='bbox 1010 1741 1052 1776; x_wconf 91' lang='lat' dir='ltr'><strong>de</strong></span> <span class='ocrx_word' id='word_1_238' title='bbox 1081 1741 1274 1790; x_wconf 83' lang='lat' dir='ltr'><strong>Inchegald</strong></span> <span class='ocrx_word' id='word_1_239' title='bbox 1300 1744 1406 1786; x_wconf 85' lang='lat' dir='ltr'><strong>dedit,</strong></span> <span class='ocrx_word' id='word_1_240' title='bbox 1440 1746 1482 1781; x_wconf 89' lang='lat' dir='ltr'><strong>de</strong></span> <span class='ocrx_word' id='word_1_241' title='bbox 1510 1747 1670 1783; x_wconf 84' lang='lat' dir='ltr'><strong>omnibus</strong></span> 
     </span>
     <span class='ocr_line' id='line_1_26' title="bbox 191 1794 956 1832; baseline 0.005 -4"><span class='ocrx_word' id='word_1_242' title='bbox 191 1794 351 1829; x_wconf 88' lang='lat' dir='ltr'><strong>domibus</strong></span> <span class='ocrx_word' id='word_1_243' title='bbox 369 1795 406 1829; x_wconf 91' lang='lat' dir='ltr'><strong>in</strong></span> <span class='ocrx_word' id='word_1_244' title='bbox 423 1795 525 1830; x_wconf 87' lang='lat' dir='ltr'><strong>terris</strong></span> <span class='ocrx_word' id='word_1_245' title='bbox 542 1795 609 1830; x_wconf 84' lang='lat' dir='ltr'><strong>suis</strong></span> <span class='ocrx_word' id='word_1_246' title='bbox 626 1796 721 1831; x_wconf 88' lang='lat' dir='ltr'><strong>unde</strong></span> <span class='ocrx_word' id='word_1_247' title='bbox 739 1796 856 1832; x_wconf 89' lang='lat' dir='ltr'><strong>fumus</strong></span> <span class='ocrx_word' id='word_1_248' title='bbox 874 1798 956 1832; x_wconf 82' lang='lat' dir='ltr'><strong>exit.</strong></span> 
     </span>
    </p>
   </div>
   <div class='ocr_carea' id='block_1_4' title="bbox 192 1904 1671 2358">
    <p class='ocr_par' dir='ltr' id='par_1_4' title="bbox 192 1904 1671 2358">
     <span class='ocr_line' id='line_1_27' title="bbox 193 1904 1671 1960; baseline 0.009 -21"><span class='ocrx_word' id='word_1_249' title='bbox 193 1904 251 1939; x_wconf 88' lang='lat' dir='ltr'><strong>IN</strong></span> <span class='ocrx_word' id='word_1_250' title='bbox 277 1905 371 1940; x_wconf 90' lang='lat' dir='ltr'><strong>DEI</strong></span> <span class='ocrx_word' id='word_1_251' title='bbox 397 1905 614 1941; x_wconf 92' lang='lat' dir='ltr'><strong>NOMINE</strong></span> <span class='ocrx_word' id='word_1_252' title='bbox 642 1907 772 1942; x_wconf 91' lang='lat' dir='ltr'><strong>Amen.</strong></span> <span class='ocrx_word' id='word_1_253' title='bbox 839 1908 907 1943; x_wconf 88' lang='lat' dir='ltr'><strong>Per</strong></span> <span class='ocrx_word' id='word_1_254' title='bbox 934 1911 1002 1946; x_wconf 90' lang='lat' dir='ltr'><strong>hoc</strong></span> <span class='ocrx_word' id='word_1_255' title='bbox 1031 1911 1171 1959; x_wconf 88' lang='lat' dir='ltr'><strong>presens</strong></span> <span class='ocrx_word' id='word_1_256' title='bbox 1196 1913 1376 1960; x_wconf 89' lang='lat' dir='ltr'><strong>publicum</strong></span> <span class='ocrx_word' id='word_1_257' title='bbox 1402 1915 1671 1951; x_wconf 87' lang='lat' dir='ltr'><strong>instrumentum</strong></span> 
     </span>
     <span class='ocr_line' id='line_1_28' title="bbox 193 1961 1671 2019; baseline 0.009 -26"><span class='ocrx_word' id='word_1_258' title='bbox 193 1961 329 1995; x_wconf 68' lang='lat' dir='ltr'><strong>cunc‘cis</strong></span> <span class='ocrx_word' id='word_1_259' title='bbox 346 1967 463 2008; x_wconf 87' lang='lat' dir='ltr'><strong>pateat</strong></span> <span class='ocrx_word' id='word_1_260' title='bbox 481 1962 663 1997; x_wconf 88' lang='lat' dir='ltr'><strong>evidenter</strong></span> <span class='ocrx_word' id='word_1_261' title='bbox 680 1964 775 2010; x_wconf 91' lang='lat' dir='ltr'><strong>quod</strong></span> <span class='ocrx_word' id='word_1_262' title='bbox 793 1977 886 2000; x_wconf 86' lang='lat' dir='ltr'><strong>anno</strong></span> <span class='ocrx_word' id='word_1_263' title='bbox 905 1966 947 2001; x_wconf 89' lang='lat' dir='ltr'><strong>ab</strong></span> <span class='ocrx_word' id='word_1_264' title='bbox 964 1968 1206 2004; x_wconf 88' lang='lat' dir='ltr'><strong>incarnatione</strong></span> <span class='ocrx_word' id='word_1_265' title='bbox 1226 1970 1373 2004; x_wconf 87' lang='lat' dir='ltr'><strong>Domini</strong></span> <span class='ocrx_word' id='word_1_266' title='bbox 1392 1971 1571 2006; x_wconf 81' lang='lat' dir='ltr'><strong>millefimo</strong></span> <span class='ocrx_word' id='word_1_267' title='bbox 1589 1986 1671 2019; x_wconf 90' lang='lat' dir='ltr'><strong>qua-</strong></span> 
     </span>
     <span class='ocr_line' id='line_1_29' title="bbox 194 2015 1671 2067; baseline 0.01 -19"><span class='ocrx_word' id='word_1_268' title='bbox 194 2015 464 2062; x_wconf 84' lang='lat' dir='ltr'><strong>dringentefimo</strong></span> <span class='ocrx_word' id='word_1_269' title='bbox 484 2017 642 2053; x_wconf 91' lang='lat' dir='ltr'><strong>vicefimo</strong></span> <span class='ocrx_word' id='word_1_270' title='bbox 660 2019 768 2060; x_wconf 82' lang='lat' dir='ltr'><strong>sexto,</strong></span> <span class='ocrx_word' id='word_1_271' title='bbox 800 2021 922 2057; x_wconf 78' lang='lat' dir='ltr'><strong>mensis</strong></span> <span class='ocrx_word' id='word_1_272' title='bbox 948 2037 1033 2059; x_wconf 87' lang='lat' dir='ltr'><strong>vero</strong></span> <span class='ocrx_word' id='word_1_273' title='bbox 1061 2024 1229 2060; x_wconf 63' lang='lat' dir='ltr'><strong>Oetobris</strong></span> <span class='ocrx_word' id='word_1_274' title='bbox 1258 2026 1313 2060; x_wconf 86' lang='lat' dir='ltr'><strong>die</strong></span> <span class='ocrx_word' id='word_1_275' title='bbox 1341 2039 1445 2067; x_wconf 89' lang='lat' dir='ltr'><strong>nona,</strong></span> <span class='ocrx_word' id='word_1_276' title='bbox 1477 2028 1671 2064; x_wconf 65' lang='lat' dir='ltr'><strong>indictione</strong></span> 
     </span>
     <span class='ocr_line' id='line_1_30' title="bbox 192 2071 1671 2127; baseline 0.009 -23"><span class='ocrx_word' id='word_1_277' title='bbox 192 2071 325 2116; x_wconf 87' lang='lat' dir='ltr'><strong>quinta,</strong></span> <span class='ocrx_word' id='word_1_278' title='bbox 357 2073 580 2118; x_wconf 89' lang='lat' dir='ltr'><strong>pontificatus</strong></span> <span class='ocrx_word' id='word_1_279' title='bbox 609 2074 808 2111; x_wconf 64' lang='lat' dir='ltr'><strong>sanetiffimi</strong></span> <span class='ocrx_word' id='word_1_280' title='bbox 837 2078 874 2112; x_wconf 92' lang='lat' dir='ltr'><strong>in</strong></span> <span class='ocrx_word' id='word_1_281' title='bbox 904 2079 1040 2114; x_wconf 87' lang='lat' dir='ltr'><strong>Christo</strong></span> <span class='ocrx_word' id='word_1_282' title='bbox 1070 2081 1177 2127; x_wconf 82' lang='lat' dir='ltr'><strong>patris</strong></span> <span class='ocrx_word' id='word_1_283' title='bbox 1203 2086 1238 2115; x_wconf 91' lang='lat' dir='ltr'><strong>et</strong></span> <span class='ocrx_word' id='word_1_284' title='bbox 1264 2081 1397 2115; x_wconf 90' lang='lat' dir='ltr'><strong>domini</strong></span> <span class='ocrx_word' id='word_1_285' title='bbox 1415 2082 1547 2118; x_wconf 88' lang='lat' dir='ltr'><strong>domini</strong></span> <span class='ocrx_word' id='word_1_286' title='bbox 1565 2084 1671 2120; x_wconf 86' lang='lat' dir='ltr'><strong>nostri</strong></span> 
     </span>
     <span class='ocr_line' id='line_1_31' title="bbox 195 2125 1671 2188; baseline 0.012 -30"><span class='ocrx_word' id='word_1_287' title='bbox 195 2125 345 2160; x_wconf 86' lang='lat' dir='ltr'><strong>Martini</strong></span> <span class='ocrx_word' id='word_1_288' title='bbox 363 2127 480 2161; x_wconf 89' lang='lat' dir='ltr'><strong>divina</strong></span> <span class='ocrx_word' id='word_1_289' title='bbox 497 2130 719 2175; x_wconf 87' lang='lat' dir='ltr'><strong>providentia</strong></span> <span class='ocrx_word' id='word_1_290' title='bbox 735 2144 823 2179; x_wconf 90' lang='lat' dir='ltr'><strong>pape</strong></span> <span class='ocrx_word' id='word_1_291' title='bbox 841 2135 954 2179; x_wconf 86' lang='lat' dir='ltr'><strong>quinti</strong></span> <span class='ocrx_word' id='word_1_292' title='bbox 973 2148 1066 2170; x_wconf 87' lang='lat' dir='ltr'><strong>anno</strong></span> <span class='ocrx_word' id='word_1_293' title='bbox 1084 2149 1192 2177; x_wconf 92' lang='lat' dir='ltr'><strong>non0,</strong></span> <span class='ocrx_word' id='word_1_294' title='bbox 1225 2137 1261 2171; x_wconf 91' lang='lat' dir='ltr'><strong>in</strong></span> <span class='ocrx_word' id='word_1_295' title='bbox 1288 2138 1357 2172; x_wconf 88' lang='lat' dir='ltr'><strong>mei</strong></span> <span class='ocrx_word' id='word_1_296' title='bbox 1386 2140 1515 2174; x_wconf 89' lang='lat' dir='ltr'><strong>notarii</strong></span> <span class='ocrx_word' id='word_1_297' title='bbox 1542 2141 1671 2188; x_wconf 88' lang='lat' dir='ltr'><strong>publici</strong></span> 
     </span>
     <span class='ocr_line' id='line_1_32' title="bbox 193 2181 1671 2242; baseline 0.012 -28"><span class='ocrx_word' id='word_1_298' title='bbox 193 2194 233 2216; x_wconf 82' lang='lat' dir='ltr'><strong>ac</strong></span> <span class='ocrx_word' id='word_1_299' title='bbox 262 2181 533 2229; x_wconf 82' lang='lat' dir='ltr'><strong>subscriptorum</strong></span> <span class='ocrx_word' id='word_1_300' title='bbox 563 2185 700 2220; x_wconf 88' lang='lat' dir='ltr'><strong>testium</strong></span> <span class='ocrx_word' id='word_1_301' title='bbox 728 2188 901 2234; x_wconf 76' lang='lat' dir='ltr'><strong>prelentia</strong></span> <span class='ocrx_word' id='word_1_302' title='bbox 927 2190 1156 2238; x_wconf 88' lang='lat' dir='ltr'><strong>personaliter</strong></span> <span class='ocrx_word' id='word_1_303' title='bbox 1185 2192 1390 2228; x_wconf 87' lang='lat' dir='ltr'><strong>constitutus</strong></span> <span class='ocrx_word' id='word_1_304' title='bbox 1420 2195 1600 2242; x_wconf 85' lang='lat' dir='ltr'><strong>religiosus</strong></span> <span class='ocrx_word' id='word_1_305' title='bbox 1618 2199 1671 2233; x_wconf 89' lang='lat' dir='ltr'><strong>vir</strong></span> 
     </span>
     <span class='ocr_line' id='line_1_33' title="bbox 194 2237 1671 2290; baseline 0.013 -20"><span class='ocrx_word' id='word_1_306' title='bbox 194 2237 358 2273; x_wconf 87' lang='lat' dir='ltr'><strong>dominus</strong></span> <span class='ocrx_word' id='word_1_307' title='bbox 391 2239 554 2275; x_wconf 89' lang='lat' dir='ltr'><strong>Andreas</strong></span> <span class='ocrx_word' id='word_1_308' title='bbox 573 2241 693 2277; x_wconf 88' lang='lat' dir='ltr'><strong>Stuart</strong></span> <span class='ocrx_word' id='word_1_309' title='bbox 722 2244 819 2290; x_wconf 88' lang='lat' dir='ltr'><strong>prior</strong></span> <span class='ocrx_word' id='word_1_310' title='bbox 849 2247 1090 2281; x_wconf 84' lang='lat' dir='ltr'><strong>conventualis</strong></span> <span class='ocrx_word' id='word_1_311' title='bbox 1108 2248 1303 2283; x_wconf 86' lang='lat' dir='ltr'><strong>monasterii</strong></span> <span class='ocrx_word' id='word_1_312' title='bbox 1333 2250 1375 2285; x_wconf 88' lang='lat' dir='ltr'><strong>de</strong></span> <span class='ocrx_word' id='word_1_313' title='bbox 1402 2250 1549 2288; x_wconf 81' lang='lat' dir='ltr'><strong>Pafl&#39;elet</strong></span> <span class='ocrx_word' id='word_1_314' title='bbox 1567 2255 1671 2290; x_wconf 88' lang='lat' dir='ltr'><strong>michi</strong></span> 
     </span>
     <span class='ocr_line' id='line_1_34' title="bbox 192 2289 1669 2358; baseline 0.014 -32"><span class='ocrx_word' id='word_1_315' title='bbox 192 2289 382 2341; x_wconf 89' lang='lat' dir='ltr'><strong>subscripto</strong></span> <span class='ocrx_word' id='word_1_316' title='bbox 408 2295 547 2330; x_wconf 89' lang='lat' dir='ltr'><strong>notario</strong></span> <span class='ocrx_word' id='word_1_317' title='bbox 573 2295 784 2344; x_wconf 81' lang='lat' dir='ltr'><strong>presentavit</strong></span> <span class='ocrx_word' id='word_1_318' title='bbox 811 2301 985 2345; x_wconf 88' lang='lat' dir='ltr'><strong>quandam</strong></span> <span class='ocrx_word' id='word_1_319' title='bbox 1011 2302 1164 2339; x_wconf 89' lang='lat' dir='ltr'><strong>litteram</strong></span> <span class='ocrx_word' id='word_1_320' title='bbox 1194 2304 1230 2340; x_wconf 91' lang='lat' dir='ltr'><strong>in</strong></span> <span class='ocrx_word' id='word_1_321' title='bbox 1259 2318 1472 2354; x_wconf 87' lang='lat' dir='ltr'><strong>pargameno</strong></span> <span class='ocrx_word' id='word_1_322' title='bbox 1497 2308 1669 2358; x_wconf 85' lang='lat' dir='ltr'><strong>scriptam,</strong></span> 
     </span>
    </p>
   </div>
  </div>
 </body>
</html>
