1839 2652
849 272 934 308 xxiii

188 372 237 401 De
251 371 354 402 eodem
369 370 399 401 in
416 370 580 407 excambio,
603 371 641 401 fo.
660 370 734 400 ccxl.
760 370 886 410 (1283,)
1509 370 1543 399 P.
1561 371 1623 401 383

187 443 365 483 Resignatio
378 442 517 483 burgagii
531 442 562 472 in
578 443 606 472 le
620 441 786 472 Ratonraw
802 440 879 470 infra
895 439 1032 480 Glasgw,
1047 439 1086 469 fo.
1103 438 1188 469 ccxli.
1207 441 1246 478 (c.
1264 440 1373 480 1283‚)
1559 441 1623 472 384-

188 514 295 545 Adhuc
310 515 347 544 de
362 515 465 544 eodem
480 513 511 544 in
526 513 689 549 excambio,
706 513 745 542 fo.
762 511 848 542 ccxli.
867 512 992 551 (1283,)
1560 512 1623 541 384

187 585 280 614 Carta
295 588 395 614 nostra
410 583 547 624 burgagii
562 583 593 613 in
609 583 636 612 Ic
656 582 823 612 Ratonraw
839 582 876 611 de
893 581 1029 622 Glasgw,
1053 582 1091 611 fo.
1109 581 1195 611 ccxli.
1221 582 1260 620 (c.
1278 581 1386 619 1283‚)
1559 582 1622 611 385

186 653 361 683 Ratificatio
376 652 556 683 venditionis
570 651 709 692 burgagii
724 652 754 681 in
770 653 798 681 le
814 651 980 682 flamm-axv
996 651 1033 681 de
1050 651 1186 692 Glasgw,
1203 651 1241 681 fo.
1259 651 1357 682 ccxlii.
1376 651 1500 690 (1321‚)
1558 650 1622 681 386

186 723 353 752 Indentura
362 722 438 752 inter
448 732 500 751 nos
510 726 539 751 et
550 721 717 751 Patricium
729 721 855 751 Glowar
866 721 1044 760 burgensem
1053 721 1090 750 de
1101 721 1238 761 Glasgw‚
1250 721 1287 750 fo.
1300 721 1396 751 ccxlii.
1410 721 1535 762 (1413‚)
1559 722 1622 760 387

185 794 421 822 Instrumentum
437 791 622 822 alienationis
637 792 674 821 de
689 795 858 821 tenemento
874 790 1008 820 Mariote
1019 790 1158 821 Wilelmi
1173 791 1204 821 in
1218 791 1353 832 Glasgw,
1370 792 1408 821 fo.
1425 791 1534 822 ccxliii.

144 842 267 882 (1472)
1560 842 1623 872 388

184 913 421 942 Instrumentum
437 913 474 942 de
490 913 592 942 eodem
607 916 786 947 tenemento,
803 912 841 941 fo.
859 910 982 941 ccxliiii.
1002 911 1129 951 (1477‚)
1559 912 1622 944 390

182 984 296 1014 Adhuc
311 984 348 1013 de
363 984 476 1019 eodem,
493 983 531 1012 fo.
548 982 669 1013 ccxliiii.
688 983 814 1022 (1481‚)
1561 982 1620 1014 391

182 1054 274 1083 Aliud
290 1053 521 1083 instrumentum
538 1052 658 1082 Thome
674 1052 756 1082 Card
771 1052 809 1082 de
825 1052 962 1092 Glasgw,
986 1052 1024 1081 fo.
1043 1051 1150 1081 ccxlvi.
1169 1051 1295 1090 (1482)
1558 1052 1621 1084 392

182 1124 422 1153 Instrumentum
436 1122 645 1163 resignationis
661 1126 897 1152 tenementorum
913 1122 944 1151 in
959 1121 1095 1151 manibus
1110 1121 1289 1150 ballivorum
1308 1121 1346 1150 de
1362 1121 1487 1161 Glasgw
1504 1121 1535 1150 in

139 1175 270 1204 favorem
281 1173 458 1203 venerabilis
473 1173 565 1212 patris
581 1172 693 1202 domini
710 1173 837 1202 Roberti
852 1171 966 1202 abbatis
978 1172 1015 1201 de
1031 1171 1152 1201 Pasleto
1168 1175 1197 1200 et
1212 1175 1375 1201 conventus
1391 1171 1532 1210 ejusdem,

139 1225 176 1253 fu.
195 1224 301 1253 ccxlvi.
321 1224 445 1262 (1509‚)
1557 1223 1620 1254 394

184 1293 405 1328 procuratoria,
428 1292 467 1321 fo.
484 1291 601 1322 ccxlvii.
621 1292 745 1331 (1509‚)
1556 1292 1619 1324 395

183 1363 335 1393 Ultimum
350 1362 614 1392 instrumentorum
630 1361 722 1391 trium
738 1366 974 1391 tenementorum
990 1362 1021 1391 in
1038 1361 1174 1401 Glasgw,
1191 1362 1229 1390 fo.
1247 1360 1376 1391 ccxlviii.
1394 1362 1517 1402 (1509,)
1556 1362 1620 1400 397

183 1433 275 1462 Carta
292 1433 328 1462 de
343 1431 488 1471 burgagio
503 1431 534 1461 in
550 1432 578 1461 le
594 1431 784 1471 Fischargait
799 1433 835 1461 de
852 1431 988 1471 Glasgw,
1012 1431 1050 1461 fo.
1067 1431 1175 1461 ccxlix.
1201 1431 1325 1471 (1285)
1556 1433 1619 1464 399

183 1504 276 1533 Carta
302 1502 434 1531 WValteri
463 1501 518 1530 filii
541 1501 631 1531 Alani
660 1501 772 1530 domini
803 1502 896 1541 Regis
928 1501 1026 1531 Scotie
1049 1501 1212 1536 senescalli,
1236 1501 1272 1530 de
1296 1501 1415 1530 redditu
1442 1501 1532 1531 trium

138 1563 315 1587 marcarum,
339 1552 377 1581 fo.
394 1551 458 1581 ccli.
485 1551 693 1591 (1207—14‚)
1556 1553 1614 1581 401

181 1624 274 1652 Carta
290 1622 386 1652 Adam
402 1622 439 1651 de
455 1621 485 1650 N
488 1631 531 1650 ess
547 1621 584 1650 de
599 1621 694 1649 tribus
710 1621 816 1650 marcis
832 1621 1019 1660 supradictis,
1036 1621 1074 1650 fo.
1091 1620 1157 1650 ccli.
1176 1620 1385 1660 (1207—14,)
1557 1623 1615 1651 401

181 1686 274 1716 Carta
289 1683 521 1714 confirmationis
537 1682 650 1712 domini
667 1683 831 1712 Alexandri
846 1683 924 1723 regis
942 1682 1051 1718 Scotie,
1067 1683 1105 1712 de
1117 1682 1294 1722 supradictis
1305 1683 1399 1712 tribus
1415 1684 1530 1719 marcis.

138 1738 175 1765 fo.
192 1736 256 1765 ccli.
275 1735 397 1774 (1228.)
1556 1735 1618 1764 402

181 1807 229 1836 De
245 1806 379 1835 Renfrw.
405 1802 602 1834 Confirmatio
617 1803 676 1832 acti
692 1803 754 1832 sive
770 1803 892 1839 decreti,
908 1803 946 1832 so.
964 1802 1040 1832 cclii.
1059 1804 1181 1842 (1493‚)
1556 1805 1617 1834 403

181 1875 315 1904 Citation
331 1874 364 1903 of
372 1874 423 1903 the
437 1873 551 1911 bailges
566 1872 625 1916 and
641 1871 822 1901 communite
838 1872 872 1901 of
883 1872 1011 1902 Renfrw
1027 1872 1073 1901 for
1089 1872 1140 1901 the
1155 1876 1309 1912 custumys
1322 1872 1352 1901 in
1368 1873 1419 1902 the
1435 1873 1531 1902 thoun

137 1926 170 1955 of
183 1926 293 1965 Paslay
307 1924 488 1964 wrangwsly
504 1924 609 1962 mayn,
626 1922 663 1951 fo.
681 1922 757 1951 cclii.
776 1922 900 1961 (1495‚)
1555 1925 1616 1953 404

182 1995 346 2024 Indenture
372 1994 452 2023 maid
478 1993 597 2023 betuixs
613 2003 655 2022 ws
672 1992 771 2022 Abbot
787 1993 845 2022 and
860 1997 989 2022 convent
1014 1992 1048 2022 of
1070 1992 1182 2033 Paslay
1198 1992 1256 2022 and
1272 1992 1324 2022 the
1339 1991 1455 2022 bailliez
1471 1994 1530 2022 and

138 2045 317 2074 communite
341 2045 374 2073 of
397 2044 522 2075 Renfrw
538 2044 568 2073 in
595 2044 646 2073 the
667 2044 805 2083 reddyng
831 2043 864 2072 of
884 2043 935 2071 the
963 2042 1041 2071 richt
1067 2043 1203 2072 marchez
1230 2046 1261 2071 at
1287 2042 1338 2070 the
1364 2043 1530 2082 landymer,

137 2096 174 2124 fo.
192 2094 290 2124 ccliiii.
308 2095 428 2134 (1488‚)
1554 2094 1616 2123 406

180 2165 224 2194 Of
235 2165 286 2194 the
301 2175 435 2205 samyng‚
452 2165 628 2205 delyverans
643 2165 702 2194 and
718 2165 845 2201 decrete‚
869 2165 908 2195 fo.
925 2164 1024 2194 ccliiii.
1050 2165 1174 2203 (1488‚)
1553 2164 1615 2202 407

180 2235 376 2266 Confirmatio
392 2235 554 2265 Alexandri
570 2246 644 2275 pape
660 2236 696 2265 de
712 2235 841 2265 ecclesiis
858 2239 886 2264 et
902 2235 998 2270 terris,
1023 2234 1060 2263 fo.
1077 2233 1162 2263 cclvi.
1187 2233 1310 2273 (1172)
1553 2235 1614 2264 408

180 2305 375 2335 Confirmatio
391 2305 521 2335 Honorii
536 2316 611 2345 pape
626 2306 663 2335 de
678 2305 814 2335 omuibus
831 2305 959 2335 ecclesiis
976 2310 1003 2334 et
1020 2305 1115 2340 terris,
1139 2304 1176 2334 fo.
1195 2303 1290 2334 cclvii.
1310 2304 1498 2343 (1:225-7‚)
1552 2306 1613 2335 410
