1839 2652
743 253 813 288 DE
842 251 1112 288 PASSELET.
1600 257 1670 287 953

183 406 415 442 Confirmatio
444 406 599 442 Wilelmi
628 407 719 453 regis
747 406 874 447 Scotie,
907 406 950 440 de
980 405 1196 440 Moniabrok
1225 410 1259 440 et
1290 405 1332 440 de
1362 404 1533 453 piscatura
1552 406 1666 441 Louc-

181 462 349 510 wynhok.

181 574 462 610 WILELMUS
482 575 552 610 Dei
569 576 681 622 gratia
698 588 761 610 rex
780 576 981 610 Scottorum
1000 575 1162 610 omnibus
1188 575 1304 623 probis
1331 575 1530 610 hominibus
1557 577 1664 610 totius

179 636 273 665 terre
291 630 350 665 sue
368 631 502 666 clericis
520 637 555 666 et
572 631 667 666 laicis
684 631 841 666 salutem.
895 631 1012 666 Sciant
1029 630 1206 678 presentes
1225 637 1259 666 et
1277 632 1387 667 futuri
1401 645 1456 667 me
1471 631 1664 668 conceffiffe

180 693 214 721 et
232 687 296 722 hac
313 692 408 722 carta
425 700 503 722 mea
520 687 736 722 confirmaffe
756 687 838 722 Deo
869 692 903 722 et
932 687 1068 722 ecclefie
1089 688 1218 722 Sancte
1239 687 1356 722 Max-ie
1387 694 1421 724 et
1452 689 1663 724 Sanctorum

178 743 300 778 Jacobi
319 749 354 778 et
373 743 498 778 Mirini
516 743 559 778 de
578 743 736 784 Pafl'elet,
766 748 800 778 et
818 744 998 778 monachis
1016 743 1143 778 ibidem
1164 744 1245 778 Deo
1264 743 1502 786 servientibus,
1533 752 1663 780 terram

179 800 222 833 de
238 799 454 835 Moniabrok
472 800 509 834 in
527 799 690 846 Stragriff
703 812 806 845 quam
828 799 965 833 Alanus
983 799 1074 834 filius
1092 799 1239 834 Walteri
1258 801 1305 834 eis
1325 801 1430 841 dedit,
1451 814 1513 848 per
1527 801 1663 837 easdem

178 856 292 890 rectas
310 856 432 890 divilas
449 868 517 902 que
534 854 659 902 scrIpte
677 854 756 890 sunt
774 860 809 889 et
827 855 1007 889 nominate
1026 856 1062 889 in
1081 861 1176 889 carta
1194 856 1342 902 predicti
1360 856 1492 899 Alani3
1523 857 1663 893 Tenen-

178 912 257 946 dam
277 912 311 945 in
330 911 473 946 liberam
504 917 538 946 et
564 917 768 959 perpetuam
802 910 1035 951 elemosinam,
1065 925 1144 946 eum
1164 912 1308 946 dimidia
1325 912 1495 959 piscatura
1512 914 1549 948 in
1567 916 1663 949 exitu

177 968 271 1002 lacus
290 968 333 1002 de
353 967 622 1014 Loucwynhok,
655 973 689 1001 et
715 980 794 1001 cum
813 967 973 1001 libertate
991 967 1144 1014 piscandi
1162 968 1197 1001 in
1216 967 1287 1015 ipso
1306 968 1383 1003 lacu
1403 969 1446 1003 de
1466 969 1664 1017 Loucwyn-

178 1023 248 1058 hok
266 1024 427 1070 quotiens
454 1023 522 1071 ipse
552 1023 691 1058 Alanus
718 1024 765 1058 ibi
795 1022 917 1071 piscari
947 1023 1059 1064 faciet,
1093 1029 1128 1058 et
1159 1036 1238 1058 cum
1271 1025 1432 1059 omnibus
1458 1025 1663 1061 aifiamentis

177 1079 364 1127 prescripte
382 1086 487 1121 terre,
515 1080 563 1114 ita
580 1080 700 1121 libere,
728 1080 856 1126 quiete,
884 1080 1040 1127 plenarie
1060 1086 1094 1115 et
1113 1080 1306 1115 honorifice
1332 1080 1416 1116 ficut
1433 1082 1517 1117 alias
1536 1083 1663 1118 elemo-

177 1134 262 1170 finas
280 1135 355 1170 suas
372 1136 525 1177 liberius,
557 1137 719 1182 quietius,
752 1137 889 1184 plenius
915 1142 949 1170 et
976 1137 1266 1171 honorificentius
1284 1142 1407 1172 tenent
1426 1144 1461 1173 et
1478 1137 1660 1186 poffident,

177 1198 211 1226 et
223 1190 306 1226 ficut
321 1198 415 1226 carta
428 1193 577 1239 predicti
594 1192 701 1226 Alani
720 1192 874 1233 testatur,
896 1193 1000 1228 Salvo
1015 1192 1154 1227 servitio
1168 1206 1258 1228 meo.
1312 1194 1482 1236 Testibus,
1507 1196 1662 1242 Hugone

176 1248 383 1282 cancellario
414 1261 504 1289 meo,
539 1248 699 1295 Philippo
731 1249 773 1282 de
802 1249 931 1284 Valon'
951 1250 1152 1290 camerario,
1186 1250 1346 1285 Roberto
1374 1251 1416 1285 de
1445 1251 1571 1287 Londe
1589 1253 1661 1287 filio

176 1317 266 1345 meo,
288 1304 454 1339 lVilelmo
473 1305 515 1348 de
536 1304 640 1345 Haia,
662 1304 827 1339 W'ilelmo
847 1304 1006 1352 Gyffard,
1034 1306 1243 1340 Alexandro
1258 1307 1463 1342 vicecomite
1482 1309 1524 1343 de
1544 1309 1664 1344 Streu-

175 1360 267 1407 leyn,
297 1359 462 1395 Wilelmo
482 1360 511 1395 F
514 1359 676 1401 landres',
711 1361 869 1396 Henrico
889 1362 931 1396 de
951 1362 1121 1403 Graham,
1153 1362 1312 1397 Henrico
1345 1363 1387 1398 de
1418 1364 1659 1407 Cormannok‚

177 1416 338 1464 Philippo
357 1417 400 1451 de
420 1416 588 1458 Lunduu,
609 1417 703 1464 apud
722 1417 963 1453 Clacmannan
982 1418 1141 1453 vicefimo
1160 1420 1283 1466 quinto
1302 1421 1357 1455 die
1378 1420 1477 1456 Maii.

176 1585 409 1620 Confirmatio
428 1585 560 1620 domini
582 1585 778 1620 Alexandri
798 1587 889 1633 regis
909 1587 1035 1628 Scotie,
1069 1593 1243 1622 terrarum
1263 1589 1306 1623 de
1327 1589 1544 1625 Moniabrok
1563 1598 1597 1626 et
1617 1593 1660 1626 de

174 1642 299 1677 foresto
318 1642 410 1677 inter
429 1642 578 1689 Machyt
595 1648 630 1677 et
651 1643 879 1678 Kalledouer.
912 1634 947 1649 ’ν

177 1753 510 1789 ALEXANDER
542 1755 613 1790 Dei
642 1756 756 1802 gratia
785 1767 849 1789 rex
876 1756 1079 1791 Scottorum
1115 1758 1276 1793 omnibus
1310 1759 1427 1806 probis
1461 1760 1660 1797 hominibus

174 1811 283 1844 totius
300 1816 393 1845 terre
411 1810 469 1845 sue
487 1810 644 1846 salutem.
698 1811 820 1847 Sciatis
837 1825 902 1846 nos
920 1811 1114 1848 concefliffe
1141 1820 1176 1849 et
1202 1815 1265 1850 hac
1288 1822 1385 1851 carta
1401 1817 1517 1852 nostra
1534 1820 1659 1853 confir-

175 1865 278 1900 maffc
296 1866 475 1901 monachis
493 1867 536 1901 de
555 1866 712 1908 Paffelet‚
741 1874 871 1904 terram
890 1870 933 1904 de
952 1868 1180 1911 Moniabr0k‚
1201 1876 1235 1906 et
1253 1877 1383 1907 terram
1401 1874 1494 1908 inter
1513 1874 1660 1922 Machyt

175 1928 210 1956 et
227 1921 420 1963 Keldouer‚
440 1923 475 1956 in
490 1923 664 1957 forestum.
719 1924 839 1966 Quare
851 1925 1077 1973 prohibemus
1091 1927 1240 1962 firmiter
1258 1941 1302 1963 ne
1320 1930 1395 1975 quis
1413 1931 1449 1964 in
1468 1932 1516 1966 eis
1534 1931 1659 1978 absque

175 1978 417 2025 predictorum
447 1979 702 2014 monachorum
719 1980 860 2016 licentia
877 1981 967 2016 secet
984 1988 1046 2017 aut
1064 1989 1224 2025 venetur,
1253 1984 1354 2032 super
1372 1986 1523 2022 nostram
1541 1989 1659 2035 plena-

175 2035 262 2068 riam
280 2032 539 2068 forisfacturam
558 2035 678 2069 decem
696 2035 874 2072 librarum.
928 2038 1099 2080 Testibus,
1132 2039 1290 2075 VValtero
1309 2041 1448 2077 Olifard
1468 2043 1658 2090 justiciario

177 2089 372 2130 Laudonie,
407 2089 565 2126 Henrico
596 2091 640 2125 de
671 2091 772 2126 Baill’
798 2095 1000 2136 camerario,
1029 2095 1193 2131 Johanne
1212 2097 1254 2131 de
1275 2096 1534 2140 MaccueswelL
1565 2103 1659 2148 apud

177 2145 372 2192 Edenbrug
389 2146 424 2180 xi
442 2146 497 2181 die
519 2147 663 2194 Aprilis.
