1870 2683
628 272 697 307 DE
727 271 994 307 PASSELET.
1480 276 1549 306 305

71 422 257 470 Privilegia
287 423 450 465 Hormi-ii,
480 425 658 471 Gregorii,
689 425 851 459 Nicholai
879 430 913 459 et
946 424 1152 465 Alexandri,
1180 437 1244 471 pro
1264 424 1385 460 ordine
1405 424 1547 460 Clunia-

68 479 157 514 cenfi
176 486 210 514 et
228 480 391 514 membris
410 480 574 527 ejusden).

68 593 166 629 NOS
192 594 310 630 Judex
341 595 451 641 major
485 593 721 629 Cluniacenfis
747 600 782 628 et
812 607 876 628 nos
905 594 1186 628 Archidiaconus
1208 594 1320 641 judex
1347 593 1544 629 ordinarius

64 650 251 697 spiritualis
282 650 366 684 dieti
395 650 462 684 loci
494 655 618 685 notum
646 650 791 684 facimus
808 649 974 684 univerfis
991 650 1167 697 presentes
1185 651 1318 685 litteras
1336 650 1542 698 inspecturis

64 708 157 753 quod
176 720 239 741 nos
258 707 416 747 vidimus,
446 707 632 747 tenuimus,
662 707 809 752 legimus
828 711 862 740 et
879 706 1106 753 palpavimus,
1134 719 1173 740 ac
1200 719 1263 753 per
1293 707 1440 741 dilectos
1466 706 1541 741 nos-

61 771 134 799 tros
153 770 187 798 et
206 764 324 799 fideles
352 763 510 797 dominos
531 762 753 796 Anthonium
776 761 909 796 Roffeti
928 768 962 796 et
985 762 1184 798 Johannem
1205 763 1247 797 de
1267 762 1392 803 Vinea,
1412 763 1540 810 probos

63 821 217 854 notarios
235 819 393 867 publicos
412 824 446 853 et
465 819 640 853 curiarum
659 818 853 852 nostrarum
875 818 1023 865 juratos,
1043 819 1165 858 videri,
1185 818 1264 864 legi,
1288 818 1420 865 palpari
1435 832 1477 854 ac
1496 820 1539 854 de

59 876 166 910 verbo
179 876 222 910 ad
234 875 378 910 verbum
394 875 611 909 collationari
625 874 769 908 fecimus
783 873 944 920 quasdam
961 874 1147 920 originales
1158 875 1290 909 litteras
1305 875 1412 910 felicis
1424 889 1538 911 recor-

60 932 209 966 dationis
227 931 451 965 dominorum
473 930 627 964 Honorii
646 930 771 976 quarti,
793 930 960 976 Gregorii
988 931 1084 969 noni,
1114 930 1276 964 Nicholai
1295 932 1400 971 tertii,
1429 932 1538 967 Alex-

57 988 158 1022 andri
175 987 300 1033 quarti,
329 999 408 1021 cum
440 986 506 1020 filis
536 985 671 1020 sericeis
694 985 793 1020 rubei
824 992 859 1021 et
887 987 1000 1021 crocei
1029 987 1200 1027 colorum,
1229 1000 1369 1021 necnon
1401 987 1536 1023 Urbani

56 1044 180 1091 quarti,
209 1043 385 1090 quondam
410 1043 657 1076 Romanorum
684 1043 891 1089 pontificum
918 1055 997 1077 cum
1027 1043 1171 1077 cordula
1189 1043 1328 1090 canapis
1346 1056 1444 1078 more
1465 1044 1536 1079 Ro-

54 1113 156 1135 mane
171 1101 265 1134 curie
283 1099 501 1146 impendenti
519 1098 667 1132 bullatas
686 1098 744 1132 seu
765 1099 972 1145 plumbatas,
1004 1098 1101 1133 sanas
1131 1099 1272 1145 quidem
1304 1105 1338 1134 et
1369 1100 1533 1147 integras,

55 1170 127 1191 non
146 1155 364 1195 cancellatas,
380 1168 452 1189 non
471 1155 607 1189 vitiatas
621 1167 686 1189 nec
704 1155 740 1188 in
758 1155 873 1202 aliqua
890 1153 939 1189 sui
957 1161 1056 1203 parte
1068 1154 1240 1202 suspectas
1255 1154 1312 1190 sed
1327 1157 1422 1190 omni
1436 1170 1534 1204 pror-

53 1213 106 1247 sus
126 1213 210 1247 vitio
230 1217 263 1246 et
281 1211 466 1258 suspitione
485 1216 653 1251 carentes,
674 1224 821 1257 quarum
840 1217 980 1246 tenores
998 1211 1190 1258 sequuntur
1209 1217 1243 1246 et
1257 1211 1335 1246 sunt
1353 1212 1450 1247 tales.

424 1333 560 1373 [Bullam
578 1333 708 1362 Honorii
725 1333 833 1369 Quarti
849 1333 917 1362 vide
932 1333 1019 1372 supra
1034 1343 1061 1372 p.
1079 1334 1166 1373 301]

49 1439 360 1476 GREGORIUS
379 1438 558 1486 episcopus
574 1439 690 1473 servus
709 1438 886 1473 servorum
908 1439 978 1473 Dei
997 1439 1133 1474 dilectis
1152 1438 1230 1473 filiis
1246 1439 1376 1474 Abbati
1396 1445 1430 1474 et
1449 1453 1530 1474 con-

48 1498 169 1532 ventui
189 1494 409 1531 Cluniacenfi
427 1494 572 1529 salutem
600 1501 634 1529 et
666 1495 886 1541 apostolicam
915 1495 1210 1530 benedictionem.
1264 1495 1355 1530 Cum
1384 1510 1404 1530 a
1429 1496 1529 1531 nobis

49 1555 179 1601 petitur
198 1552 292 1599 quod
316 1551 446 1600 justum
468 1551 514 1585 est
532 1556 566 1586 et
585 1551 778 1591 honestum,
807 1556 877 1585 tarn
896 1552 997 1597 vigor
1016 1552 1176 1598 equitatis
1194 1565 1296 1598 quam
1316 1553 1402 1586 ordo
1422 1554 1529 1599 exigit

48 1610 191 1644 rationis
209 1614 249 1643 ut
266 1609 302 1643 id
320 1621 382 1655 per
399 1607 669 1642 sollicitudinem
689 1606 792 1641 officii
812 1607 918 1641 nostri
937 1608 980 1641 ad
999 1607 1155 1642 debitum
1186 1608 1400 1655 perducatur
1431 1609 1528 1644 effec-

47 1673 131 1701 tum.
185 1665 238 1699 Ea
255 1670 400 1712 propter
414 1663 534 1698 dileffl
553 1663 588 1697 in
604 1663 763 1697 Domino
779 1663 851 1704 filii,
873 1664 991 1698 vestris
1003 1664 1102 1711 justis
1120 1664 1409 1711 postulationibus
1426 1671 1527 1712 grato

47 1728 296 1757 concurrentes
314 1719 455 1760 affensu,
476 1719 574 1754 vobis
593 1724 627 1753 et
645 1719 809 1753 fratribus
827 1719 944 1754 vestris
958 1720 1168 1754 auctoritate
1182 1720 1393 1768 presentium
1413 1722 1525 1756 indul·
1537 1737 1655 1769 Perceptio
1671 1741 1810 1765 decimarum

46 1791 168 1824 genius
185 1782 225 1811 ut
243 1776 332 1810 infra
349 1776 547 1823 parrochias
565 1775 702 1816 vestras,
722 1789 786 1822 pro
806 1789 846 1810 ea
862 1777 1026 1823 portione
1044 1789 1108 1823 pro
1136 1790 1205 1822 qua
1221 1782 1357 1811 veteres
1376 1777 1524 1812 decimas
1566 1773 1689 1797 novalium.

46 1835 93 1868 ibi
112 1833 244 1867 habetis
262 1838 366 1877 atque
384 1832 571 1878 percipitis,
592 1831 634 1865 de
653 1831 836 1866 novalibus
854 1833 1029 1867 reddafi‘cis
1047 1833 1186 1867 noviter
1203 1833 1247 1866 ad
1265 1833 1436 1867 culturam
1456 1847 1523 1880 que

47 1904 66 1924 a
84 1896 242 1936 tempore
260 1888 358 1934 cujus
376 1900 448 1921 non
468 1893 562 1921 extat
580 1888 749 1921 memoria
766 1900 838 1921 non
855 1887 999 1922 fuerunt
1017 1889 1164 1929 exculta,
1181 1889 1331 1923 decimas
1344 1890 1522 1936 percipere

45 1946 197 1980 valeatis.
252 1943 352 1978 Nulli
371 1956 455 1989 ergo
474 1943 618 1977 omnino
637 1943 818 1977 hominum
837 1944 939 1979 liceat
957 1945 1046 1979 hanc
1063 1946 1224 1992 paginam
1255 1945 1368 1980 nostre
1387 1946 1523 1981 conces-

45 2002 146 2036 fionis
164 2000 354 2046 infringere
372 1999 429 2034 vel
448 2000 479 2033 ei
497 1999 581 2033 ausu
606 2000 793 2033 temerario
822 2001 1007 2035 contraire.
1060 2001 1096 2035 Si
1126 2002 1201 2047 quis
1232 2007 1349 2035 autem
1378 2002 1443 2035 hoc
1474 2008 1523 2036 at-

44 2063 215 2105 temptare
234 2054 488 2104 presumpserit,
517 2056 793 2102 indignationem
813 2057 1064 2102 omnipotentis
1083 2056 1153 2090 Dei
1173 2063 1206 2090 et
1224 2056 1406 2090 beatorum
1428 2057 1523 2091 Petri

45 2120 79 2149 et
98 2113 198 2148 Pauli
216 2111 450 2159 apostolorum
480 2111 554 2158 ejus
572 2112 604 2146 se
623 2112 763 2146 noverit
781 2112 1011 2146 incursurum.
1064 2112 1199 2146 Datum
1220 2110 1316 2146 Afifii
1335 2113 1372 2159 ij⁰
1392 2112 1521 2147 Kalen-

46 2171 104 2204 das
123 2169 223 2205 Junii
239 2167 463 2215 pontificatus
480 2166 585 2201 nostri
604 2179 696 2200 anno
714 2166 877 2201 secundo.
922 2167 1189 2202 NICOLAUS
1208 2168 1385 2215 episcopus
1404 2168 1521 2203 servus

44 2229 223 2262 servorum
251 2225 322 2259 Dei
358 2225 494 2259 dilectis
524 2224 602 2258 filiis
622 2223 753 2258 Abbati
785 2229 819 2257 et
847 2223 1037 2257 conventui
1068 2222 1287 2258 Cluniacenfi
1314 2222 1458 2259 salutem
1485 2231 1520 2259 et

44 2283 263 2331 apostolicam
281 2281 575 2315 benedictionem.
629 2279 720 2315 Cum
739 2293 759 2313 a
775 2279 875 2313 nobis
892 2279 1024 2325 petitur
1041 2278 1136 2325 quod
1155 2278 1287 2326 justum
1318 2279 1365 2314 est
1395 2285 1429 2314 et
1457 2280 1518 2315 ho-

44 2341 187 2379 nestum,
208 2344 278 2372 tam
297 2338 397 2383 vigor
415 2337 574 2383 equitatis
592 2349 694 2382 quam
713 2335 800 2370 ordo
819 2335 926 2381 exigit
943 2335 1086 2369 rationis
1104 2341 1143 2369 ut
1172 2335 1209 2369 id
1238 2348 1300 2382 per
1318 2335 1517 2371 sollicitudi-

767 2395 789 2425 ‘2
809 2403 832 2428 Q
