1839 2652
178 287 247 325 1752
572 278 887 316 REGISTRUM
916 277 1256 314 MONASTERII

177 380 315 428 plenius
334 384 368 413 et
387 378 510 413 melius
528 382 721 412 tenuerunt
738 376 794 411 vel
813 373 1028 423 poffiderunt
1046 387 1113 415 eas»,
1133 379 1293 421 tempore
1311 372 1415 420 hujus
1433 373 1658 409 conceffionis

179 449 255 470 mee
273 435 329 470 vel
347 439 440 475 ante,
456 435 503 468 ita
520 434 629 468 libere
645 439 679 468 et
696 433 813 479 quiete
832 438 867 467 et
884 431 1077 465 honorifice
1094 429 1179 464 ficut
1197 430 1312 476 aliqua
1329 428 1514 464 elemofina
1527 431 1563 465 in
1581 436 1658 466 toto

179 504 290 538 regno
310 491 426 525 Scotie
445 490 597 530 liberius,
626 489 777 536 quietius
795 493 830 523 et
847 487 1138 522 honorificentius
1157 499 1200 520 ex
1219 486 1313 520 dono
1332 487 1468 520 comitis
1485 486 1542 521 vel
1559 486 1660 521 baro-

178 549 231 581 nis
250 553 390 582 tenetur
409 553 444 581 et
462 546 662 594 possidetur.
717 545 797 579 Hiis
814 544 965 584 testibus,
986 543 1130 578 domino
1148 542 1304 576 Waltero
1320 542 1451 576 Cumin
1469 542 1598 576 comite
1617 542 1659 576 de

180 603 358 643 Mentem,
388 602 572 642 Amelech,
612 600 765 642 Gilcrist,
794 601 983 641 Duncano,
1011 599 1177 634 fratribus
1205 598 1301 638 meis,
1332 597 1509 632 Mauricio
1537 597 1660 632 Mach-

178 659 245 705 gal,
276 658 451 693 Mauricio
475 659 517 693 de
537 656 630 699 Luff,
659 658 824 694 Umfrido
845 655 1043 704 Kyspatrik,
1073 654 1280 689 Sumerledo
1309 654 1351 688 de
1382 653 1530 695 Dalcru,
1552 654 1660 688 Ame-

179 715 254 750 lech
269 715 423 762 juniore,
452 714 627 749 Mauricio
647 714 826 762 capellano
846 726 936 753 meo,
959 711 1135 746 Michaele
1153 711 1226 745 filio
1246 710 1362 750 Edolf,
1383 716 1418 745 et
1436 710 1555 745 inultis
1573 710 1658 744 aliis.

181 883 289 918 Carta
306 884 582 918 confirmationis
600 884 733 917 domini
754 882 949 917 Alexandri
968 881 1059 928 regis
1077 880 1205 920 scotie,
1228 879 1330 927 super
1348 881 1451 914 terris
1477 880 1521 914 de
1549 879 1660 914 Leve-

179 953 248 974 nax
266 946 300 974 et
319 939 459 975 ecclefia
476 941 519 975 de
540 939 738 988 Kylpatrik.

184 1052 517 1089 ALEXANDER
547 1052 618 1087 Dei
647 1052 761 1099 gratia
790 1064 852 1086 rex
883 1050 1085 1085 Scottorum
1117 1050 1277 1084 omnibus
1314 1049 1430 1096 probis
1461 1049 1660 1083 hominibus

182 1111 288 1144 totius
306 1115 399 1144 terre
417 1108 476 1144 sue
494 1109 628 1144 clericis
659 1115 693 1143 et
722 1107 818 1142 laicis
844 1105 1001 1141 salutem.
1055 1107 1172 1141 Sciant
1189 1105 1366 1153 presentes
1397 1111 1431 1140 et
1461 1105 1571 1140 futuri
1597 1117 1661 1139 nos

182 1163 375 1200 conceffiffe
394 1172 429 1199 et
448 1166 510 1199 hac
529 1170 624 1199 carta
650 1177 728 1199 mea
753 1161 970 1198 confirmaffe
989 1163 1217 1198 donationem
1236 1163 1332 1196 illam
1350 1175 1453 1208 quam
1475 1161 1661 1195 Maldove-

181 1235 246 1256 nus
265 1234 380 1256 comes
400 1222 442 1256 de
462 1221 631 1256 Levenax
649 1221 731 1255 fecit
749 1219 832 1254 Deo
851 1225 885 1254 et
913 1220 1050 1254 sanetis
1067 1218 1202 1254 Jacobo
1230 1224 1264 1252 et
1297 1217 1432 1252 Mirino
1452 1217 1494 1251 de
1514 1215 1662 1251 Paffelet

181 1284 215 1311 et
235 1278 412 1312 monachis
431 1277 559 1312 ibidem
579 1277 660 1311 Deo
679 1275 918 1315 servientibus,
946 1276 988 1309 de
1008 1273 1148 1310 eeclefia
1174 1275 1216 1309 de
1246 1273 1434 1321 Kylpatrik
1453 1286 1533 1308 cum
1552 1273 1663 1307 omni-

181 1336 244 1369 bus
256 1335 355 1382 justis
372 1335 593 1382 pertinentiis
610 1334 703 1369 suis:
732 1333 939 1368 Tenendam
961 1337 996 1366 et
1014 1330 1209 1365 habendam
1240 1330 1277 1364 in
1304 1329 1451 1363 liberam
1482 1334 1516 1363 et
1541 1341 1663 1376 perpe-

180 1398 276 1425 tuam
292 1390 524 1432 elemofinam,
544 1392 592 1425 ita
609 1391 729 1431 libere,
749 1390 866 1436 quiete
885 1394 919 1423 et
937 1387 1130 1422 honorifice
1145 1385 1229 1420 ficut
1241 1391 1336 1420 carta
1350 1386 1499 1433 predicti
1516 1385 1663 1420 Comitis

181 1448 347 1495 predictis
365 1448 543 1482 monachis
563 1448 643 1481 inde
663 1447 825 1482 conibeta
835 1445 926 1493 juste
941 1444 1094 1479 testatur.
1148 1442 1318 1483 Testibus‚
1335 1442 1497 1489 magistro
1514 1441 1662 1476 Matheo

182 1504 400 1544 cancellario,
428 1503 594 1538 &Vilelmo
615 1504 747 1538 Cumin
765 1503 892 1537 comite
911 1502 953 1535 de
974 1499 1133 1534 Buchain
1145 1499 1336 1546 justiciario
1355 1498 1482 1538 Scotie‚
1504 1497 1662 1532 lValtero

182 1559 311 1594 Olifart
324 1559 513 1606 justiciario
533 1559 729 1600 Laudonie,
759 1558 918 1593 Waltero
937 1557 1010 1591 filio
1030 1556 1138 1590 Alani
1156 1553 1353 1595 senescallo,
1377 1554 1399 1590 J
1403 1554 1541 1588 ohanne
1560 1553 1662 1588 Max-

181 1616 275 1656 well‚
305 1615 412 1650 Petro
432 1616 474 1650 de
495 1615 636 1656 Valon',
666 1615 849 1649 Bernardo
868 1611 1001 1653 Fre-ser,
1031 1611 1142 1659 Apud
1161 1611 1347 1658 Stervelyn
1366 1609 1525 1645 vicefimo
1543 1609 1662 1645 secun-

185 1672 229 1705 do
248 1672 303 1706 die
322 1670 445 1705 mensis
464 1670 633 1706 Oetobris
651 1683 744 1705 anno
764 1670 863 1717 regni
881 1668 987 1704 nostri
1005 1667 1280 1714 quartodecimo.

184 1824 415 1859 Confirmatio
434 1830 608 1858 terrarum
637 1824 679 1858 de
712 1823 953 1858 Drumtocher
984 1827 1018 1856 et
1049 1820 1317 1867 Drumtglunan
1336 1821 1371 1854 in
1392 1820 1569 1861 Levenax,
1601 1833 1664 1867 per

185 1880 430 1914 Alexandrum
449 1892 580 1926 regem.

188 1991 518 2027 ALEXANDER
541 1991 611 2026 Dei
628 1992 742 2038 gratia
763 2004 826 2025 rex
841 1991 1026 2026 Scotorum
1040 1988 1201 2024 omnibus
1214 1988 1331 2036 probis
1345 1988 1543 2024 hominibus
1557 1988 1665 2022 totius

185 2057 278 2083 terre
296 2047 354 2083 sue
372 2047 528 2089 salutem,
550 2047 683 2082 clericis
714 2054 748 2082 et
776 2047 881 2081 laicis.
934 2046 1051 2081 Sciant
1081 2044 1258 2093 presentes
1288 2051 1324 2079 et
1350 2045 1460 2080 futuri
1490 2057 1554 2079 nos
1584 2058 1666 2079 con-

186 2103 309 2140 ceffiffe
328 2110 363 2139 et
380 2105 444 2139 hac
463 2109 558 2138 carta
575 2103 691 2138 nostra
707 2100 924 2138 confirmaffe
942 2103 1169 2137 donationem
1186 2101 1281 2136 illam
1299 2114 1402 2148 quan]
1428 2101 1665 2136 Maldovenus

187 2174 303 2195 comes
333 2161 376 2195 de
405 2160 573 2194 Levenax
590 2160 672 2194 fecit
690 2159 772 2194 Deo
801 2165 836 2193 et
866 2157 1004 2194 ecclesie
1023 2158 1236 2194 sancitorum
1261 2157 1285 2193 J
1287 2158 1385 2192 acobi
1415 2163 1450 2192 et
1479 2157 1605 2192 Mirini
1623 2158 1665 2191 de

190 2216 334 2251 Passelet
352 2223 387 2251 et
404 2217 583 2251 monachis
601 2216 728 2250 ibidem
749 2215 830 2250 Deo
847 2214 1087 2256 servientibus,
1115 2215 1159 2249 de
1184 2220 1260 2248 tota
1284 2219 1379 2248 terra
1395 2213 1455 2248 illa
1472 2214 1515 2248 de
1535 2213 1665 2248 Drum-

187 2274 308 2308 tocher
339 2279 374 2307 et
401 2274 444 2307 de
470 2279 545 2307 tota
562 2273 622 2307 illa
639 2280 734 2307 terra
751 2272 794 2306 de
813 2270 1159 2317 Drumtechglunan,
1188 2282 1268 2304 cum
1295 2269 1457 2304 omnibus
1475 2269 1665 2303 earundem

188 2329 406 2378 pertinentiis
425 2336 459 2364 et
479 2329 590 2364 divifis
608 2329 724 2369 rectis,
756 2330 805 2363 ita
833 2328 936 2376 plene
962 2326 1046 2362 ficut
1066 2326 1240 2361 Radulfus
1258 2326 1458 2373 capellanus
1475 2338 1573 2360 meus
1590 2325 1666 2359 illas
