1870 2683
624 281 694 315 DE
722 280 994 316 PASSELET.
1484 286 1556 321 ζ299

64 382 221 412 ratorum
239 389 309 422 quo
321 376 454 424 justum
471 377 577 412 fuerit
595 376 809 424 responsuris
841 383 875 412 et
906 378 1054 413 alterius
1085 377 1293 424 proceffuris
1313 384 1354 413 ut
1379 378 1485 413 suerit
1502 391 1553 412 ru-

64 434 194 476 tionis;
222 433 320 468 vobis
341 434 433 468 enim
452 439 487 468 et
505 433 648 468 cuilibet
666 434 816 468 vestrum
844 433 1033 469 insolidum
1060 447 1129 480 quo
1160 435 1203 469 ad
1235 435 1301 469 hoe
1331 440 1455 469 tenore
1473 447 1549 481 pre-

63 488 213 525 sentium
232 490 484 524 committimus
498 490 590 524 vices
608 489 740 524 nostras
754 490 867 525 donec
885 503 942 525 eas
961 491 1004 525 ad
1023 503 1087 524 nos
1106 490 1309 525 duxerimus
1323 491 1548 525 revocandas.

68 545 113 580 Et
130 546 296 592 quoniam
314 546 550 580 intelleximus
567 546 663 592 quod
676 546 778 580 multi
793 546 1050 587 malefa&ores,
1068 546 1188 580 Deum
1201 559 1274 581 non
1289 547 1464 587 timentes,
1484 559 1549 581 nee

64 601 135 637 sedi
161 602 346 649 apostolice
364 607 576 642 reverentes,
597 602 692 637 dieta
709 602 891 649 privilegia
908 601 969 637 seu
986 601 1162 650 processus
1181 603 1376 637 eorundem
1395 603 1547 650 rapiunt,

64 663 238 706 occupant
256 663 291 693 et
309 658 468 692 detinent
498 663 533 692 et
551 658 726 692 violenter
751 658 928 698 auferunt,
957 671 1098 693 necnon
1125 671 1212 704 quos
1243 658 1338 693 dieta
1367 659 1550 706 privilegia

63 713 121 750 seu
139 713 314 762 procefl'us
332 715 526 749 eorundem
544 719 688 761 portant
705 714 762 748 vel
785 719 1009 760 exequuntur
1033 714 1186 761 capiunt,
1215 714 1413 755 verberant,
1443 715 1549 762 impe-

64 771 165 806 diunt
183 776 217 806 et
234 771 318 805 alias
336 770 578 817 multipliciter
596 769 821 816 injuriantur,
842 770 878 803 in
897 769 1125 817 obprobrium
1145 770 1239 804 die'ce
1258 769 1345 805 sedis
1363 770 1547 818 apostolice

63 833 98 861 et
117 827 308 874 dampnum
328 827 505 861 dietorum
522 825 766 872 religiosorum
785 838 860 860 non
877 826 1067 866 modicum,
1097 825 1174 860 Nos
1191 831 1308 860 auten]
1328 832 1368 860 ut
1385 832 1547 861 tenemur

63 882 222 917 volentes
240 882 276 916 in
294 882 358 916 hac
375 887 474 929 parte
492 881 714 928 apostolicam
727 881 1012 929 jurisdietionem
1040 887 1075 916 et
1101 881 1236 916 nostros
1253 880 1429 928 procefl'us
1446 882 1549 929 super

63 939 127 973 hec
145 944 323 973 emanatos
341 938 541 979 defendere,
567 939 753 985 rapientes,
774 943 998 985 occupanteS,
1027 938 1230 972 detentores
1249 938 1425 973 dietorum
1445 939 1550 985 privi-

62 994 236 1041 legiorum
255 1000 290 1029 et
307 994 505 1029 nostrorum
523 993 743 1041 proceffuum
763 1000 887 1029 contra
904 994 1124 1028 voluntatem
1139 994 1316 1028 dietorum
1329 994 1547 1035 nuntiorum,
1571 1003 1823 1032 1111pedicntespmce12

61 1063 201 1086 necnon
220 1051 406 1098 capientes,
426 1050 652 1085 verberantes
671 1056 706 1085 et
723 1050 957 1097 impedientes
976 1049 1153 1084 occafione
1171 1047 1415 1097 premissorum
1434 1050 1549 1084 dictos
1584 1035 1823 1090 ffifflstif¹2¹2¹,¹,¹fi}„ffl⁰m'

62 1107 207 1141 nuntios
225 1113 260 1141 et
278 1107 471 1141 eorundem
491 1112 737 1153 exequutoreS,
758 1113 792 1141 et
811 1106 939 1141 eisdem
959 1107 1051 1141 circa
1067 1104 1228 1153 premifl'a
1246 1105 1436 1153 prestantes
1453 1108 1550 1140 auxi-

63 1163 160 1204 lium,
189 1162 369 1198 confilium
387 1163 444 1198 vel
463 1163 619 1197 favorem
638 1163 674 1196 in
693 1161 871 1210 premissis,
900 1175 987 1209 quos
1010 1175 1075 1196 nos
1100 1168 1245 1209 propter
1275 1162 1339 1196 hec
1368 1175 1489 1196 omnes
1515 1169 1550 1197 et

62 1218 214 1266 singulos
232 1219 417 1266 apostolica
446 1219 658 1253 auctoritate
677 1225 712 1253 et
730 1218 845 1253 nostra
873 1219 909 1253 in
937 1219 1003 1253 hiis
1030 1218 1164 1265 striptis
1194 1219 1548 1259 excommunicamus,

63 1282 228 1322 tanquam
247 1276 571 1311 excommunicatos
587 1275 703 1323 palam
721 1281 756 1310 et
774 1275 912 1322 publice
931 1276 967 1309 in
985 1275 1179 1322 parrochiis
1192 1274 1310 1309 vestris
1323 1275 1496 1310 nuncietis
1515 1283 1547 1309 et

63 1332 219 1367 nuntiari
237 1332 380 1367 faciatis.
435 1332 479 1366 In
509 1345 661 1378 quorum
692 1332 848 1366 omnium
878 1337 912 1366 et
943 1330 1158 1378 fingulorum
1186 1329 1429 1378 premifforum
1459 1332 1548 1366 testi-

63 1389 234 1430 monium,
254 1401 318 1423 nos
337 1389 458 1424 Abbas
477 1394 511 1423 et
530 1387 753 1423 conservator
771 1388 950 1436 prediEtus
978 1387 1126 1435 figillum
1154 1388 1310 1422 nostrum
1329 1388 1454 1423 litteris
1471 1402 1548 1436 pre-

64 1444 216 1479 sentibus
234 1445 397 1479 duximus
415 1445 677 1492 apponendum.
730 1444 865 1479 Datum
884 1450 919 1478 et
949 1444 1068 1479 aGtum
1086 1444 1122 1478 in
1141 1444 1249 1478 castro
1270 1444 1433 1479 Pristiaco
1452 1445 1546 1479 diete

63 1500 302 1536 Cabilonenfis
314 1500 465 1542 diocefis,
474 1502 530 1536 die
541 1501 692 1536 secunda
704 1501 826 1536 mensls
840 1502 1053 1549 Septembris
1065 1514 1158 1536 anno
1165 1501 1313 1536 Domini
1329 1501 1386 1535 Μο
1401 1501 1498 1537 CCC
1503 1503 1548 1537 C⁰

62 1556 346 1604 quinquagesimo
377 1559 502 1605 primo,
531 1558 726 1592 indiffione
752 1558 836 1598 xiiii,
864 1558 1089 1605 pontificatus
1115 1556 1314 1592 sanetiflimi
1343 1558 1380 1591 in
1409 1557 1546 1593 Christo

62 1614 170 1661 patris
188 1620 223 1648 et
242 1614 374 1649 domini
393 1614 498 1649 nostri
519 1613 658 1648 Nicolai
676 1614 795 1648 divina
814 1614 1037 1661 providentia
1061 1626 1150 1660 pape
1168 1614 1280 1659 quinti
1299 1626 1392 1648 auno
1411 1615 1544 1660 quinto,

61 1670 279 1718 presentibus
307 1671 436 1705 ibidem
465 1671 607 1717 egregio
638 1671 714 1705 viro
746 1670 889 1705 domino
920 1670 951 1704 F
951 1669 1105 1707 rancisco
1137 1670 1179 1704 de
1212 1669 1407 1716 Fitigniaco
1426 1670 1544 1716 legum

62 1727 210 1762 doetore
228 1726 401 1774 prepofito
428 1726 654 1762 Gebennenfi
678 1739 848 1773 germano
878 1725 1007 1767 nostro,
1036 1725 1197 1772 religioso
1216 1726 1293 1760 viro
1323 1726 1467 1761 domino
1485 1727 1545 1762 Jo-

63 1784 179 1817 hanne
198 1783 350 1818 Chalant
368 1784 485 1830 priore
503 1784 679 1831 prioratus
697 1783 802 1818 nostri
834 1783 1018 1823 Florentii,
1050 1782 1183 1817 ordinis
1202 1782 1323 1817 Saneti
1343 1782 1541 1823 Benedit‘sti,

64 1837 284 1885 discretisque
303 1839 384 1873 viris
401 1838 566 1875 Johanne
587 1839 725 1873 Mathei
745 1839 949 1887 jurisperito
975 1838 1137 1885 burgenfi
1168 1838 1400 1880 Cluniacenfi,
1432 1839 1545 1874 Hum-

64 1895 164 1929 berto
183 1894 319 1941 Lapieti
339 1894 500 1941 burgensi
518 1896 600 1930 ville
618 1896 732 1930 nostre
752 1896 975 1936 Trenorchii,
1008 1895 1129 1930 Natali
1148 1895 1191 1929 de
1212 1895 1386 1942 Cortigny
1405 1896 1543 1935 clerieo,

64 1957 99 1986 et
127 1950 234 1986 Petro
263 1951 441 1998 Stephani,
471 1951 722 1992 Gebennenfis‚
745 1950 1053 1992 Claromontensxs,
1076 1950 1302 1985 Carnutenfis
1333 1958 1367 1986 et
1400 1952 1546 1986 Bisonti-

64 2005 176 2042 nenfis
194 2006 379 2047 diocesum,
409 2007 548 2042 testibus
566 2008 609 2042 ad
627 2006 787 2055 premiffa
805 2008 946 2043 vocatis.

66 2176 254 2222 Privilegia
271 2175 467 2210 monasterii
487 2176 733 2211 Cluniacenfis.

65 2286 164 2321 NOS
190 2286 308 2322 ,Iudex
327 2283 438 2334 major
456 2288 552 2321 curie
580 2286 816 2322 Cluniacenfis
842 2293 966 2322 notum
998 2288 1142 2323 facimus
1171 2287 1338 2323 univerfis
1367 2289 1542 2336 presentes

65 2343 197 2377 litteras
216 2342 432 2389 inspee'hlris‚
453 2344 546 2389 quod
565 2356 630 2378 nos
648 2344 808 2385 vidimus,
829 2344 1018 2385 tenuimus,
1038 2344 1187 2391 legimus
1209 2351 1243 2380 et
1261 2345 1487 2392 palpavimus,
1509 2353 1543 2381 et
