1839 2652
188 267 256 303 146
587 263 901 300 REGISTRUM
928 263 1266 300 MONASTERII

189 362 367 410 religiosos
391 361 485 397 viros
504 360 680 395 Abbatem
698 365 732 394 et
751 364 966 394 conventum
991 360 1189 395 monasterii
1208 362 1250 396 de
1270 359 1428 403 Paffelet,
1457 362 1666 399 Cluniacen-

191 420 232 455 fis
249 420 390 459 ordinis,
411 416 632 464 Glasguenfis
650 416 800 458 diocefis,
829 430 873 451 ex
892 416 1012 457 altera,
1044 416 1152 464 super
1170 417 1325 452 articulis
1350 417 1418 453 five
1436 419 1668 464 questionibus

193 476 283 510 infra
315 474 459 521 scriptiS,
495 473 811 508 intervenientibus
844 472 1082 507 amicabilibus
1108 473 1404 521 compofitoribus,
1442 474 1668 521 compofitum

195 531 309 566 extitit
339 535 374 564 et
391 530 428 563 in
445 529 559 564 forma
576 542 642 575 que
673 528 827 575 sequitur
853 529 1118 564 concordatum.
1171 529 1215 563 In
1241 530 1360 576 primis
1386 529 1550 564 videlicet
1574 531 1669 576 quod

194 587 308 622 dictus
324 585 531 620 venerabilis
544 591 653 632 pater,
673 585 748 619 zelo
764 584 853 619 bone
868 584 1065 625 concordie,
1085 584 1239 631 promisit
1253 585 1403 620 fideliter
1415 586 1511 631 quod
1527 587 1670 632 triginta

193 648 264 677 tres
276 641 403 676 solidos
414 646 564 687 quatuor
582 641 742 675 denarios
760 653 846 686 quos
864 639 932 687 ipse
952 640 1114 675 dominus
1133 640 1324 688 Episcopus
1341 640 1506 676 arrestare
1524 641 1591 676 five
1609 641 1669 676 sub

192 697 364 744 sequestro
375 697 487 732 teneri
501 697 666 744 precepit,
682 709 725 731 ex
736 709 778 731 eo
792 696 887 742 quod
901 696 1015 731 dictus
1030 697 1191 731 dominus
1204 697 1323 732 Abbas
1337 697 1381 732 ad
1391 696 1562 744 synodum
1573 696 1668 732 suam

195 766 268 788 non
285 752 429 793 acceffit,
449 753 508 799 qui
525 753 569 787 ad
586 753 653 787 hoc
669 758 709 787 ut
728 752 862 786 dicebat
880 765 952 786 non
970 753 1168 794 tenebatur,
1199 753 1353 788 obstante
1371 752 1430 788 sua
1448 754 1670 800 exemptione

197 814 231 844 et
247 808 308 844 suo
326 809 530 857 previlegio,
562 809 675 843 eidem
707 809 851 843 domino
884 809 1014 843 Abbati
1044 809 1101 843 vel
1129 808 1190 843 suo
1216 810 1437 856 procuratori
1463 809 1523 845 seu
1541 810 1585 844 ad
1603 810 1669 844 hoc

197 865 364 913 deputato
382 878 444 912 per
463 877 542 899 eum
561 864 691 899 restitui
710 865 811 899 faciet
843 870 877 899 et
903 864 972 899 fine
999 865 1167 899 dilatione
1194 865 1347 911 qualibet
1373 865 1525 900 liberari.
1579 865 1670 900 Item

195 921 290 967 quod
308 926 402 955 terra
419 921 462 955 de
482 920 633 967 Kylmor
651 933 730 955 cum
756 921 888 967 capella
906 921 948 955 de
968 921 1152 967 Loucgylp
1170 922 1350 968 permittat
1368 922 1482 956 dictus
1509 922 1671 956 dominus

197 976 387 1024 Episcopus
404 976 473 1011 fine
491 977 709 1023 impetitione
727 977 880 1023 qualibet
899 977 1011 1012 ἀίἆὶοε
1031 977 1207 1011 Abbatem
1226 983 1260 1012 et
1278 983 1493 1012 conventum
1508 977 1616 1012 libere
1636 982 1669 1012 et

196 1033 349 1080 pacifice,
369 1033 480 1079 abque
499 1046 605 1067 onere
623 1046 832 1078 quocunque
851 1033 944 1068 dicte
963 1038 1056 1067 terre
1075 1033 1301 1079 imponendo,
1320 1033 1486 1078 gaudere,
1518 1045 1592 1067 non
1611 1033 1669 1067 ob-

196 1088 305 1123 stante
322 1088 541 1134 inquifitione
559 1102 662 1134 quam
677 1089 790 1123 dic'tus
809 1089 971 1122 dominus
990 1088 1181 1135 Episcopus
1204 1088 1237 1123 se
1255 1087 1368 1123 feciffe
1385 1089 1430 1123 ad
1447 1088 1548 1136 ipfius
1566 1089 1671 1123 infor-

196 1145 386 1179 mationem
404 1143 552 1185 afferuit,
572 1144 812 1190 ignorantibus
832 1144 971 1178 Abbate
990 1150 1025 1179 et
1043 1150 1220 1178 conventu
1238 1145 1404 1191 predictis
1420 1158 1429 1187 3
1450 1145 1516 1179 hoc
1530 1145 1669 1191 adjefflw

196 1201 290 1247 quod
308 1199 331 1234 fi
349 1200 470 1246 aliquis
488 1206 610 1234 contra
628 1213 686 1234 eos
712 1199 925 1245 questionem
944 1199 1044 1247 super
1071 1200 1187 1246 aliquo
1214 1213 1321 1234 onere
1338 1200 1497 1246 predi&e
1515 1206 1609 1234 terre
1628 1200 1670 1234 de

197 1256 348 1303 Kylmor
374 1256 557 1302 Loucgylp
584 1256 798 1303 imponendo
826 1268 968 1289 movere
995 1256 1158 1295 voluerit,
1188 1268 1311 1300 equam
1331 1255 1499 1302 justitiam
1529 1255 1670 1301 utrique

195 1311 286 1359 parti
312 1311 426 1351 faciet,
455 1311 511 1345 vel
539 1311 762 1345 concordiam
789 1311 880 1345 inter
914 1316 1030 1357 partes
1057 1324 1121 1358 pro
1153 1310 1285 1345 viribus
1312 1311 1526 1345 reformabit.
1579 1310 1671 1345 Item

195 1367 290 1413 quod
316 1366 620 1412 sequestrationem
646 1366 828 1401 fructuum
847 1365 1064 1401 ecclesiarum
1092 1367 1134 1401 de
1155 1366 1322 1413 Kylfelan
1350 1371 1385 1401 et
1412 1367 1455 1401 de
1476 1366 1669 1414 Kylkeran,

192 1423 321 1458 smitam
338 1436 401 1470 per
427 1421 536 1470 ipsum
555 1423 737 1457 dominum
765 1422 974 1470 Episcopum
999 1428 1143 1470 propter
1170 1423 1346 1457 defefflmm
1377 1423 1605 1470 reparationis
1623 1423 1672 1469 ip-

193 1479 305 1514 sarum
333 1478 563 1519 ecclesiarum,
584 1479 687 1513 faciet
705 1479 865 1519 relaxari,
894 1484 928 1512 et
947 1478 1073 1513 eisdem
1092 1477 1255 1525 religiosis
1273 1477 1332 1513 seu
1350 1479 1517 1525 deputato
1535 1478 1577 1513 ab
1595 1476 1670 1525 ipfis

192 1534 294 1582 super
311 1535 378 1569 hoc
397 1535 511 1569 debite
529 1534 742 1581 responderi.
795 1534 842 1568 Et
856 1535 970 1568 dfflhrs
984 1535 1146 1568 dominus
1159 1534 1278 1568 Abbas
1289 1534 1442 1581 promifit
1456 1535 1598 1569 nomine
1609 1533 1670 1569 suo

194 1596 229 1625 et
246 1590 296 1625 sui
314 1596 509 1625 conventus
534 1590 630 1636 quod
656 1602 778 1624 omnes
805 1589 962 1624 desecans
989 1590 1163 1624 dictarum
1190 1588 1407 1624 ecclefiarum
1426 1590 1484 1636 qui
1502 1603 1564 1637 per
1582 1588 1670 1636 ipsos

193 1647 347 1694 reparari
372 1652 550 1687 tenentur,
578 1646 732 1693 reparari
758 1646 861 1680 faciet
887 1650 1152 1692 competentem
1194 1651 1228 1679 et
1255 1645 1369 1679 dictus
1387 1645 1550 1679 dominus
1575 1644 1670 1692 Epis-

194 1715 301 1750 copus
330 1701 502 1750 personas,
534 1714 601 1748 que
631 1701 675 1735 ad
705 1701 961 1748 reparationem
992 1701 1165 1736 difi'carum
1195 1700 1413 1736 eeclefiarum
1431 1706 1598 1735 tenentur
1627 1714 1670 1735 ex

192 1759 297 1806 pasto
327 1759 414 1792 inito
446 1771 524 1792 cum
544 1758 639 1791 dicto
658 1757 801 1791 domino
821 1756 972 1798 Abbate,
1002 1757 1104 1792 faciet
1134 1757 1178 1791 ad
1204 1756 1412 1791 servandum
1431 1758 1574 1804 paEtum
1603 1756 1669 1791 five

193 1814 463 1849 conventionem
499 1812 695 1859 hujusmodi
724 1825 787 1860 per
817 1812 995 1847 censuram
1030 1812 1286 1848 ecclesiasticam
1320 1813 1508 1847 coherceri.
1577 1812 1669 1847 Item

194 1869 309 1904 diffitus
327 1870 488 1904 dominus
507 1868 698 1915 Episcopus
716 1868 829 1903 voluit
847 1873 881 1903 et
898 1868 1051 1915 promifit
1069 1869 1164 1915 quod
1180 1867 1203 1902 fi
1228 1867 1411 1915 personam
1438 1867 1669 1915 presentatam

191 1938 255 1973 per
268 1926 381 1960 dictos
393 1924 569 1971 religiosos
583 1925 628 1958 ad
639 1923 813 1959 ecelefiam
825 1922 892 1958 five
911 1938 1029 1959 curam
1044 1924 1182 1959 ecclefie
1201 1925 1244 1958 de
1265 1924 1428 1971 Kylelan,
1451 1922 1669 1970 Ergadienfis

192 1980 343 2022 diocesis,
362 1981 406 2015 ad
424 1980 529 2028 ipsam
547 1980 772 2015 obtinendam
791 1980 970 2026 indignam
995 1979 1062 2015 five
1087 1979 1352 2014 insufficientem
1380 1993 1423 2014 ex
1441 1979 1545 2015 caufis
1570 1980 1670 2026 legit-

191 2038 284 2072 timis
304 2037 527 2084 judicaverit,
556 2036 729 2070 intimabit
746 2041 891 2083 propter
908 2037 974 2070 hoc
992 2037 1208 2071 vacationem
1227 2035 1328 2083 ipfius
1346 2036 1483 2071 ecclefie
1501 2035 1568 2071 five
1586 2049 1668 2071 cure

192 2093 319 2128 eisdem
336 2091 511 2139 religiosis,
542 2097 707 2138 tanquam
735 2093 892 2139 patronis
911 2091 1073 2138 ejusdem,
1105 2105 1168 2139 per
1185 2092 1261 2126 suas
1277 2098 1436 2139 patentes
1454 2093 1597 2133 litteras,
1629 2098 1669 2127 ut

192 2149 252 2196 ipfi
277 2155 441 2195 tanquam
471 2148 611 2195 patroni
642 2146 742 2194 ipfius
774 2146 910 2182 ecclefie
940 2146 1007 2182 five
1038 2160 1121 2182 cure
1150 2147 1333 2195 personam
1363 2149 1524 2183 idoneam
1555 2148 1667 2183 eidem

191 2205 335 2239 domino
363 2203 533 2251 Episcopo
557 2209 723 2249 tanquam
749 2203 818 2237 loci
844 2202 1026 2238 diocesano
1054 2204 1179 2238 iterato
1210 2203 1421 2251 presentent.
1473 2204 1521 2239 Et
1555 2204 1667 2239 ἀίἇὶιιε

193 2261 355 2295 dominus
374 2259 493 2294 Abbas
511 2260 654 2294 nomine
681 2272 750 2306 quo
776 2258 878 2306 supra
906 2258 1072 2307 promifit,
1104 2260 1199 2306 quod
1228 2259 1409 2308 personam
1439 2260 1534 2295 illam
1563 2272 1666 2306 quam

193 2316 307 2351 dictus
332 2315 494 2350 dominus
521 2314 712 2363 Episcopus
738 2314 797 2351 fibi
825 2321 860 2351 et
888 2315 1078 2351 conventui
1107 2314 1168 2350 suo
1187 2317 1421 2353 nominaverit
1447 2329 1510 2364 per
1535 2315 1666 2350 litteras
