1839 2652
760 261 831 296 DE
860 261 1129 297 PASSELET.
1646 265 1690 300 19

201 356 280 390 dem
293 355 391 403 justis
410 356 666 403 pertinentibus
681 370 690 399 ;
720 356 910 392 Tenendas
928 364 963 393 et
980 358 1155 393 habendas
1173 357 1210 391 in
1228 369 1363 404 puram,
1391 356 1535 391 liberam
1554 361 1589 391 et
1605 367 1683 404 per-

198 417 338 459 petuam
369 412 601 454 elemofinam,
630 413 718 447 adeo
747 414 855 448 libere
873 413 958 449 ficut
984 415 1098 461 alique
1118 413 1256 449 ecclefie
1275 426 1319 448 ex
1337 413 1527 447 donatione
1546 413 1683 447 comitis

198 468 255 503 vel
273 468 413 502 baronis
431 469 467 502 in
485 482 595 515 regno
611 469 725 504 Scotie
744 470 885 504 liberius
900 476 934 505 et
946 471 1096 517 quietius
1110 476 1277 505 tenentur
1290 475 1324 504 et
1337 467 1563 517 poffidentur.
1601 468 1681 503 Hiis

199 524 350 565 testibus,
371 525 515 560 domino
532 525 726 560 Malcolmo
746 527 873 561 comite
889 527 931 561 de
947 527 1011 568 Fif,
1033 528 1175 562 domino
1192 527 1386 561 Malcolmo
1401 526 1474 560 filio
1489 526 1625 561 comitis
1638 526 1682 561 de

200 580 379 622 Levenax,
409 581 565 616 Eumero
597 582 639 617 de
672 581 891 623 Makiswell’,
914 583 1030 617 Toma
1048 584 1152 624 Croc,
1186 584 1303 617 Adam
1323 582 1495 629 VValeng',
1516 582 1680 617 Galfrido

200 636 399 678 Mal-scano,
442 637 610 672 lVilelmo
640 638 757 679 Scoto,
793 638 959 673 VVilelmo
989 639 1031 674 de
1073 639 1225 680 Perthic,
1255 639 1450 674 Laurentio
1479 639 1617 679 cleriCO,
1647 643 1682 673 et

198 692 317 727 multis
335 693 420 727 aliis.

200 861 432 896 Confirmatio
452 866 486 896 et
504 867 599 896 carta
618 861 765 896 lValteri
783 861 936 903 secundi,
956 862 1019 896 filii
1036 862 1154 904 Alani,
1188 863 1230 897 de
1249 862 1440 898 donatione
1465 863 1573 898 trium
1590 875 1680 898 mar-

199 930 330 952 earum.

198 1029 438 1064 OMNIBUS
471 1029 597 1065 Christi
614 1029 774 1065 fidelibus
792 1029 1009 1077 presentibus
1028 1037 1063 1066 et
1083 1032 1221 1073 futuris,
1251 1031 1429 1067 VValterus
1446 1033 1539 1068 filius
1558 1033 1677 1076 Alani,

198 1086 329 1120 domini
351 1086 460 1133 Regis
491 1087 606 1121 Scotie
636 1085 852 1127 senescallus,
882 1086 1055 1131 salutem;
1090 1089 1230 1123 noverit
1257 1088 1461 1124 univerfitas
1486 1089 1598 1124 vestra
1623 1103 1680 1126 me

197 1141 372 1189 affignaffe
392 1142 510 1177 Adam
530 1143 572 1177 de
591 1142 665 1177 Nes
685 1148 719 1177 et
737 1143 884 1178 heredes
912 1143 1001 1185 suos,
1032 1144 1114 1179 Deo
1133 1150 1168 1179 et
1182 1145 1282 1180 beate
1302 1145 1419 1180 Marie
1437 1151 1472 1180 et
1490 1148 1682 1182 conventui

198 1198 241 1232 de
261 1198 376 1245 Syxle,
396 1198 440 1232 ad
458 1199 636 1233 redditum
654 1199 763 1233 trium
782 1212 979 1234 marcarum
999 1201 1046 1235 eis
1064 1202 1245 1236 annuatim
1263 1201 1482 1244 solvendum,
1510 1215 1612 1249 quem
1633 1204 1681 1238 eis

198 1255 234 1288 in
251 1267 375 1301 puram
403 1260 437 1289 et
463 1260 667 1302 perpetuam
687 1254 907 1290 elemofinam
938 1257 1073 1291 contuli
1104 1258 1147 1292 de
1174 1258 1316 1292 redditu
1344 1271 1424 1293 meo
1453 1271 1558 1305 quem
1586 1259 1679 1294 idem

199 1311 317 1344 Adam
336 1316 370 1345 et
388 1311 534 1345 heredes
552 1310 602 1345 sui
620 1312 705 1345 mihi
734 1317 768 1346 et
795 1312 983 1346 heredibus
1002 1313 1087 1347 lueis
1113 1315 1295 1348 annuatim
1312 1313 1446 1349 solvere
1468 1315 1680 1350 tenebantur

196 1380 260 1414 pro
279 1372 374 1402 terra
390 1380 492 1413 quam
513 1367 626 1402 eidem
645 1368 726 1402 Ade
745 1374 779 1402 et
796 1368 983 1402 heredibus
1000 1367 1068 1402 suis
1086 1369 1129 1403 de
1148 1382 1203 1403 me
1222 1374 1256 1404 et
1274 1369 1460 1404 heredibus
1477 1371 1563 1405 meis
1580 1371 1679 1406 here-

197 1423 320 1457 ditarie
338 1423 527 1457 tenendam
544 1437 607 1471 per
626 1429 755 1458 cartam
774 1437 887 1458 meam
907 1425 1051 1466 contuli,
1071 1438 1174 1471 quam
1193 1426 1297 1460 etiam
1314 1425 1493 1460 Henricus
1511 1425 1680 1461 VValenfis

196 1480 373 1526 quondam
392 1481 531 1523 tenuit;
562 1481 609 1515 Et
638 1481 683 1515 ad
707 1481 811 1528 hujus
839 1479 1073 1527 affignationis
1091 1481 1261 1528 majorem
1279 1480 1499 1516 securitatem
1516 1483 1678 1529 predicto

198 1537 279 1571 Ade
294 1537 360 1571 hoc
371 1535 537 1584 scriptum
548 1536 657 1583 figillo
673 1550 751 1571 meo
767 1538 942 1572 munitum
957 1537 1034 1571 fieri
1048 1536 1124 1571 feci.
1146 1536 1226 1571 Hiis
1237 1537 1389 1578 testibus,
1404 1537 1547 1572 domino
1558 1538 1677 1573 Adam

196 1592 318 1627 abbate
338 1593 380 1627 de
401 1591 548 1633 Melros,
579 1593 737 1640 Hugone
756 1593 937 1640 suppriore
956 1593 1000 1627 de
1019 1593 1141 1627 eadem
1159 1593 1276 1634 domo,
1299 1593 1458 1640 Rogerio
1476 1594 1549 1629 filio
1569 1594 1674 1642 Glay‚

198 1649 370 1689 Hectore,
398 1649 562 1684 Johanne
594 1650 636 1684 de
666 1650 878 1696 Mungumri
898 1649 1020 1689 milite,
1050 1647 1235 1683 Nicholaio
1253 1648 1401 1696 persona
1418 1650 1461 1684 de
1480 1650 1678 1685 Dundoue-

194 1705 288 1746 nald,
318 1705 484 1740 W'ilelmo
501 1705 608 1740 fratre
626 1705 699 1747 suo,
729 1705 905 1746 Wilelmo,
934 1705 1043 1745 Luca,
1070 1704 1241 1746 Roberto,
1263 1705 1460 1752 capellanis,
1482 1705 1677 1741 Malcolmo

195 1761 268 1795 filio
297 1760 519 1808 Maldoueny
545 1762 672 1796 comite
700 1762 743 1796 de
774 1761 956 1802 Levenax,
986 1761 1152 1795 Wilelmo
1183 1761 1226 1796 de
1258 1761 1418 1802 Perthec,
1449 1761 1609 1797 Roberto
1636 1763 1678 1797 de

198 1816 381 1858 Ellelham‚
412 1817 533 1852 Alano
551 1818 594 1852 de
615 1817 838 1864 Wineligam,
859 1818 1003 1858 clericis,
1028 1817 1194 1852 VVilelmo
1214 1817 1330 1859 Scoto,
1351 1823 1386 1852 et
1403 1818 1522 1853 multis
1539 1819 1625 1853 aliis.

200 1983 257 2019 De
275 1983 508 2031 refignatione
526 1984 637 2020 insule
656 1986 699 2021 de
719 1986 859 2021 Renfru
877 1999 941 2034 pro
961 1986 1137 2022 Dorscath
1155 1993 1190 2022 et
1208 1987 1432 2035 Mukylrigis.

199 2095 436 2132 OMNIBUS
455 2096 573 2132 sancte
592 2098 713 2133 matris
731 2098 869 2134 ecclesie
888 2099 978 2141 filiis,
1005 2099 1182 2146 Rogerius
1200 2099 1297 2146 prior
1316 2099 1359 2133 de
1375 2095 1522 2133 Paffelet
1539 2103 1574 2133 et
1592 2098 1678 2145 ejus-

198 2151 276 2185 dem
295 2151 363 2186 loci
382 2159 577 2188 conventus
594 2152 752 2189 salutem.
804 2154 926 2190 Sciatis
943 2168 1008 2190 nos
1025 2155 1178 2201 quietam
1198 2152 1358 2189 clamafl'e
1389 2154 1533 2189 domino
1558 2154 1676 2189 nostro

199 2206 356 2242 lValtero
379 2208 452 2242 filio
472 2208 592 2250 Alani,
612 2208 798 2245 senescallo
819 2211 954 2245 domini
974 2211 1084 2257 Regis
1103 2211 1229 2251 Scotie,
1251 2209 1398 2245 insulam
1410 2210 1514 2258 juxta
1531 2210 1675 2258 opidum

199 2275 315 2297 meum
335 2263 377 2298 de
398 2263 548 2305 Renfru,
578 2265 681 2300 Salva
698 2267 799 2301 nobis
818 2267 991 2314 piscatura
1006 2266 1132 2307 nostra,
1166 2266 1213 2300 Et
1240 2271 1354 2301 totum
1367 2267 1427 2314 jus
1444 2267 1539 2314 quod
1556 2267 1676 2301 habui-

198 2330 275 2353 mus
292 2319 329 2354 in
346 2319 470 2355 foresta
487 2333 565 2355 mea
583 2321 626 2356 de
646 2321 796 2364 Renfru,
826 2323 869 2358 de
896 2323 991 2358 dono
1012 2322 1157 2358 Walteri
1175 2322 1230 2358 avi
1248 2322 1298 2357 sui
1314 2337 1324 2367 3
1352 2322 1410 2358 fibi
1428 2329 1463 2358 et
1488 2323 1674 2359 heredibus
