1839 2652
233 236 279 271 64
634 232 947 271 REGISTRUM
976 231 1313 268 MONASTERII

236 332 320 367 mihi
337 344 402 366 nec
421 331 605 365 heredibus
624 332 709 366 meis
726 330 785 366 seu
803 329 906 364 alicui
932 328 1000 362 alio
1026 328 1142 374 aliquo
1168 333 1327 376 tempore
1344 330 1546 365 valiturum.
1599 331 1646 366 Et
1664 333 1709 367 ad

236 388 326 422 hanc
345 387 571 421 donationem
590 385 841 421 conceffionem
860 391 895 420 et
913 385 1065 431 quietam
1092 384 1336 420 clamationem
1360 386 1510 421 fideliter
1528 387 1710 423 observan-

237 443 315 477 dam
334 448 368 476 et
386 442 586 482 tenendam,
614 443 717 476 ‘caetis
735 441 969 482 sacrosantffis,
989 440 1170 487 corporale
1188 441 1317 488 prestiti
1332 442 1586 489 juramentum,
1614 451 1648 479 et
1666 445 1710 479 ad

236 498 405 544 majorem
434 497 665 538 securitatem,
697 498 848 545 presenti
878 496 1004 544 scripto
1034 495 1180 542 tigillum
1212 510 1328 532 meum
1348 498 1431 532 duxi
1449 501 1708 546 apponendum.

240 554 319 588 Hiis
337 554 486 593 testibus,
508 554 657 587 dominis
671 553 833 588 Galfrido
847 552 1037 593 etThoma‚
1059 552 1101 586 de
1118 551 1274 593 Paffelet,
1295 560 1329 588 et
1343 553 1492 595 Thoma,
1513 555 1555 589 de
1575 555 1707 597 Polloc,

235 609 431 656 capellani&
452 609 592 643 Thema
610 609 652 644 de
673 610 805 650 Polloc,
838 614 872 643 et
903 608 1042 643 Thoma
1061 608 1103 642 de
1123 608 1241 655 Burg’,
1271 609 1428 644 Waltero
1454 610 1525 645 filio
1548 611 1707 652 Roberti‚
1761 652 1769 656 f

236 666 319 700 Seth
338 665 464 700 clerico
484 665 526 698 de
548 664 720 712 Kilpatric
737 665 781 699 ad
800 665 930 711 Gaugi‚
959 664 1099 698 Thoma
1118 664 1228 705 Stute,
1250 665 1407 711 Rogerio
1422 667 1560 708 clerico,
1577 673 1610 702 et
1621 668 1707 702 aliis.

235 721 370 755 Datum
389 721 480 767 apud
502 719 659 760 Paffelet‚
692 721 866 755 dominica
891 721 1049 767 proxima
1075 720 1149 767 post
1159 719 1281 754 festum
1301 721 1420 756 saneti
1442 722 1595 764 Hillarii‚
1615 736 1708 758 anno

233 777 345 823 gratie
364 775 544 811 millesimo
563 776 798 812 ducentefimo
816 775 1022 823 sexagesimo
1041 776 1175 822 quinto.

234 945 317 978 Alia
335 944 517 991 relignatio
537 945 578 979 de
599 945 738 979 Aldhus
757 957 818 991 per
835 944 1034 980 ,Iohannem
1052 945 1163 979 filium
1184 946 1330 992 Rogerii
1350 947 1393 981 de
1413 947 1563 982 Aldhus.

235 1055 473 1091 OMNIBUS
499 1056 623 1090 Christi
642 1056 803 1091 fidelibus
820 1056 960 1103 presens
978 1057 1143 1104 scriptum
1162 1056 1282 1092 visuris
1300 1058 1356 1092 vel
1387 1059 1558 1094 audituris
1575 1060 1706 1096 Johan-

233 1124 294 1145 nes
313 1112 355 1145 de
376 1112 526 1152 Aldhus,
548 1113 637 1146 filius
658 1113 804 1159 Rogerii
823 1113 866 1147 de
886 1113 1035 1153 Aldhus,
1056 1113 1200 1147 salutem
1219 1114 1254 1147 in
1273 1114 1431 1148 Domino
1450 1114 1705 1162 sempiternam.

234 1166 383 1201 Noverit
403 1167 605 1202 univer-litas
631 1169 742 1203 vestra
771 1181 827 1202 me
858 1167 985 1202 dediffe
1014 1168 1206 1203 conceffiffe
1238 1175 1272 1203 et
1302 1169 1451 1216 presenti
1481 1170 1607 1218 scripto
1625 1186 1704 1207 meo

232 1224 387 1269 quietum
407 1223 564 1257 clamasse
584 1230 618 1258 et
636 1222 816 1270 resignasse
835 1223 999 1271 religiosis
1016 1225 1099 1258 viris
1118 1225 1249 1259 Abbati
1268 1232 1302 1259 et
1321 1227 1510 1261 conventui
1530 1228 1572 1262 de
1593 1227 1706 1263 Pafl'e-

231 1279 289 1319 let,
310 1285 423 1313 totum
449 1279 507 1326 jus
526 1280 619 1325 quod
639 1280 722 1313 mihi
740 1280 795 1314 vel
816 1280 1000 1314 heredibus
1019 1281 1103 1314 meis
1122 1281 1298 1328 competit,
1328 1282 1384 1315 vel
1412 1282 1528 1328 aliquo
1548 1288 1705 1331 tempore

231 1336 410 1382 competiit
428 1336 482 1370 vel
502 1342 701 1383 competere
728 1337 844 1383 potuit
861 1337 917 1370 vel
937 1336 1066 1376 debuit,
1087 1337 1203 1382 aliquo
1223 1336 1310 1377 casu,
1325 1337 1407 1384 jure
1425 1338 1481 1372 vel
1493 1338 1639 1385 judicio,
1668 1341 1704 1374 in

230 1392 377 1436 quadam
390 1393 552 1438 portione
577 1398 669 1426 terre
683 1393 725 1426 de
746 1392 886 1426 Aldhus
904 1405 982 1426 cum
997 1392 1217 1439 pertinentiis
1232 1406 1335 1438 quam
1350 1394 1489 1439 quidem
1504 1395 1703 1441 portionem

232 1446 401 1481 Patricius
420 1448 511 1482 filius
530 1448 669 1494 Nevyn'
688 1449 730 1482 de
749 1449 915 1495 predictis
933 1447 1097 1494 religiosis
1115 1448 1230 1494 aliquo
1249 1454 1407 1495 tempore
1438 1450 1551 1484 tenuit
1578 1451 1622 1484 ad
1647 1452 1703 1485 fir-

230 1515 333 1537 luam.
387 1503 433 1537 Et
453 1504 531 1549 quia
550 1504 709 1550 predicta
726 1505 842 1550 portio
873 1510 965 1538 terre
993 1505 1236 1550 prenominate
1263 1505 1324 1538 dos
1352 1505 1398 1539 est
1426 1505 1564 1540 ecclefie
1583 1506 1703 1541 Sanffl

231 1559 393 1593 Convalli
412 1560 454 1593 de
477 1559 606 1601 Polloc‚
636 1559 746 1593 fateor
765 1572 819 1593 me
839 1565 873 1593 et
892 1559 1102 1605 recognosco
1120 1560 1253 1607 injuste,
1274 1559 1374 1607 super
1393 1561 1513 1595 eadem
1539 1563 1702 1608 portione

230 1622 334 1654 terre,
356 1614 522 1661 predffiiis
542 1614 671 1648 Abbati
691 1621 725 1648 et
743 1616 932 1649 conventui
947 1614 1087 1649 movifl'e
1101 1615 1313 1661 questionem
1330 1629 1338 1650 ε
1367 1630 1473 1662 quare
1485 1618 1566 1653 volo
1586 1625 1620 1653 et
1637 1633 1701 1666 pro

229 1683 284 1704 me
304 1676 337 1704 et
356 1670 540 1704 heredibus
559 1671 644 1704 meis
662 1670 811 1717 presenti
829 1670 954 1717 scripto
973 1683 1051 1705 meo
1071 1671 1225 1705 concedo
1253 1672 1347 1717 quod
1374 1674 1608 1719 prenominati
1629 1676 1700 1710 Ab·

228 1726 287 1759 bas
305 1731 339 1760 et
358 1732 551 1760 conventus
568 1726 762 1772 predietam
781 1726 981 1772 portionem
999 1732 1092 1761 terre
1111 1739 1189 1760 611111
1216 1728 1436 1773 pertinentiis
1462 1729 1622 1771 habeant,
1652 1738 1700 1766 te-

228 1787 335 1816 neant
354 1788 387 1816 et
405 1780 596 1828 possidcant
614 1782 733 1822 libere,
762 1783 877 1828 qulete
896 1787 931 1816 et
948 1782 1090 1829 pacifice
1109 1783 1377 1829 imperpetuum,
1409 1783 1478 1819 fine
1509 1787 1604 1820 omni
1624 1800 1700 1834 per-

229 1838 439 1878 turbatione,
467 1838 718 1884 inquietatione
737 1838 792 1873 vel
816 1838 906 1885 juris
923 1838 1178 1879 vendicatione,
1210 1852 1253 1872 cx
1283 1846 1381 1886 parte
1412 1854 1489 1875 mea
1516 1843 1572 1876 vel
1602 1843 1700 1878 here-

229 1895 310 1928 dum
331 1907 501 1934 meorum,
523 1895 617 1928 omni
637 1894 714 1928 casu
733 1895 971 1941 contingente.
1025 1893 1171 1941 Insuper
1189 1895 1271 1929 volo
1290 1902 1323 1930 et
1341 1909 1405 1943 pro
1425 1909 1479 1931 me
1506 1904 1540 1932 et
1566 1899 1700 1934 heredi-

226 1950 290 1984 bus
309 1951 393 1984 meis
411 1950 577 1991 concedo,
610 1950 704 1996 quod
730 1949 753 1984 fi
783 1950 924 1996 aliquod
950 1949 1215 1984 instrumentum
1247 1964 1455 1998 quocunque
1473 1959 1630 2001 tempore
1648 1968 1700 1990 re-

228 2012 366 2052 pertum
385 2006 500 2046 suerit,
529 2019 591 2053 per
609 2006 703 2052 quod
722 2006 805 2039 mihi
823 2006 878 2040 vel
898 2006 1082 2040 heredibus
1101 2007 1185 2040 meis
1211 2007 1269 2053 jus
1298 2010 1464 2055 competit
1482 2010 1536 2044 vel
1564 2023 1699 2058 compe-

227 2069 302 2096 tere
320 2063 449 2109 poterit
467 2062 523 2097 vel
542 2061 676 2102 debeat,
704 2061 740 2095 in
766 2062 925 2109 predi&a
942 2062 1104 2108 portione
1122 2067 1216 2096 terre
1243 2062 1301 2097 seu
1320 2064 1355 2097 in
1383 2063 1518 2099 refiduo
1536 2071 1629 2101 terre
1656 2067 1699 2101 de

230 2118 380 2159 Aldhus,
409 2119 539 2153 nullius
557 2117 595 2153 fit
614 2118 749 2152 roboris
766 2118 822 2153 vel
839 2118 1022 2158 firmitatis,
1039 2117 1096 2152 sed
1114 2119 1230 2164 potius
1248 2120 1385 2154 irritum
1401 2126 1434 2154 et
1453 2121 1566 2162 inane,
1587 2128 1620 2156 et
1638 2135 1699 2157 no-

228 2174 278 2207 bis
298 2174 350 2208 vel
370 2175 471 2208 alicui
490 2174 643 2209 nostrum
662 2174 762 2208 nullo
781 2179 937 2220 tempore
956 2174 999 2208 de
1018 2180 1134 2208 cetero
1153 2175 1353 2209 valiturum.
1406 2176 1453 2211 Et
1470 2177 1513 2210 ad
1531 2177 1698 2224 majorem

228 2230 331 2277 hujus
342 2231 393 2264 rei
404 2230 634 2271 securitatem,
654 2231 698 2264 ad
715 2229 831 2264 sancta
845 2229 916 2264 Dei
930 2230 1110 2276 evangelia
1124 2243 1187 2277 pro
1202 2244 1258 2265 me
1273 2239 1306 2266 et
1320 2232 1505 2266 heredibus
1522 2233 1607 2267 meis
1625 2246 1699 2268 cor-

227 2286 346 2332 porale
364 2286 492 2334 prestiti
511 2286 774 2327 sacramentum,
807 2286 901 2332 quod
919 2299 983 2321 nec
1001 2299 1067 2333 ego
1085 2299 1149 2321 nec
1176 2287 1321 2322 heredes
1338 2288 1407 2322 mei
1423 2287 1524 2335 supra
1541 2289 1700 2335 predicta
