1839 2652
194 291 262 331 196
590 285 903 323 REGISTRUM
933 285 1271 320 MONASTERII

194 400 259 421 nos
277 392 311 421 et
329 385 474 420 heredes
492 383 598 417 nostri
616 382 803 429 abjudicati
820 381 937 415 sumus
963 381 1006 415 de
1035 380 1202 427 predictis
1219 381 1321 415 terris
1339 380 1590 417 sententialiter
1607 383 1669 416 im-

195 448 401 490 perpetuum
417 454 426 482 ;
455 445 490 474 et
507 439 530 473 fi
548 440 631 485 quid
643 439 734 485 juris
752 437 937 471 habuimus
955 437 1010 471 vel
1029 436 1156 471 habere
1175 437 1367 484 poterimus
1385 437 1421 470 in
1438 437 1615 483 posterum
1633 439 1670 472 in

195 496 360 546 premissis
379 496 480 530 terris
498 495 554 529 vel
572 495 687 540 aliqua
704 493 865 540 ipsarum,
886 505 950 539 pro
968 492 1068 526 nobis
1086 498 1120 526 et
1138 492 1323 527 heredibus
1349 492 1471 526 nostris
1489 493 1599 527 eidem
1618 506 1671 528 re-

195 553 446 591 nunciabimus,
478 558 513 585 et
530 550 696 597 predictis
716 549 845 583 Abbati
875 554 909 582 et
938 549 1127 583 conventui
1144 547 1203 583 seu
1222 561 1345 582 eorum
1370 549 1591 595 procuratori
1607 562 1670 596 per

195 609 319 644 sustum
339 614 373 642 et
399 607 561 641 baculum
589 605 862 652 refingnabimus
893 610 928 638 et
958 605 1113 651 quietum
1145 604 1370 639 clamabimus
1399 604 1670 651 imperpetuum,

196 671 230 700 et
247 666 291 699 ad
308 665 456 712 primam
474 663 677 697 citationem
706 661 806 695 nobis
838 660 921 694 alias
948 661 1141 695 faciendam
1171 673 1234 707 per
1262 660 1460 707 predi6'wm
1489 660 1671 695 dominum

198 720 406 768 Episcopum
425 719 482 754 vel
499 719 649 764 aliquem
669 718 742 764 ejus
761 717 956 757 officialem,
984 729 1100 751 coram
1120 716 1263 750 domino
1284 715 1401 749 nostro
1422 715 1522 762 Rege
1542 716 1669 757 Scotie,

196 777 264 812 line
283 777 379 811 omni
398 776 688 815 contradictione,
718 774 934 820 exceptione,
964 772 1196 812 excusatione,
1224 771 1445 806 cavillatione
1473 777 1508 806 et
1536 772 1670 813 fraude,

197 833 473 880 comparebimus
499 831 738 878 personaliter,
767 836 801 864 et
830 829 1005 876 predictas
1035 828 1348 867 renunciationem,
1378 826 1671 874 refingnationem

198 896 230 924 et
250 890 402 935 quietam
421 888 664 922 clamationem
682 886 810 920 ibidem
829 885 996 932 prodiens
1016 884 1146 917 Abbati
1177 889 1212 917 et
1239 884 1429 918 conventui
1458 883 1517 918 seu
1549 897 1671 918 eorum

197 946 380 980 afi'cornato
399 944 504 978 modo
522 942 751 989 suprascripto
770 942 805 975 in
824 941 984 975 omnibus
1003 940 1178 979 faciemus,
1207 944 1242 973 et
1268 952 1409 973 omnem
1427 939 1529 973 aliam
1546 939 1671 974 securi-

197 1007 303 1036 tatem
322 1014 425 1047 quam
443 1000 466 1036 J
469 1000 641 1034 ohannem
662 999 704 1033 de
726 998 921 1032 iVardroba
939 1003 973 1031 et
998 996 1149 1029 Mariam
1169 994 1323 1042 sponsam
1342 994 1448 1035 suam,
1469 994 1527 1029 seu
1546 995 1670 1030 Norri-

195 1071 279 1092 num
299 1058 341 1091 de
361 1056 593 1102 Monorgund
611 1061 645 1089 et
664 1054 852 1089 Forveleth
871 1052 1026 1100 sponsam
1045 1051 1151 1091 suam,
1184 1064 1247 1098 pro
1265 1050 1298 1085 se
1328 1056 1363 1085 et
1393 1051 1578 1085 heredibus
1604 1050 1670 1085 suis

197 1114 309 1148 facere
328 1112 514 1158 contigerit
532 1111 698 1158 predic‘tis
718 1110 848 1143 Abbati
879 1115 914 1143 et
944 1107 1133 1142 conventui
1163 1106 1264 1153 super
1281 1106 1448 1153 premiffis
1465 1108 1578 1148 terris,
1606 1120 1670 1142 nos

197 1183 260 1217 pro
278 1169 377 1203 nobis
396 1174 430 1203 et
452 1167 637 1202 heredibus
655 1166 777 1200 nostris
808 1166 851 1199 ad
869 1165 1086 1199 voluntatem
1106 1163 1257 1210 ipsorum
1278 1162 1424 1196 Abbatis
1455 1169 1489 1197 et
1520 1176 1670 1198 conven-

197 1233 262 1266 tuffi
292 1225 334 1259 ‹le
353 1225 456 1271 plano
476 1229 510 1257 et
527 1222 596 1257 fine
614 1222 756 1269 strepitu
781 1221 948 1268 judiciali,
977 1219 1152 1254 faciemus.
1205 1219 1252 1252 Et
1280 1219 1323 1252 ad
1352 1219 1469 1252 omnia
1486 1224 1521 1253 et
1538 1218 1671 1266 fingula

196 1279 355 1328 premifl‘a
372 1280 529 1314 facienda
548 1285 582 1313 et
599 1278 823 1324 adimplenda
837 1277 1066 1323 obligavimus
1085 1281 1119 1309 et
1138 1275 1331 1320 obligamus
1348 1287 1413 1308 nos
1431 1280 1466 1308 et
1480 1275 1670 1320 quemlibet

197 1337 362 1376 nostrum,
390 1348 453 1382 per
470 1334 720 1369 sacramentum
740 1333 894 1367 nostrum
913 1331 1142 1378 corporaliter
1172 1331 1216 1364 ad
1243 1329 1362 1364 saneta
1392 1330 1462 1365 Dei
1491 1332 1671 1378 evangelia

197 1393 386 1440 prestitum,
414 1390 474 1425 sub
492 1403 581 1437 pena
600 1390 831 1436 quadraginta
847 1389 1014 1422 librarum
1035 1387 1208 1420 bonorum
1238 1392 1272 1420 et
1299 1386 1463 1433 legalium
1491 1387 1670 1434 sterlingo-

198 1462 287 1489 rum,
315 1448 467 1494 qualibet
485 1446 675 1493 septimana
692 1445 947 1484 solvendarum,
976 1443 1197 1477 medietatem
1217 1443 1359 1476 domino
1380 1442 1551 1490 Episcopo
1571 1444 1670 1479 Glas.

197 1505 325 1552 gwenli
352 1510 386 1538 et
415 1504 516 1537 aliam
535 1503 758 1536 medietatem
788 1501 915 1535 fabrice
947 1498 1084 1533 ecclelie
1113 1498 1265 1545 ejusdem
1297 1499 1375 1539 loci,
1403 1500 1568 1544 quamdiu
1595 1501 1669 1547 post

197 1559 371 1609 premiflas
389 1560 570 1594 citationes
588 1558 687 1592 nobis
705 1558 813 1592 saetas
830 1555 990 1604 premiffa
1007 1556 1125 1589 omnia
1143 1561 1177 1589 et
1194 1554 1327 1601 {iugula
1353 1555 1387 1588 in
1416 1555 1571 1600 quolibet
1588 1557 1668 1591 arti-

198 1618 277 1651 culo
294 1617 397 1663 plene
416 1615 583 1662 perficere
601 1620 636 1648 et
654 1613 829 1660 complere
847 1611 1124 1658 pr01·ogavi1nuS‚
1153 1609 1367 1644 omiserimus
1385 1609 1443 1644 seu
1474 1611 1667 1657 neglexeri-

198 1686 275 1707 mus
294 1672 410 1717 aliquo
429 1669 505 1704 casu
524 1670 761 1715 contingente.
815 1668 861 1702 Et
879 1667 1018 1713 insuper
1035 1666 1273 1713 supposuimus
1301 1672 1334 1700 et
1361 1666 1585 1713 supponimus
1603 1681 1667 1703 nos

198 1735 232 1763 et
249 1727 438 1774 quemlibet
455 1725 609 1759 nostrum
622 1724 857 1771 jurisdi<ffioni
875 1730 909 1758 et
927 1722 1121 1756 cohertioni
1140 1722 1273 1755 domini
1288 1721 1449 1768 Epilcopi
1464 1722 1667 1770 Glalgwen-

197 1784 236 1818 sis
255 1790 289 1818 et
307 1783 380 1830 ejus
398 1782 563 1821 officialis,
583 1787 622 1815 ut
640 1780 741 1814 ambo
759 1780 812 1814 vel
832 1780 921 1814 alter
939 1792 1061 1814 eorum
1080 1777 1204 1826 possint
1222 1779 1278 1813 vel
1296 1778 1397 1825 poffit
1414 1792 1479 1813 nos
1497 1786 1532 1814 et
1549 1793 1667 1826 quem-

197 1841 282 1874 libet
315 1838 467 1872 nostrum
497 1843 568 1871 tam
598 1837 642 1871 ad
666 1836 874 1870 solutionem
901 1848 990 1883 pene
1028 1834 1051 1868 fi
1090 1836 1339 1874 committatur,
1378 1848 1481 1880 quam
1508 1837 1552 1870 ad
1590 1850 1666 1884 pre-

199 1894 293 1930 missa
311 1895 427 1929 onmia
454 1899 488 1928 et
517 1892 649 1939 fingula
667 1891 880 1926 observanda
906 1897 941 1925 et
966 1891 1197 1937 adimplenda,
1226 1890 1437 1937 compellere
1466 1904 1528 1938 per
1557 1894 1666 1928 omni-

198 1953 277 1986 dam
304 1949 482 1985 censuram
509 1947 762 1983 ecclefiasticam
792 1954 863 1982 tam
902 1948 939 1981 in
973 1947 1095 1981 nostris
1124 1945 1278 1993 personis
1303 1959 1407 1992 quam
1436 1947 1473 1981 in
1503 1949 1604 1983 terris
1633 1958 1667 1985 et

198 2008 272 2042 aliis
290 2006 451 2045 ferendis,
479 2005 595 2038 habita
624 2003 807 2037 summaria
835 2003 1046 2049 cognitione,
1079 2016 1122 2037 ex
1149 2002 1219 2036 sola
1246 2001 1461 2049 inspe6tione
1487 2003 1590 2050 hujus
1616 2006 1666 2040 in-

197 2062 388 2101 strumenti,
416 2060 484 2095 fine
515 2060 581 2094 alia
608 2058 706 2093 cause
735 2059 945 2104 cognitione,
977 2059 1076 2093 nullo
1105 2059 1196 2105 juris
1227 2059 1382 2092 remedio
1418 2060 1576 2093 canonici
1610 2063 1665 2096 vel

197 2119 316 2158 civilis,
348 2117 447 2151 nobis
475 2116 531 2151 vel
561 2116 664 2149 alicui
691 2114 847 2148 nostrum
880 2115 983 2148 reniti
1011 2115 1208 2149 volentibus
1243 2114 1299 2148 vel
1326 2114 1471 2155 volenti,
1501 2116 1664 2152 valituro.

200 2176 246 2210 Et
263 2173 543 2208 renunciavimus
573 2185 613 2206 ac
642 2171 888 2206 renunciamus
918 2168 1071 2217 expresse
1103 2171 1138 2203 in
1170 2170 1235 2203 hoc
1268 2169 1373 2210 faeto,
1406 2183 1472 2217 pro
1499 2171 1598 2205 nobis
1632 2181 1666 2208 et

199 2230 353 2276 quolibet
382 2228 548 2268 nostrum,
588 2240 657 2273 quo
688 2227 733 2260 ad
762 2226 1010 2259 infirmandum
1042 2223 1201 2272 premiffa
1227 2225 1284 2259 vel
1314 2226 1457 2271 aliquod
1491 2227 1666 2273 premifl'o-

198 2298 288 2325 rum,
316 2284 524 2318 omnimodis
541 2283 676 2330 placitis
706 2288 741 2316 et
767 2282 892 2316 litteris
917 2287 988 2315 tam
1019 2294 1038 2315 a
1068 2281 1211 2315 domino
1244 2281 1344 2327 Rege
1373 2281 1488 2315 Scotie
1517 2295 1620 2328 quain
1646 2298 1666 2319 a

198 2352 405 2387 quocunque
423 2339 491 2373 alio
510 2339 588 2373 loeo
607 2344 642 2373 et
659 2338 736 2372 foro
755 2335 975 2372 ecclesiastico
994 2337 1050 2371 vel
1079 2336 1225 2371 seculari
1253 2337 1446 2383 impetratis
1474 2336 1532 2371 seu
1560 2338 1665 2387 impe-
