1839 2652
200 280 268 318 178
611 273 925 310 REGISTRUM
953 273 1292 310 MONASTERII

201 379 334 407 trarum
364 371 461 406 vobis
489 370 708 411 ostensarum,
736 370 913 417 IJrediEtos
950 370 1109 405 homines
1139 371 1370 417 constringitis
1399 376 1434 405 et
1463 372 1649 407 molestatis
1663 387 1673 415 3

202 442 308 475 quare
325 428 423 463 vobis
441 433 475 462 et
493 427 653 461 omnibus
671 427 745 461 aliis
763 427 910 460 firmiter
929 427 1162 473 prohibemus,
1181 427 1242 462 1in
1256 440 1346 474 pena
1364 440 1431 473 que
1448 427 1613 474 sequitur,
1631 442 1676 463 ne

204 486 246 519 de
265 490 381 519 cetero
400 497 420 517 a
436 483 602 530 predififis
620 482 819 516 hominibus
836 482 966 528 aliquid
985 483 1129 529 exigatis
1144 490 1204 518 aut
1219 484 1359 530 exigere
1373 485 1579 530 permittatis
1593 499 1677 531 quo-

203 540 390 586 quomodo,
409 538 471 573 nifi
487 540 732 573 tantummodo
751 539 925 586 medietas
943 539 1095 586 quinque
1114 540 1247 574 celdras
1265 540 1375 574 farine
1393 553 1457 586 pro
1483 541 1678 576 munitione

204 595 299 630 castri
317 595 421 629 nostri
440 595 588 643 preditffi
605 610 614 637 ;
635 601 670 629 et
686 594 710 629 fi
728 595 811 641 quid
829 595 1001 642 recepistis
1019 602 1079 630 aut
1097 596 1213 631 levare
1231 595 1352 630 fecistis
1372 596 1414 630 de
1434 597 1600 643 prediefis
1616 597 1678 632 ho—

204 652 353 686 minibus
370 651 444 699 post
455 652 692 699 receptionem
704 652 900 686 litterarum
919 651 1125 692 nostrarum,
1146 653 1290 686 omnino
1306 652 1490 686 restituatis
1508 659 1568 687 aut
1586 652 1679 688 resti-

204 715 303 743 tuere
321 709 462 749 faciatis,
491 721 535 742 ne
554 708 597 742 de
615 713 732 742 cetero
761 708 842 742 inde
862 707 988 754 justam
1007 709 1269 754 queremoniam
1297 709 1488 743 audiamus.
1542 709 1678 745 Datum

205 764 264 800 sub
282 764 414 812 signeto
432 764 549 799 nostro
568 765 661 812 apud
680 764 849 810 Linlitqw
868 764 1004 799 decimo
1025 765 1081 799 die
1099 764 1222 799 nlenfis
1241 765 1448 799 Decembris
1466 778 1560 799 anno
1578 766 1679 812 regni

206 821 310 856 nostri
328 820 498 855 tricefimo
517 821 639 867 quinto
656 835 665 863 3
694 820 909 867 presentibus
927 820 1002 867 post
1032 834 1151 856 earum
1170 821 1395 856 ostenlionem
1413 834 1520 869 penes
1547 822 1680 869 predic-

205 884 259 912 tos
279 877 454 912 Abbatem
471 882 506 912 et
524 882 737 912 conventum
756 877 1028 912 remanentibus.

210 1047 409 1095 Refignatio
428 1053 463 1082 et
480 1047 627 1082 mutatio
644 1052 737 1082 terre
757 1046 928 1092 Duugalli
947 1050 982 1080 et
1002 1045 1162 1081 Matildis
1178 1046 1299 1093 sponse
1316 1045 1388 1081 sue.

209 1159 447 1196 OMNIBUS
475 1159 601 1194 Christi
626 1159 786 1193 fidelibus
811 1157 951 1206 presens
980 1156 1146 1205 scriptum
1165 1157 1286 1192 visuris
1303 1159 1360 1193 vel
1389 1159 1559 1194 audituris
1578 1160 1681 1195 Duu-

208 1217 320 1263 gallus
339 1216 429 1250 filius
448 1215 587 1250 Cristini
599 1215 727 1262 judicis
746 1215 788 1249 de
807 1215 975 1249 Levenax
992 1213 1135 1249 salutem
1156 1215 1191 1249 in
1215 1214 1384 1249 Domino.
1437 1215 1589 1251 Noverit
1605 1218 1682 1251 uni-

208 1272 347 1307 verfitas
364 1271 474 1306 vestra
491 1271 585 1317 quod
604 1284 683 1305 cum
710 1284 775 1317 ego
806 1271 920 1304 dietus
940 1269 1142 1316 Duugallus
1173 1276 1207 1305 et
1237 1270 1395 1305 Matildis
1414 1270 1535 1318 sponsa
1553 1285 1630 1307 mea
1647 1279 1682 1307 et

208 1329 353 1364 heredes
370 1328 476 1363 nostri
494 1333 699 1375 apparentes
717 1328 807 1361 infra
825 1339 934 1361 annos
961 1326 1131 1372 legittime
1156 1327 1256 1361 etatis
1274 1326 1466 1368 existentes,
1486 1329 1585 1374 gravi
1603 1328 1684 1364 effe-

208 1398 285 1420 mus
303 1390 509 1432 paupertate
535 1382 682 1431 oppreffi
712 1390 747 1418 et
777 1384 900 1418 debitis
922 1385 1187 1432 quamplurimis
1215 1385 1362 1425 onerati,
1391 1384 1459 1420 fine
1478 1387 1682 1422 venditione

208 1441 265 1476 vel
282 1441 491 1475 alienatione
518 1440 719 1474 hereditatis
747 1440 860 1474 nostre
890 1453 911 1474 a
940 1441 1035 1476 dieta
1052 1447 1257 1489 paupertate
1288 1440 1468 1488 resurgere
1495 1443 1550 1477 vel
1569 1443 1685 1478 debita

208 1497 323 1532 nostra
339 1497 536 1543 acquietare
554 1509 626 1530 11011
643 1497 831 1543 potuimuS,
861 1497 1021 1531 omnibus
1050 1498 1236 1531 mobilibus
1263 1497 1385 1531 nostris
1411 1499 1507 1545 prius
1525 1499 1684 1546 expolitis

209 1559 244 1588 et
261 1553 422 1592 venditis,
450 1552 592 1586 tandem
611 1551 808 1586 necessitate
827 1552 991 1599 compulfi
1009 1567 1076 1599 que
1094 1554 1206 1600 legem
1227 1566 1301 1587 non
1318 1555 1461 1600 patitur,
1488 1560 1599 1590 totam
1617 1562 1685 1592 ter-

209 1622 282 1644 ram
301 1608 451 1643 nostram
470 1608 513 1642 de
532 1608 632 1642 Cnoc
650 1621 752 1654 quam
770 1608 812 1642 ab
832 1608 972 1643 Abbate
1003 1615 1038 1643 et
1068 1615 1245 1643 conventu
1264 1609 1306 1643 de
1332 1608 1478 1644 Paffelet
1507 1613 1684 1648 tenuimus

208 1665 429 1705 hereditarie,
458 1664 583 1698 eisdem
603 1664 734 1698 Abbati
752 1670 787 1699 et
804 1665 994 1699 conventui
1013 1665 1182 1705 dedimus,
1211 1664 1434 1702 conceffimus
1463 1673 1497 1701 et
1527 1668 1591 1703 hac
1608 1682 1685 1716 pre-

210 1721 297 1756 senti
316 1726 410 1755 carta
428 1720 543 1754 nostra
561 1720 854 1760 confirmavimus,
882 1733 946 1767 pro
977 1720 1151 1754 escambiis
1182 1720 1357 1767 cujusdam
1386 1727 1479 1757 terre
1509 1723 1545 1757 in
1575 1724 1686 1760 insula

209 1777 269 1813 sua
288 1791 355 1823 que
368 1777 463 1823 jacet
481 1777 572 1810 inter
593 1776 682 1810 Kert
701 1776 978 1823 Louchwynnoc
1007 1782 1041 1810 et
1069 1776 1266 1822 Grifjuxta
1286 1776 1573 1820 Walkeini'chaw,
1600 1780 1685 1817 ficut

212 1833 329 1867 Adam
350 1832 494 1878 Galgon
512 1832 658 1866 eandem
677 1837 806 1866 terram
825 1832 920 1878 prius
947 1833 990 1866 de
1021 1833 1123 1866 (liciis
1141 1833 1281 1868 Abbate
1310 1840 1345 1868 et
1375 1842 1553 1871 conventu
1571 1840 1685 1874 tenuit

211 1889 256 1923 ad
273 1889 408 1923 firmam
423 1902 432 1930 3
462 1893 496 1922 et
513 1901 577 1935 pro
595 1889 713 1934 quieta
729 1888 914 1923 clamantia
932 1888 1072 1922 dimidie
1091 1901 1206 1923 marce
1224 1890 1403 1925 annuatim
1427 1904 1530 1937 quam
1559 1906 1624 1929 nos
1649 1901 1685 1930 et

212 1946 358 1981 heredes
375 1944 481 1979 nostri
498 1943 637 1990 singulis
655 1945 754 1979 annis
773 1945 875 1979 diff-Fcis
894 1944 1024 1978 Abbati
1043 1950 1078 1979 et
1106 1946 1293 1979 conventui
1322 1959 1386 1993 pro
1415 1949 1574 1994 predi6ta
1591 1955 1686 1986 terra

213 2002 256 2036 de
276 2002 376 2036 Cnoo
401 2002 435 2035 in
455 2001 650 2035 feodifirma
667 2001 813 2035 reddere
838 2000 1066 2043 tenebamur3
1096 2006 1130 2034 et
1161 2014 1226 2047 pro
1257 2002 1390 2036 duabus
1418 2004 1544 2039 celdris
1572 2006 1684 2042 farine

212 2070 402 2093 avenarum
418 2055 560 2103 singulis
577 2057 676 2090 annis
694 2057 793 2091 nobis
821 2062 856 2091 et
882 2056 1067 2091 heredibus
1084 2055 1206 2090 nostris
1236 2058 1494 2105 imperpetuum
1512 2060 1685 2097 solvendis

214 2115 257 2149 de
274 2113 436 2160 granario
454 2111 515 2147 suo
534 2113 577 2147 de
598 2111 744 2147 Paffelet
762 2113 806 2147 ad
824 2113 911 2147 duos
929 2112 1011 2147 anni
1030 2113 1209 2153 terminos,
1226 2114 1389 2149 videlicet
1407 2129 1512 2150 unam
1532 2117 1684 2153 celdram

214 2170 323 2204 farine
342 2170 385 2203 ad
403 2168 523 2203 festum
543 2168 663 2203 Sancti
683 2168 831 2203 Martini
850 2174 884 2203 et
908 2181 1014 2203 unam
1034 2168 1186 2203 celdram
1214 2171 1258 2204 ad
1289 2170 1540 2217 Pentecosten3
1568 2175 1685 2209 amicis

215 2225 337 2260 nostris
355 2231 389 2259 et
406 2225 609 2272 propinquis
635 2225 805 2259 heredum
836 2224 1032 2260 nostrorum
1060 2227 1304 2272 apparentium
1331 2229 1526 2274 predicitam
1555 2235 1685 2265 terram

216 2293 281 2328 pro
300 2281 425 2314 minori
451 2281 564 2327 pretio
583 2281 678 2328 prius
695 2279 942 2316 recusantibus.
996 2281 1115 2322 Quare
1135 2282 1297 2317 volumus
1327 2290 1362 2318 et
1392 2284 1542 2331 presenti
1559 2284 1684 2333 scripto

216 2337 449 2377 concedimus,
464 2342 504 2371 ut
519 2337 602 2372 dieti
622 2337 742 2372 Abbas
756 2343 790 2372 et
804 2343 997 2374 conventus
1011 2343 1121 2373 totam
1135 2343 1264 2373 terram
1278 2340 1472 2386 predietam
1487 2340 1555 2376 fine
1569 2341 1685 2388 aliquo
