1870 2683
744 283 813 318 DE
844 284 1112 319 PASSELET.
1600 290 1645 323 ἐξ)
1656 290 1670 319 7

182 383 263 418 ideo
276 381 375 418 vobis
387 386 421 416 et
440 380 590 416 vestrum
606 380 749 416 cuilibet
760 381 817 427 qui
830 380 931 428 super
945 380 1012 415 hoc
1027 381 1162 415 fueritis
1176 379 1328 427 requisiti
1346 394 1367 415 a
1384 380 1486 415 dictis
1500 380 1665 427 religiosis

181 439 238 474 vel
251 438 363 473 altero
375 438 569 472 eorundem
580 436 639 472 seu
652 442 882 484 procuratore
896 437 952 471 vel
964 437 1249 483 procuratoribus
1262 438 1467 478 eorundem,
1481 437 1665 484 apostolica

183 494 393 530 auctorItate
406 494 507 528 nobis
520 494 557 528 in
570 494 635 528 hac
648 498 748 540 parte
763 491 949 532 commiffa,
969 494 1180 540 precipimus
1195 498 1229 527 et
1249 494 1466 534 mandamus,
1483 495 1519 528 in
1535 495 1664 528 virtute

183 549 301 585 sancte
320 550 530 590 obedientie,
558 555 593 584 et
618 549 679 583 sub
697 549 796 596 penis
813 547 1038 595 suspensionis
1057 555 1090 583 et
1109 550 1491 590 excommunicationis,
1521 563 1604 596 quas
1630 551 1667 584 in

184 619 247 641 vos
278 611 312 640 et
341 605 492 640 vestrum
510 605 700 652 quemlibet
718 610 841 639 tenore
860 603 1071 651 presentium
1089 606 1232 640 ferimus
1258 605 1319 639 nifi
1345 606 1489 640 indilate
1515 606 1666 641 feceritis

186 663 280 709 quod
298 662 515 702 mandamus,
544 661 707 707 quatinus
723 661 895 695 moneatis
913 666 948 695 et
966 662 1102 695 moneri
1129 662 1260 696 faciatis
1289 663 1466 702 canonice,
1500 662 1613 709 palam
1633 669 1667 697 et

186 718 335 765 publice,
356 731 399 752 ex
416 722 514 765 parte
532 716 647 751 nostra
664 716 899 763 ymmoverius
913 717 1108 763 apostolica,
1130 718 1165 751 in
1184 717 1342 758 ecelefiis‚
1364 718 1523 765 capitulis
1542 724 1576 753 et
1594 718 1668 752 aliis

186 775 271 809 locis
289 774 434 821 publicis
452 779 487 808 et
504 772 654 807 honestis
685 772 728 806 de
754 772 878 817 quibus
895 772 1030 807 fueritis
1048 772 1209 819 requifiti,
1242 787 1328 820 quos
1347 774 1451 808 etiam
1482 779 1517 808 et
1546 787 1666 808 eorum

188 830 378 876 quemlibet
395 834 518 864 tenore
536 828 748 876 presentium
766 828 888 862 eadem
906 829 1117 863 auctoritate
1136 842 1331 870 monemus,
1367 842 1488 864 omnes
1507 834 1541 864 et
1559 829 1670 876 fingu-

188 887 242 920 los
259 885 493 932 cujuscunque
511 884 627 924 status,
647 884 778 918 ordinis
798 884 854 918 vel
873 885 1083 920 conditionis
1102 886 1257 927 existant,
1284 887 1388 920 etiam
1407 885 1430 920 fi
1448 886 1671 933 archiepisco-

190 942 276 989 palis
293 941 350 976 vel
368 941 579 988 episcopalis,
612 945 647 975 et
664 939 688 974 fi
706 940 899 987 expedierit
929 942 1137 975 nominatim
1165 948 1199 976 et
1225 940 1454 988 singulariter,
1486 942 1531 976 ad
1549 955 1671 976 eorum

191 998 353 1046 personas
370 998 426 1032 vel
444 998 527 1032 alias
544 1002 650 1044 prout
668 997 803 1031 fueritis
821 996 935 1031 debite
954 996 1117 1043 requifiti,
1146 998 1241 1044 quod
1266 997 1289 1031 fi
1315 998 1379 1032 fint
1397 998 1504 1044 aliqui
1522 999 1580 1044 qui
1600 1011 1671 1032 mo-

193 1054 349 1094 nasteria,
369 1053 538 1093 abbacias,
558 1053 744 1100 prioratuS,
765 1053 963 1093 decanatus,
985 1052 1151 1094 ecclefias,
1181 1054 1314 1094 domos,
1334 1055 1508 1101 grangias,
1542 1054 1673 1088 molen-

193 1111 285 1151 dina,
306 1109 531 1149 obedientias,
551 1115 585 1143 et
603 1108 735 1149 casalia,
756 1109 917 1149 decimas,
937 1115 1058 1150 terras,
1080 1110 1207 1150 vineas,
1225 1109 1355 1151 census,
1376 1111 1533 1145 redditus
1548 1116 1581 1144 et
1596 1123 1674 1157 pro-

193 1173 331 1208 ventus,
352 1167 564 1213 bordalagia,
578 1167 852 1214 jurisdictiones,
872 1172 1137 1200 manumortuas
1156 1171 1190 1200 et
1208 1166 1334 1207 debita,
1363 1165 1553 1213 penfioneS,
1573 1179 1675 1213 pecu-

196 1225 282 1265 nias,
303 1223 416 1264 blada,
435 1229 534 1271 prata
552 1229 587 1258 et
604 1236 760 1264 nemora,
788 1223 943 1269 stangna,
976 1223 1173 1270 piscaturas,
1194 1223 1359 1256 animalia
1377 1228 1525 1256 cornuta
1543 1228 1577 1256 et
1597 1222 1673 1261 alia,

197 1293 333 1328 porcos,
362 1280 519 1326 gallinas,
551 1292 712 1327 capones,
741 1279 898 1318 terraria,
926 1284 1092 1325 receptas,
1122 1279 1275 1325 registra,
1295 1279 1524 1318 munimenta,
1544 1278 1676 1312 litteras

198 1337 401 1377 autenticas,
433 1349 569 1377 aurum,
600 1341 797 1382 argentum,
820 1335 959 1382 jocalia,
980 1335 1097 1375 libros,
1125 1348 1245 1381 grana,
1266 1335 1357 1374 vina,
1385 1333 1544 1368 utenfilia
1562 1340 1596 1368 et
1614 1334 1679 1368 alia

200 1406 407 1439 quecunque
424 1393 518 1427 bona
535 1398 570 1426 et
591 1392 674 1439 jura
701 1392 745 1426 ad
771 1391 988 1438 lupradictos
1007 1391 1183 1437 religiosos
1202 1396 1236 1425 et
1255 1404 1378 1425 eorum
1396 1389 1603 1425 monasteria
1620 1390 1678 1424 seu

202 1450 362 1484 ordinem
380 1455 441 1483 aut
458 1449 607 1483 alterum
626 1448 864 1482 membrorum
882 1460 921 1482 ac
938 1448 1100 1494 personas
1119 1446 1219 1494 ipfius
1238 1446 1434 1481 monasterii
1460 1445 1519 1480 seu
1547 1446 1679 1479 ordinis

201 1505 415 1553 pertinentia
432 1510 467 1539 et
483 1504 675 1552 spectantia
692 1503 932 1550 quovismodo,
965 1504 1131 1551 ceperint,
1162 1503 1422 1550 occupaverint,
1453 1502 1679 1541 detinuerint,

202 1561 456 1610 usurpaverint,
477 1573 550 1595 non
568 1560 745 1601 solverint,
771 1561 829 1594 seu
847 1561 1029 1607 rapuerint
1047 1566 1081 1594 et
1100 1559 1345 1606 impediverint
1363 1571 1428 1593 nec
1442 1558 1677 1596 satfffacerint,

203 1619 262 1654 seu
279 1619 366 1666 capi,
386 1617 560 1665 occupari,
580 1616 740 1656 detineri,
760 1616 928 1663 usurpari,
961 1617 1129 1651 occultari
1148 1622 1183 1650 et
1200 1615 1361 1662 impediri
1379 1615 1537 1655 fecerint,
1567 1628 1606 1649 ac
1625 1627 1681 1648 eo-

204 1687 282 1710 rum
301 1674 523 1722 injuriatores
541 1678 576 1707 et
594 1672 841 1713 molestatores,
862 1677 922 1706 aut
941 1686 981 1707 ea
998 1673 1162 1707 facientes
1181 1685 1295 1719 opem,
1315 1672 1483 1711 favorem,
1503 1670 1680 1705 confilium

206 1737 240 1766 et
258 1731 426 1765 auxilium
440 1729 664 1777 prestiterint,
684 1741 793 1775 eaque
811 1727 854 1763 fic
872 1729 1014 1763 nomine
1032 1728 1094 1763 suo
1112 1728 1205 1763 facta
1222 1734 1298 1762 rata
1316 1732 1350 1762 et
1367 1734 1467 1773 grata
1485 1727 1680 1764 habuerint,

205 1785 432 1834 premifl'aque
450 1786 619 1832 impedire
637 1784 827 1832 potuifl'ent
844 1784 867 1819 fi
885 1783 1070 1820 voluiffent
1087 1799 1096 1827 ;
1130 1790 1164 1819 et
1181 1784 1295 1818 adhuc
1314 1784 1408 1817 dicta
1425 1783 1517 1817 bona
1543 1788 1577 1817 et
1602 1782 1684 1829 jura

206 1855 313 1890 penes
331 1841 364 1876 se
381 1842 531 1876 habeant
550 1848 584 1876 et
602 1842 792 1881 detineant,
813 1847 997 1889 occupent,
1018 1841 1132 1876 celent
1152 1846 1186 1875 et
1204 1839 1392 1879 occultant,
1412 1838 1471 1873 seu
1490 1838 1572 1872 dolo
1591 1838 1683 1872 malo

208 1899 377 1938 detinere,
406 1910 588 1944 occupare,
616 1897 793 1944 usurpare,
822 1897 934 1932 celare
953 1903 988 1932 et
1006 1910 1176 1944 occupare
1195 1896 1463 1943 procuraverint
1480 1894 1634 1928 indebite
1652 1900 1686 1927 et

208 1954 331 2002 injuste
350 1959 385 1988 et
403 1959 527 1988 contra
545 1954 722 1988 dictorum
740 1953 982 1999 religiosorum
1009 1954 1227 1988 voluntatem
1246 1967 1254 1995 3
1289 1952 1410 1986 eadem
1441 1951 1489 1985 eis
1518 1948 1684 1995 religiolis

208 2012 414 2060 supradictis
431 2011 490 2045 seu
508 2023 630 2046 eorum
649 2011 933 2058 procuratoribus
952 2010 1008 2045 vel
1026 2009 1245 2057 procuratori
1264 2008 1433 2046 revelent,
1453 2006 1613 2045 reddent,
1634 2018 1686 2038 re—

209 2069 361 2108 stituant,
381 2066 527 2107 solvant,
548 2067 631 2101 dent
646 2072 680 2101 et
693 2066 887 2101 deliberent
905 2072 940 2101 et
957 2066 1167 2111 condignam
1185 2063 1456 2098 satisfactionem
1470 2061 1684 2108 impendant,

211 2131 245 2159 et
262 2125 390 2158 faciant
408 2123 498 2157 infra
515 2123 635 2157 decem
655 2122 727 2156 dies
755 2135 775 2156 a
805 2122 860 2157 die
878 2122 1106 2156 intimationis
1124 2120 1182 2154 seu
1200 2118 1402 2153 monitionis
1431 2117 1541 2151 vestre
1559 2115 1685 2151 eisdem

210 2180 368 2215 faciende
386 2179 552 2214 continue
570 2178 806 2212 numerandos
826 2192 835 2220 ;
863 2191 1013 2224 quorum
1033 2177 1169 2211 dierum
1199 2181 1269 2209 tres
1298 2187 1363 2221 pro
1381 2174 1506 2220 primo,
1535 2179 1605 2207 tres
1623 2185 1686 2219 pro

210 2236 374 2276 secundo,
395 2241 430 2270 et
446 2235 598 2281 reliquos
615 2239 766 2280 quatuor
783 2247 847 2281 pro
865 2234 990 2268 ultimo
1009 2238 1044 2268 et
1061 2231 1258 2279 perhibenti
1276 2230 1438 2270 termino,
1467 2230 1562 2264 dic'ta
1587 2242 1689 2264 cano-

212 2295 290 2328 nica
306 2292 500 2327 monitione
518 2288 687 2338 premiffa,
709 2288 962 2336 affignavimus.
1016 2288 1187 2334 Alioquin
1204 2286 1293 2334 ipsos
1311 2287 1523 2326 detentores,
1543 2298 1688 2332 occupa-

213 2355 318 2390 tores,
337 2348 557 2390 recelatores,
576 2346 808 2394 usurpatoreS,
829 2345 1075 2385 molestatores,
1089 2343 1356 2391 presumptores,
1376 2341 1619 2381 occultatores,
1640 2341 1691 2374 in-
