1839 2652
883 343 953 376 xxii

227 438 402 469 Ratificatio
425 443 453 468 et
479 437 664 467 confirmatio
679 437 790 467 domini
807 437 934 467 Roberti
960 438 1038 477 regis
1065 437 1164 467 Scotie
1190 438 1227 467 de
1250 437 1409 468 donatione
1425 439 1577 470 ..Iohannis

186 488 355 518 Auchinlek
384 489 421 517 de
449 488 558 528 viginti
587 487 687 517 solidis
716 487 945 526 sterlingorum;
979 492 1009 516 et
1039 487 1224 516 confirmatio
1253 487 1290 516 de
1320 488 1479 518 donatione
1509 490 1580 519 Ade

188 538 345 567 Fullerton
372 537 413 566 xl.
438 537 627 566 denariorum
653 536 744 565 annui
770 536 922 569 redditus;
948 541 977 565 et
1001 536 1091 566 etiam
1106 536 1264 566 ratificatio
1290 541 1320 566 et
1343 537 1529 567 confirmatio
1543 539 1581 568 (le

187 587 346 616 donatione
362 587 383 615 J
387 586 512 616 ohannis
528 586 618 615 Blare
633 586 669 615 de
684 586 804 615 licentia
819 586 958 616 trahendi
973 596 1083 624 aquam
1099 596 1151 625 per
1166 590 1259 616 terras
1275 596 1342 617 suas
1357 587 1394 617 de
1417 586 1578 623 Adamton‚

186 637 226 665 fo.
242 636 384 666 ccxxviii.
404 635 528 675 (1396‚)
1551 637 1586 666 P.
1605 636 1667 668 365

232 705 324 734 Carta
340 705 361 733 J
364 705 489 734 ohannis
505 705 596 734 Blare
611 705 722 734 domini
745 705 781 735 de
804 705 955 735 Adamton
980 715 1034 744 pro
1059 715 1174 735 summa
1189 706 1387 746 quadraginta
1410 706 1582 743 solidorum,

187 755 225 783 fo.
245 755 365 784 ccxxix.
385 755 508 794 (1397‚)
1606 755 1668 786 366

232 826 325 855 Carta
341 825 463 855 dimidie
478 829 560 864 petre
575 835 640 854 cere
655 824 753 854 debite
768 834 820 864 per
836 825 1013 864 Ryseholm,
1030 825 1068 854 fo.
1086 824 1206 855 ccxxix.
1225 825 1349 864 (1399‚)
1605 825 1669 856 368

230 895 365 924 Donatio
380 895 502 925 dimidie
517 899 600 934 petre
615 905 680 924 cere
694 905 746 934 per
761 895 915 924 dominum
931 895 952 923 J
956 894 1102 924 ohannem
1128 894 1165 924 de
1192 894 1378 930 Kelswland‚
1406 895 1444 924 fo.
1462 895 1582 925 ccxxxi.

191 945 314 984 (1432)
1606 943 1669 976 369

233 1013 432 1043 Confirmatio
468 1014 580 1043 domini
612 1014 736 1043 Roberti
774 1013 851 1053 regis
878 1013 987 1049 Scotie,
1012 1014 1049 1043 de
1078 1012 1286 1042 donationibus
1310 1013 1460 1051 quondam
1486 1012 1583 1043 Adam

190 1063 348 1092 Fullcrton
365 1064 401 1093 de
418 1064 544 1104 Corsby,
562 1065 598 1093 de
615 1064 790 1103 Ryseholm,
808 1068 837 1092 et
853 1064 889 1092 de
907 1063 1112 1098 Kelsowland,
1135 1062 1173 1091 fo.
1191 1062 1322 1092 ccxxxii.
1351 1063 1475 1102 (14040
1606 1063 1668 1100 370

233 1132 432 1162 Confirmatio
447 1133 559 1163 domini
576 1133 703 1163 Roberti
719 1133 796 1173 regis
824 1133 934 1169 scotie,
961 1133 997 1162 de
1021 1132 1182 1163 donatione
1197 1143 1286 1172 quam
1311 1134 1461 1172 quondam
1486 1133 1583 1163 Adam

190 1181 350 1212 Fullerton
366 1183 402 1212 de
419 1183 534 1223 Corsby
551 1183 684 1219 donavit,
709 1187 738 1212 et
761 1183 798 1212 de
813 1183 929 1212 duabus
945 1183 1076 1213 dimidiis
1099 1184 1190 1222 petris
1214 1194 1279 1213 cere
1303 1184 1340 1213 de
1364 1183 1530 1223 Ryseholm
1554 1188 1584 1213 et

191 1232 397 1269 Kelsowland,
414 1233 451 1262 fo.
470 1233 602 1262 ccxxxii.
622 1234 746 1273 (1404‚)
1607 1233 1667 1272 371

234 1302 328 1332 Carta
345 1303 381 1332 de
397 1303 521 1333 dimidia
537 1313 636 1333 marca
652 1303 688 1332 de
705 1303 866 1338 Howston,
890 1303 928 1332 fo.
947 1302 1092 1332 ccxxxiii.
1112 1304 1235 1341 (1225)
1608 1302 1670 1339 372

234 1369 327 1398 Carta
353 1369 585 1398 confirmationis
613 1369 753 1408 Episcopi
781 1370 995 1409 Glasgwensis‚
1021 1371 1058 1399 de
1082 1370 1204 1401 dimidia
1231 1380 1330 1400 marca
1358 1371 1394 1400 de
1422 1370 1582 1406 Howston,

190 1419 228 1447 fo.
246 1419 390 1448 ccxxxiii.
409 1420 533 1457 (13050
1608 1419 1671 1458 373

234 1486 327 1514 Carta
342 1485 468 1515 Roberti
486 1486 678 1522 Portarfeild,
702 1487 739 1516 de
754 1487 914 1517 donatione
931 1488 1007 1517 xviii
1023 1488 1224 1525 denariorum,
1241 1492 1270 1518 et
1286 1488 1327 1518 xii
1344 1487 1534 1518 denariorum
1549 1487 1586 1517 de

191 1535 349 1564 donatione
364 1536 456 1575 patris
472 1536 528 1571 sui,
552 1536 582 1565 in
599 1537 694 1575 burgo
709 1537 746 1566 de
763 1536 900 1572 Renfiw,
924 1537 962 1566 fo.
980 1538 1136 1567 ccxxxiiii.
1157 1539 1280 1577 (1399‚)
1608 1537 1671 1574 374

234 1605 327 1635 Carta
343 1606 363 1634 J
367 1606 491 1635 ohannis
509 1607 659 1636 Smalwod
675 1607 829 1646 burgensis
845 1608 881 1636 de
897 1607 1034 1643 Renfrw,
1051 1608 1088 1637 fo.
1106 1619 1233 1638 ccxxxv.
1609 1608 1671 1646 375

235 1677 329 1706 Carta
345 1680 423 1706 terre
438 1677 475 1706 de
490 1677 562 1706 villa
579 1677 715 1713 Renfrw,
740 1677 777 1706 fo.
795 1687 923 1706 ccxxxv.
943 1678 1067 1717 (12800
1609 1678 1671 1715 375

234 1747 353 1777 Littera
369 1747 518 1777 Johannis
534 1747 625 1776 Pride
641 1748 678 1777 de
694 1747 831 1785 Renfrw,
856 1747 894 1777 fo.
911 1758 1040 1778 ccxxxv.
1068 1749 1190 1788 (1313‚)
1608 1746 1671 1785 376

236 1817 329 1847 Carta
344 1818 481 1857 burgagii
497 1818 527 1846 in
545 1817 712 1857 Ruthglen,
736 1818 774 1847 fo.
793 1818 932 1848 ccxxxvi.
952 1818 1076 1858 (1262)
1610 1816 1672 1855 376

236 1886 330 1914 Carta
346 1886 383 1914 de
398 1886 570 1915 tendehows
586 1886 616 1914 in
633 1885 800 1925 Ruthglen‚
826 1886 862 1915 fo.
881 1887 1020 1916 ccxxxvi.
1048 1889 1171 1927 (1305,)
1610 1886 1672 1923 377

236 1954 331 1983 Carta
345 1954 458 1983 domini
474 1954 599 1984 Roberti
616 1955 652 1984 de
670 1955 774 1985 Polloc
789 1956 826 1985 dc
842 1956 884 1985 xii
901 1957 1028 1986 denariis
1052 1958 1082 1987 in
1110 1958 1195 1987 terris
1212 1957 1352 1997 ejusdem,
1378 1958 1415 1987 fo.
1434 1956 1585 1987 ccxxxvii.

195 2008 231 2043 (c.
251 2004 360 2044 1230‚)
1610 2006 1673 2044 378

237 2077 329 2105 Carta
345 2076 381 2105 de
397 2080 497 2106 nostra
512 2081 591 2106 terra
606 2076 636 2105 in
652 2077 680 2105 le
696 2076 829 2113 Merues,
847 2078 883 2106 fo.
902 2078 1053 2107 ccxxxvii.
1073 2080 1110 2117 (c.
1131 2078 1237 2117 1300‚)
1611 2076 1673 2113 379

238 2146 331 2175 Carta
346 2150 447 2175 nostra
462 2146 498 2175 de
516 2146 716 2181 Stewardton,
740 2146 777 2175 fo.
795 2147 935 2177 ccxxxix.
963 2148 1086 2187 (1281)
1610 2146 1673 2174 380

237 2216 414 2255 Resignatio
430 2221 507 2246 terre
525 2217 705 2253 Stewarton,
722 2217 760 2246 fo.
778 2217 919 2247 ccxxxix.
939 2219 1062 2257 (1303‚)
1611 2216 1671 2244 381

238 2288 331 2316 Carta
348 2288 477 2318 Gilberti
494 2289 530 2318 de
547 2289 672 2319 Camera
689 2290 725 2320 de
740 2300 800 2320 uno
815 2296 983 2321 tenemento
999 2291 1028 2321 in
1045 2293 1072 2322 le
1089 2291 1253 2322 Ratonraw
1267 2292 1303 2321 de
1315 2291 1450 2331 Glasgw‚
1464 2290 1500 2319 fo.
1513 2288 1586 2318 ccxl.

195 2337 322 2375 (1283.)
1610 2337 1672 2366 382
