1839 2652
700 268 772 304 DE
804 267 1074 304 PASSELET.
1559 275 1629 314 107

150 364 252 400 nibus
270 364 344 399 aliis
362 364 406 399 ad
423 365 618 412 predic'tam
639 365 813 401 ecclefiam
828 365 918 412 juste
936 364 1193 413 pertinentibus
1209 378 1218 400 ι
1247 365 1455 401 Tenendam
1474 366 1511 401 in
1527 366 1630 402 liber-

149 434 204 456 am
225 426 259 456 et
277 426 481 468 perpetuam
500 421 732 463 elemofinam,
760 423 808 457 ita
826 421 934 456 libere
966 427 1001 457 et
1019 421 1147 469 quiete,
1174 422 1330 469 plenarie
1359 427 1394 458 et
1422 423 1628 464 honorifice,

149 476 234 512 ficut
252 477 335 511 alias
353 476 553 512 elemofinas
571 476 647 513 suas
675 478 828 519 liberius,
856 478 1017 524 quietius,
1044 478 1182 525 plenius
1212 483 1247 514 et
1272 478 1563 514 honorificentius
1579 484 1630 515 te-

148 539 248 569 nent.
303 532 474 574 Teii-ibus,
495 533 614 568 David
630 534 738 568 fratre
756 546 847 574 meo,
869 533 1023 568 Ricardo
1042 534 1085 569 de
1105 534 1253 569 Morvill
1271 534 1536 576 constabulario,
1557 535 1631 570 Ro.

149 589 250 624 berto
269 589 312 624 de
333 589 473 630 Quinei,
504 589 623 624 Alano
643 590 798 636 dapifero
816 602 907 630 me0‚
932 589 1087 624 Waltero
1106 590 1283 638 Oliphart,
1317 590 1479 638 Philippo
1498 591 1540 626 de
1559 591 1630 626 Va-

149 645 232 686 lon’‚
263 645 419 691 Rogerio
439 645 481 680 de
500 645 641 686 Valon’‚
663 645 824 681 Roberto
843 646 885 680 de
905 645 1022 687 Berk',
1043 645 1226 681 Bernardo
1244 647 1317 681 filio
1337 647 1466 688 Brien’,
1487 647 1629 683 Simone

150 702 223 736 filio
245 701 421 743 Melbeeh,
449 701 541 748 apud
562 701 792 748 Trauequair.

150 869 350 905 Concordia
366 870 459 905 inter
478 868 654 905 Abbatem
672 874 707 905 et
725 875 939 905 conventum
956 868 1154 905 monasterii
1172 871 1215 905 de
1234 869 1369 906 Passeto
1387 875 1422 906 et
1437 871 1631 907 Rectorem

150 927 193 961 de
213 925 430 973 Camyssang,
451 927 493 962 de
513 925 653 961 ecclesia
669 925 878 974 supradicta,
899 932 934 961 et
952 925 1092 962 ecclesia
1110 927 1153 962 (16
1174 927 1370 973 Ruthglen.

151 1038 210 1073 IN
227 1038 443 1074 NOMINE
463 1038 667 1074 DOMINI
693 1051 806 1074 amen.
859 1039 952 1075 Orta
980 1053 1094 1088 nuper
1124 1040 1294 1076 discordia
1319 1039 1387 1076 five
1415 1041 1491 1075 rixa
1507 1052 1634 1087 magna

149 1096 242 1131 inter
259 1094 438 1142 religiosos
455 1096 549 1130 viros
568 1094 743 1130 Abbatem
763 1100 797 1131 et
815 1102 1029 1132 conventum
1055 1098 1252 1133 monasterii
1270 1098 1313 1132 de
1333 1096 1514 1139 Paffeleto,
1542 1098 1635 1132 ordi-

150 1153 205 1190 nis
223 1151 470 1192 Cluniacenfis,
491 1150 713 1198 Glasguenfis
731 1151 882 1193 diocesis,
914 1166 957 1188 ex
983 1159 1083 1201 parte
1100 1167 1182 1195 una,
1211 1160 1247 1189 et
1264 1154 1500 1189 venerabilem
1517 1154 1634 1190 virum

151 1208 352 1256 magistrum
369 1208 569 1244 Johannem
589 1208 632 1243 de
652 1208 799 1243 Merton
817 1210 993 1244 rectorem
1012 1209 1150 1245 ecclesie
1175 1210 1217 1245 de
1243 1210 1461 1258 Camyssang‚
1481 1210 1634 1258 ejusdem

154 1264 306 1305 diocefis,
326 1277 369 1299 ex
383 1264 502 1305 altera,
521 1263 622 1311 super
641 1264 782 1299 decimis
796 1265 983 1311 garbarum
999 1266 1176 1313 cujusdam
1190 1267 1302 1314 predii
1314 1266 1464 1314 jacentis
1478 1279 1521 1301 ex
1534 1271 1634 1314 parte

153 1321 316 1357 orientali
333 1321 417 1356 ville
430 1320 474 1355 de
488 1320 671 1368 Ruthglen
689 1321 725 1355 in
744 1321 896 1356 confinio
914 1322 1176 1369 parrochiarum
1196 1322 1414 1358 eccleliarum
1433 1322 1476 1357 de
1496 1320 1636 1370 Camys-

152 1380 236 1426 lang
254 1384 289 1414 et
307 1379 350 1413 de
379 1378 574 1425 Ruthglen‚
607 1378 759 1426 ejusdem
792 1377 943 1418 diocefis,
976 1378 1020 1412 ad
1049 1378 1186 1413 firmam
1214 1378 1314 1414 beate
1343 1378 1459 1414 Marie
1478 1378 1636 1425 Virginis

152 1435 371 1485 pertinentis,
398 1434 554 1482 partibus
583 1435 748 1470 ambabus
774 1435 1068 1470 contendentibus
1093 1435 1126 1470 se
1154 1435 1190 1469 in
1216 1433 1417 1482 pofl'effione
1436 1433 1503 1470 effe
1519 1433 1636 1482 hujuss-

151 1492 248 1528 modi
266 1491 491 1532 decimarum,
520 1491 696 1538 dictasque
715 1491 864 1526 decimas
882 1492 926 1526 ad
943 1491 976 1526 se
996 1491 1038 1526 de
1050 1491 1143 1539 jure,
1171 1492 1308 1526 ratione
1335 1491 1509 1526 dictarum
1528 1491 1637 1526 eccle-

153 1546 277 1583 fiarum
296 1547 578 1595 parrochialium‚
606 1548 806 1595 pertinere;
835 1547 977 1582 tandem
996 1561 1060 1595 pro
1078 1548 1172 1582 bono
1190 1547 1283 1595 pacis
1302 1552 1337 1582 et
1354 1547 1398 1582 ad
1416 1547 1636 1595 parcendum

153 1604 328 1641 laboribus
347 1609 382 1638 et
400 1602 565 1651 expenfis,
596 1609 721 1638 mutuo
739 1604 832 1638 inter
857 1603 890 1638 se
917 1610 1161 1639 convenerunt
1190 1605 1285 1651 quod
1311 1603 1335 1638 fi
1358 1604 1444 1639 dicti
1463 1604 1583 1639 Abbas
1601 1608 1637 1639 et

155 1666 360 1701 conventus,
392 1672 509 1694 coram
538 1659 638 1694 nobis
658 1659 805 1694 Matheo
836 1659 1056 1696 miseratione
1087 1662 1206 1696 divina
1235 1660 1395 1709 episcopo
1415 1659 1633 1708 Glafiguenfi,

152 1717 301 1766 probare
318 1715 444 1764 poffint
461 1716 672 1752 sufficienter
689 1716 935 1752 monasterium
954 1716 1053 1751 suum
1071 1718 1288 1752 antedictum
1306 1715 1404 1752 fuiffe
1430 1718 1466 1752 in
1489 1715 1636 1764 pofl'effi·

155 1788 222 1810 one
240 1773 455 1821 percipiendi
473 1773 623 1808 decimas
641 1772 833 1820 sepedi&as
851 1786 871 1808 a
888 1779 987 1808 tanto
1005 1779 1164 1821 tempore
1182 1774 1277 1820 quod
1303 1774 1346 1808 de
1365 1773 1438 1821 ejus
1457 1774 1634 1808 contrario

155 1831 325 1867 memoria
341 1831 524 1865 hominum
542 1843 614 1865 non
634 1829 803 1871 existeret,
834 1831 882 1865 eis
908 1830 1194 1877 adjudicarentur
1213 1829 1338 1877 absque
1355 1830 1424 1864 alio
1447 1830 1634 1877 judiciario

155 1885 312 1935 proceffu
330 1899 550 1932 quocunque.
602 1886 744 1921 DeInde
762 1887 944 1933 productis
963 1900 1080 1921 coram
1098 1887 1197 1921 nobis
1215 1887 1396 1921 nonnullis
1413 1886 1552 1921 testibus
1570 1898 1634 1933 pro

156 1949 253 1992 parte
272 1943 448 1977 dictorum
468 1942 616 1976 Abbatis
645 1947 680 1976 et
707 1947 914 1983 conventus,
943 1948 978 1977 et
996 1943 1031 1977 in
1049 1942 1223 1990 presentia
1239 1943 1347 1989 partis
1372 1942 1513 1977 adverse
1532 1947 1567 1976 et
1585 1940 1635 1976 sui

157 1999 394 2047 procuratoris
407 1998 545 2046 juratis,
566 2004 600 2033 et
619 1999 806 2045 diligenter
824 1998 940 2045 postea
958 1999 1172 2039 examinatis,
1192 1996 1533 2043 attestationibusque
1550 1998 1636 2044 pub-

156 2055 277 2095 neatis,
298 2067 337 2089 ac
355 2055 505 2089 termino
523 2055 761 2102 peremptorio
779 2067 843 2101 pro
861 2054 1032 2089 leiitentia
1048 2054 1193 2089 ferenda
1210 2053 1388 2101 affiguato,
1408 2059 1507 2101 parte
1525 2054 1636 2088 (11ἃο-

156 2124 236 2147 rum
255 2110 402 2144 Abbatis
420 2116 455 2144 et
473 2116 666 2145 conventus
684 2124 747 2158 per
764 2115 1028 2158 procuratorem
1047 2109 1159 2150 filum,
1192 2115 1291 2157 parte
1309 2122 1393 2144 vero
1423 2109 1548 2156 prefati
1566 2123 1636 2145 ma-

157 2167 250 2215 gistri
267 2165 438 2201 ,Iohannis
455 2178 517 2212 per
535 2165 751 2201 substitutum
779 2179 800 2201 a
828 2172 1057 2213 procuratore
1075 2165 1147 2207 suo,
1180 2179 1297 2200 coram
1323 2166 1423 2200 nobis
1441 2166 1477 2200 in
1501 2166 1635 2213 judicio

159 2226 394 2270 comparente,
414 2226 449 2255 et
466 2227 695 2267 procuratore
714 2222 890 2256 dictorum
910 2223 1058 2257 Abbatis
1076 2228 1110 2256 et
1129 2227 1323 2256 conventus
1336 2221 1542 2256 sententiam
1554 2223 1636 2257 ferri

158 2293 237 2316 cum
255 2278 414 2313 instantia
430 2278 646 2326 postulante3
675 2279 761 2319 Nos,
781 2278 979 2326 hujusmodi
996 2277 1269 2325 probationibus,
1288 2277 1572 2319 attestationibus,
1602 2285 1636 2314 et

159 2337 260 2371 dietis
278 2334 426 2375 testium,
445 2335 605 2381 perprius
624 2334 811 2380 diligenter
828 2333 904 2370 vifis
932 2339 966 2369 et
991 2334 1215 2381 investigatis,
1247 2334 1348 2369 Cristi
1378 2335 1520 2369 nomine
1540 2335 1636 2370 invo-
