1839 2652
747 260 819 295 DE
847 259 1116 295 PASSELET.
1606 263 1675 301 197

188 355 330 396 trandis,
363 361 396 391 et
415 355 576 391 omnibus
588 356 740 404 juribus,
761 356 1080 396 consuetudinibus,
1094 356 1246 403 judiciis,
1266 355 1399 390 statutis
1417 361 1452 390 et
1470 355 1668 397 statuendis,

188 412 461 459 exceptionibuS,
482 418 516 447 et
528 412 618 459 juris
637 414 795 448 canonici
813 419 848 448 et
866 414 975 448 civilis
993 413 1165 453 remediis,
1193 413 1305 447 viduis
1324 418 1357 447 et
1376 412 1571 459 conjugatis
1589 425 1669 447 con-

187 467 281 505 ceffis
300 475 335 504 et
353 469 596 510 concedendis,
626 477 661 504 et
679 470 876 517 exceptioni
894 469 1002 504 virilis
1021 468 1275 515 compulsionis,
1305 475 1339 504 et
1356 468 1549 517 specialiter
1566 469 1669 503 bene-

187 526 266 560 ficio
285 526 510 561 restitutionis
529 526 565 559 in
583 527 770 573 integrum,
804 532 839 560 et
871 526 964 560 omni
993 525 1177 573 privilegio
1196 524 1463 571 crucefingnatis
1490 531 1525 560 et
1551 538 1669 560 cruce-

187 581 385 628 fingnandis
403 580 560 616 conceffo
591 587 626 616 et
656 582 894 621 concedendo,
925 587 960 616 et
990 581 1150 615 omnibus
1177 581 1251 615 aliis
1270 582 1506 628 indulgentiis,
1535 582 1665 628 gratiis,

186 638 388 686 privilegii5‚
407 638 628 684 generalibus
646 639 702 672 vel
721 638 933 685 specialibus,
965 642 1001 672 et
1019 637 1180 671 omnibus
1198 637 1498 684 appellationibus,
1532 643 1669 673 contra-

186 694 410 734 dictionibus,
443 694 732 734 cavillationibus,
763 700 798 728 et
827 694 902 728 aliis
930 707 992 741 per
1022 707 1089 740 que
1117 694 1266 729 intentio
1294 694 1351 729 seu
1380 701 1483 730 tenor
1500 695 1667 742 presentis

186 750 302 798 scripti
320 751 356 784 in
373 756 471 798 parte
489 751 545 784 vel
564 751 599 784 in
618 756 693 784 toto
713 751 873 797 impediri
890 748 991 797 poffit
1010 749 1065 784 vel
1084 750 1292 796 impugnari.
1347 751 1391 785 In
1419 752 1518 798 cujus
1536 752 1586 786 rei
1603 751 1667 786 tes-

186 808 386 848 timonium,
404 806 555 854 presenti
572 806 709 854 scripto,
729 807 842 852 gratia
859 806 1000 853 majoris
1018 805 1216 846 testimonii,
1237 806 1427 854 appensum
1445 807 1492 842 est
1517 807 1665 855 figillum

184 863 335 910 predicti
353 863 485 897 domini
505 861 677 910 Episcopi,
697 875 769 897 una
786 875 866 897 cum
883 861 1000 908 sigillis
1017 861 1151 896 nostris.
1205 862 1287 896 Hiis
1305 863 1456 898 testibus.

184 1032 316 1075 Quieta
333 1032 495 1067 clamatio
516 1031 689 1067 Bernardi
706 1032 749 1067 de
769 1032 859 1066 Erth
877 1037 912 1066 et
931 1031 1044 1067 Elene
1061 1031 1182 1080 sponse
1200 1032 1270 1074 sue,
1291 1045 1408 1068 coram
1429 1033 1612 1081 Episcopo.

183 1137 422 1173 OMNIBUS
442 1137 569 1172 Christi
586 1137 746 1172 fidelibus
763 1135 928 1184 scriptum
946 1136 1086 1184 presens
1105 1136 1225 1172 visuris
1242 1137 1299 1172 vel
1325 1138 1496 1172 audituriS
1516 1138 1665 1173 Bernar-

182 1194 247 1229 dus
265 1194 308 1229 de
328 1194 417 1228 Erth
435 1200 470 1228 et
490 1194 602 1228 Elena
619 1192 740 1241 sponsa
756 1193 816 1228 sua
833 1192 979 1227 salutem
996 1193 1032 1226 in
1053 1192 1210 1227 Domino
1237 1193 1493 1241 sempiternam.
1547 1194 1665 1230 Nove-

181 1251 227 1285 rit
244 1249 447 1285 univerfitas
464 1250 575 1285 vestra
593 1263 657 1284 nos
675 1250 778 1297 plene
809 1255 844 1284 et
873 1251 1010 1295 integre
1029 1247 1192 1296 recepiffe
1221 1250 1263 1284 de
1295 1250 1444 1285 dominis
1474 1251 1612 1286 Abbate
1630 1258 1665 1286 et

181 1312 360 1341 conventu
379 1307 421 1340 de
442 1305 588 1340 Pafl'elet
606 1306 837 1352 quadraginta
854 1305 912 1340 sex
930 1319 1073 1347 marcas,
1102 1308 1185 1342 octo
1203 1306 1342 1349 solidos,
1363 1309 1483 1344 decem
1503 1310 1665 1344 denarios

181 1367 215 1397 et
233 1362 377 1397 obolum
394 1375 459 1397 nos
477 1363 721 1409 contingentes
752 1363 794 1397 de
823 1362 889 1396 illis
908 1368 1048 1397 centum
1067 1364 1298 1410 quadraginta
1324 1365 1447 1399 marcis
1478 1365 1514 1400 in
1540 1366 1664 1412 quibus

180 1418 371 1459 nobilbum,
404 1424 439 1453 et
457 1431 536 1453 cum
554 1419 717 1455 Johanne
736 1419 778 1453 de
798 1418 995 1453 Wardroba
1013 1424 1048 1453 et
1067 1419 1185 1454 Maria
1211 1419 1332 1467 sponsa
1350 1420 1419 1462 sua,
1452 1427 1487 1456 et
1506 1421 1664 1457 Norrino

181 1476 224 1510 de
244 1474 504 1522 Monnorgund
523 1481 556 1509 et
575 1475 765 1510 Forveleth
783 1474 903 1522 sponsa
920 1473 990 1515 sua,
1011 1482 1265 1517 convenerunt,
1285 1477 1328 1511 ad
1347 1477 1444 1512 litem
1462 1476 1664 1525 sopiendam

180 1532 273 1566 inter
291 1544 355 1566 nos
369 1537 404 1566 et
418 1531 596 1578 predictos
616 1530 791 1565 Abbatem
807 1536 841 1565 et
856 1537 1069 1565 conventum
1085 1537 1228 1573 motam,
1248 1531 1350 1580 super
1368 1535 1470 1568 terris
1488 1535 1531 1569 de
1551 1534 1664 1570 Coch-

180 1588 339 1629 manach‚
369 1587 620 1634 Edynbernan,
641 1587 853 1627 Fimbalach‚
888 1586 1031 1621 Backan
1049 1593 1083 1622 et
1103 1587 1338 1630 Drumcreue,
1371 1590 1414 1625 de
1440 1591 1564 1636 quibus
1582 1604 1664 1638 qua-

182 1644 343 1690 draginta
368 1642 425 1678 sex
443 1644 578 1684 marcis,
607 1644 689 1677 octo
706 1643 833 1684 solidis,
864 1643 985 1678 decem
1005 1644 1155 1678 denariis
1186 1650 1221 1680 et
1247 1645 1350 1680 obolo
1369 1647 1580 1682 confitemur
1598 1660 1663 1683 nos

181 1700 270 1735 bene
289 1705 324 1735 et
340 1700 444 1747 plene
457 1697 523 1734 effe
535 1705 674 1747 pacatos
688 1713 697 1742 3
725 1700 819 1733 unde
839 1702 1036 1748 exceptioni
1051 1703 1199 1749 pecunie
1211 1716 1283 1737 non
1296 1704 1434 1745 tradite,
1452 1718 1523 1739 non
1537 1705 1660 1747 solute,

179 1769 254 1791 non
271 1761 465 1797 numerate,
494 1756 741 1790 renunciamus
760 1755 925 1802 exp1·effe,
958 1757 1118 1793 volentes
1136 1764 1171 1793 et
1189 1760 1422 1795 concedentes
1439 1766 1479 1795 ut
1497 1760 1663 1808 scriptum

179 1811 282 1860 super
299 1812 398 1847 totali
416 1812 565 1859 pecunia
581 1812 825 1859 prenominata
851 1813 1065 1855 confectum,
1093 1821 1265 1861 quatenus
1283 1829 1346 1850 nos
1364 1818 1476 1863 tangit
1494 1818 1550 1852 vel
1569 1831 1662 1852 com-

179 1869 278 1916 petit,
297 1869 428 1903 nullius
446 1868 484 1903 fit
503 1869 640 1903 virtutis
658 1868 714 1902 vel
733 1869 871 1909 valoris,
903 1882 969 1904 nec
986 1871 1085 1905 nobis
1103 1884 1169 1906 nec
1187 1872 1290 1906 alicui
1308 1872 1463 1907 nostrum
1482 1873 1525 1908 de
1544 1879 1662 1909 cetero

180 1924 381 1965 valiturum,
414 1923 472 1959 sed
489 1924 605 1971 potius
623 1923 801 1970 cujussibet
818 1925 968 1960 actionis
994 1940 1114 1962 carens
1132 1928 1274 1963 virtute.
1327 1928 1372 1962 In
1390 1929 1488 1976 cujus
1506 1930 1556 1964 rei
1574 1929 1663 1964 testi-

181 1981 350 2021 monium,
379 1980 531 2027 presenti
562 1979 686 2027 scripto
704 1979 851 2027 sigillum
882 1983 1089 2017 venerabilis
1118 1985 1225 2031 patris
1254 1985 1386 2018 domini
1415 1985 1563 2020 Roberti
1591 1986 1663 2020 Dei

181 2036 294 2081 gratia
311 2035 542 2081 Glasgwenfis
560 2036 710 2083 episcopi
728 2049 798 2071 una
815 2050 894 2071 cum
920 2037 1037 2084 sigillis
1067 2039 1190 2074 nostris
1216 2041 1344 2087 apponi
1372 2041 1526 2076 fecimus.
1580 2042 1661 2077 Hiis

182 2091 333 2131 testibus,
353 2092 520 2137 magistris
531 2091 694 2127 ,Iohanne
713 2093 755 2126 de
775 2092 922 2140 Lynsay,
944 2095 1062 2129 Adam
1078 2096 1352 2143 Symmyngham
1367 2097 1506 2132 rectore
1521 2098 1660 2135 ecclefie

184 2148 226 2182 de
243 2146 397 2193 Jesrych,
420 2147 578 2181 Roberto
597 2148 640 2182 de
660 2147 811 2195 Merley,
841 2148 981 2185 Thoma
998 2151 1041 2186 de
1060 2151 1253 2193 Abeirden,
1283 2151 1446 2187 Wilelmo
1467 2153 1660 2201 Capellano

182 2204 332 2252 predicti
351 2204 483 2238 domini
503 2204 673 2251 Episcopi,
698 2205 847 2239 dominis
866 2206 1022 2241 Vilelmo
1054 2207 1096 2241 de
1116 2206 1339 2254 Synwefortd
1357 2214 1392 2243 et
1411 2209 1562 2245 Patricio
1582 2211 1661 2247 Pas-

182 2260 277 2301 selet‚
310 2260 452 2294 clericis.
505 2260 641 2294 Datum
671 2261 764 2307 apud
795 2259 941 2297 Paffelet
972 2262 1027 2297 die
1057 2261 1289 2298 transsationis
1321 2264 1441 2300 Sancti
1472 2266 1659 2304 Benedicti

184 2317 266 2350 anni
283 2316 394 2363 gratie
414 2315 465 2349 Mi
485 2315 557 2351 CCi
575 2315 812 2364 septuagefimi
829 2318 936 2352 tertii.

883 2376 946 2407 ΩΒ
