1870 2683
221 289 291 319 314<
621 283 937 319 REGISTRUM
965 283 1303 321 MONASTERII

273 390 303 416 -i-
322 381 400 427 Ego
420 379 635 414 Guillelnius
653 379 747 413 tituli
766 379 886 414 Sancti
906 379 1047 415 Marchi
1064 381 1231 428 presbiter
1243 382 1439 417 cardinalis.
1479 388 1507 419 4
1528 383 1605 430 Ego
1619 385 1701 421 Odo

225 436 414 484 episcopus.
467 438 495 468 4
531 435 608 481 Ego
641 435 861 470 Oetavianus
891 436 1058 471 diaconus
1088 437 1283 472 cardinalis.
1336 443 1366 473 ÷
1398 438 1476 485 Ego
1508 438 1703 487 Stephanus

227 491 405 539 episcopus
423 491 619 525 cardinalis.
671 494 700 523 -Ρ
721 491 799 538 Ego
817 491 998 527 Johannes
1017 492 1184 528 diaconus
1201 494 1397 529 cardinalis.
1450 498 1480 529 ÷
1499 494 1577 541 Ego
1592 496 1704 531 Uber-

227 555 282 583 tus
302 548 468 582 diaconus
487 547 682 582 cardinalis.
736 552 766 583 ÷
786 548 864 595 Ego
882 548 1060 584 Jordanus
1093 549 1305 584 Sanctorum
1333 549 1458 586 Cosme
1478 557 1512 586 et
1531 551 1705 586 Damiane

226 604 393 639 diaconus
411 604 608 638 cardinalis.
662 608 691 639 -l-
712 605 789 652 Ego
820 604 972 640 Jacobus
1002 605 1168 639 diaconus
1196 606 1391 642 cardinalis.
1444 612 1474 643 ÷
1494 608 1572 654 Ego
1600 607 1706 642 frater

228 660 423 694 Ambaldus
451 659 585 695 basilice
615 661 816 697 Duodecim
846 661 1098 709 Apostolorum
1129 661 1296 708 presbiter
1322 664 1518 699 cardinalis.
1569 668 1599 699 -†·
1629 663 1706 709 Ego

227 716 380 752 Jacobus
394 716 561 751 diaconus
576 718 771 752 cardinalis.
816 717 952 752 Datum
972 716 1102 751 Perufii
1120 730 1183 764 per
1200 730 1341 753 manum
1357 719 1508 767 magistri
1524 720 1709 755 Michaelis

232 773 393 807 Romane
414 772 552 808 ecclesie
571 774 857 814 vicecancellarii,
877 786 970 808 anno
989 773 1101 819 gratie
1121 773 1200 807 Mmo
1218 774 1353 809 cclwi.

328 829 375 864 Et
394 842 458 876 ego
477 829 659 864 ¹Iohannes
677 831 720 865 de
741 829 894 865 Restone
925 828 1092 877 presbiter
1119 829 1341 876 Glasguenfis
1368 830 1519 873 diocesis,
1552 831 1710 880 publicus

327 886 538 920 211&0ritate
557 886 726 934 imperiali
744 887 912 927 notarius,
944 885 1138 934 prefatique
1165 886 1298 920 domini
1323 887 1460 923 ,Iudicis
1487 888 1606 930 scriba,
1634 903 1710 937 pre-

328 940 430 975 missis
448 941 645 976 litterarum
672 942 937 990 apostolicarum
968 941 1229 988 presentationi,
1257 944 1461 990 receptioni,
1490 944 1708 992 inspectioni,

328 997 588 1044 exemplationi‚
610 999 777 1040 citationi,
805 998 1033 1046 publicationi
1052 1003 1086 1032 et
1105 998 1258 1039 decreto,
1287 999 1478 1046 ceterisque
1496 1001 1658 1036 omnibus
1676 1009 1710 1037 et

330 1052 471 1100 lingulis
486 1054 570 1088 dum
584 1053 628 1088 fic
645 1060 685 1088 ut
696 1055 911 1102 premittitur
925 1059 1126 1101 agerentur,
1147 1054 1348 1090 dicerentur
1360 1061 1395 1090 et
1405 1056 1542 1098 fierent,
1558 1070 1710 1092 unacum

331 1110 583 1157 prenominatis
598 1110 748 1151 testibus,
762 1111 902 1158 presens
913 1110 1067 1150 interfui,
1084 1123 1193 1156 eaque
1206 1110 1249 1145 fic
1263 1111 1340 1146 fieri
1353 1112 1436 1153 vidi,
1451 1112 1533 1147 scivi
1547 1118 1582 1147 et
1592 1114 1711 1148 audivi

331 1174 363 1200 et
380 1167 414 1200 in
429 1172 549 1200 notam
556 1165 688 1213 smnpfi,
703 1179 742 1201 ac
756 1167 838 1201 inde
852 1166 1167 1214 presenteslitteras
1178 1165 1235 1200 seu
1248 1166 1386 1213 presens
1400 1168 1578 1215 publicum
1591 1169 1712 1204 instru-

331 1228 487 1256 mentum
508 1235 614 1257 manu
632 1223 774 1257 alterius
792 1222 957 1270 scriptum
969 1222 1143 1269 publicavi
1162 1228 1196 1256 et
1213 1223 1250 1256 in
1264 1223 1354 1258 hanc
1371 1223 1546 1270 publicam
1563 1225 1711 1259 formam

331 1278 462 1324 redegi,
479 1278 643 1325 lignoque
659 1284 693 1313 et
708 1280 850 1313 nomine
863 1279 948 1313 meis
961 1278 1068 1312 solitis
1082 1284 1117 1312 et
1132 1278 1314 1319 consuetis,
1331 1292 1482 1315 unacum
1494 1280 1593 1327 figilli
1609 1282 1712 1315 officii

332 1335 416 1369 dicti
436 1335 567 1369 domini
588 1335 758 1370 Officialis
775 1334 995 1383 appensione,
1023 1347 1079 1369 me
1097 1334 1341 1370 subscribendo
1358 1335 1498 1382 fignavi,
1519 1343 1662 1384 rogatus
1680 1345 1713 1372 et

330 1391 521 1438 requisinffl,
542 1392 577 1426 in
596 1392 702 1427 fidem
720 1398 755 1427 et
772 1392 1008 1427 testimonium
1027 1392 1184 1426 omnium
1202 1389 1455 1439 premifforum.
1509 1393 1531 1429 J
1535 1406 1567 1427 ο.
1587 1393 1630 1428 de
1651 1393 1696 1427 R.

237 1560 374 1594 Littera
391 1559 649 1594 conservatoria
667 1561 808 1607 optima.

485 1672 592 1713 [Hanc
608 1673 720 1702 bullam
738 1672 901 1702 Clementis
916 1672 961 1701 VI
978 1671 1047 1702 vide
1062 1672 1149 1711 supra
1163 1671 1193 1701 in
1209 1681 1236 1710 p.
1253 1673 1295 1702 33
1310 1677 1339 1702 et
1355 1683 1382 1712 p.
1399 1673 1465 1713 38.]

242 1827 376 1861 Littera
395 1826 650 1861 conservatoria
667 1826 877 1874 principalis.

247 1937 430 1973 SIXTUS
449 1938 628 1986 episcopus
655 1938 772 1972 servus
800 1937 979 1973 servorum
1013 1936 1082 1971 Dei
1111 1937 1248 1972 dilectis
1279 1937 1357 1972 filiis
1388 1938 1430 1972 de
1449 1937 1586 1973 BIelros
1613 1944 1647 1973 et
1674 1939 1716 1972 de

242 1995 363 2042 Cupro
383 2008 421 2029 ac
441 1994 570 2029 Culros
588 1993 887 2034 monasteriorum,
909 1993 1160 2028 San&ia11d1·ee
1179 1999 1213 2028 et
1232 1993 1502 2029 Dumblanenfis
1529 1994 1714 2034 diocesum,

244 2051 441 2085 Abbatibus
458 2050 603 2085 salutem
622 2056 657 2085 et
674 2049 895 2097 apostolicam
923 2050 1215 2085 benedictionem.
1269 2050 1441 2085 Militanti
1459 2051 1609 2092 ecclefie,
1636 2051 1717 2086 licet

240 2107 416 2147 immeriti,
437 2106 641 2154 disponente
662 2105 833 2146 Domino,
854 2105 1075 2153 prefidentes,
1108 2106 1199 2140 circa
1217 2119 1337 2140 curam
1356 2105 1575 2141 ecclefiarum
1594 2113 1628 2141 et
1646 2120 1718 2141 mo-

241 2163 469 2197 nasteriorum
505 2163 662 2196 omnium
681 2162 820 2196 solertia
837 2162 1017 2196 reddimur
1048 2160 1211 2196 indefesse
1229 2161 1351 2196 soliciti
1381 2168 1420 2196 ut
1441 2162 1544 2209 juxta
1562 2163 1717 2198 debitum

206 2232 211 2236 ·
242 2218 419 2265 pastoralis
438 2219 541 2253 officii
561 2231 683 2253 eorum
702 2231 927 2253 occurramus
945 2217 1141 2266 dispendiis,
1161 2223 1195 2252 et
1213 2218 1439 2265 profectibus,
1461 2219 1577 2252 divina
1595 2231 1717 2265 coope-

242 2280 341 2308 rante
360 2274 555 2316 clementia‚
576 2275 758 2309 salubriter
776 2274 1009 2309 intendamus.
1063 2274 1152 2309 Sane
1172 2274 1383 2309 dilectorum
1402 2274 1556 2308 filiorum
1573 2274 1718 2308 Abbatis

245 2337 277 2364 et
297 2336 491 2365 conventus
512 2330 710 2366 monasterii
738 2331 781 2365 de
810 2329 943 2366 Passeto
962 2330 1165 2378 nuncupati,
1195 2328 1430 2366 Cluniacenfis
1449 2330 1590 2369 ordinis,
1620 2328 1718 2364 Glas-
