1839 2652
738 276 810 312 DE
838 276 1108 312 PASSELET.
1600 280 1668 311 123

182 376 217 405 et
234 371 320 405 aliis.
366 371 500 406 Datum
520 374 613 420 apud
629 371 776 408 Paffelet
794 374 850 408 die
868 372 1135 408 circumcifionis
1149 372 1308 412 Domini,
1329 385 1422 406 anno
1435 373 1546 419 gratie
1559 372 1669 407 mille-

180 426 263 462 fimo
282 427 516 463 ducentefimo
534 429 742 477 sexagesimo
760 431 884 477 primo.

182 597 447 645 Transcriptum
466 599 766 633 munimentorum
786 597 888 645 super
908 596 1048 632 ecclefia
1066 597 1186 631 Sancti
1206 596 1406 631 Colmaneli
1423 597 1460 631 111
1481 597 1633 644 Kyntyr.

180 709 420 745 OMNIBUS
441 709 540 744 Cristi
560 709 721 743 fidelibus
738 708 879 756 presens
896 708 1061 755 scriptum
1081 707 1203 742 visuris
1221 709 1277 742 vel
1296 709 1467 744 audituris
1487 709 1667 744 Robertus

179 765 399 800 miseratione
418 765 536 799 divina
555 764 777 811 Glasguenfis
792 763 972 811 episcopus
986 763 1143 798 salutem.
1198 764 1319 805 Quum
1333 778 1395 811 par
1409 766 1579 800 (1011611101
1594 767 1666 813 dig-

179 821 334 856 noscitur
351 822 490 857 veritati
508 821 743 856 testimonium
762 821 966 856 subtrahere
985 826 1019 854 et
1038 820 1221 854 mendacio
1240 819 1447 862 consentire,
1478 835 1524 856 ne
1542 822 1666 857 falsitas

179 879 375 926 prejudicet
393 879 532 913 veritati
551 884 612 912 aut
642 878 805 924 iniquitas
832 876 1011 925 prevaleat
1031 876 1199 921 equitati3
1228 876 1444 911 universitati
1462 877 1571 912 vestre
1589 891 1666 926 pre-

178 934 331 969 fimtibus
342 934 573 981 fignificamus
586 947 648 968 nos
660 933 810 981 palpaffe
823 939 857 968 et
869 930 1050 980 inspexiffe
1065 937 1187 972 cartas,
1205 932 1489 967 confirmationes
1502 939 1537 968 et
1550 940 1666 969 cetera

177 990 408 1025 instrumenta
424 989 668 1037 religiosorum
686 991 844 1024 virorum
865 989 1013 1024 Abbatis
1043 994 1077 1023 et
1105 994 1301 1023 conventus
1330 989 1373 1023 de
1406 989 1565 1030 Pass'elet,
1592 1003 1666 1025 non

178 1045 279 1087 rasas,
307 1059 381 1081 non
411 1046 568 1087 laniatae,
597 1059 670 1081 non
688 1047 846 1087 abolitas,
874 1059 940 1081 nec
966 1046 1003 1079 in
1030 1045 1146 1091 aliqua
1163 1050 1262 1092 parte
1280 1044 1331 1079 sui
1349 1045 1497 1086 vitiatas,
1526 1045 1586 1081 sed
1615 1047 1665 1080 in-

179 1103 286 1149 tegris
303 1102 420 1150 figillis
437 1102 595 1150 signatas,
624 1104 660 1137 in
679 1103 743 1138 hec
761 1103 878 1143 verba,
909 1101 1149 1138 OMNIBUS
1176 1101 1296 1136 sancte
1314 1102 1435 1136 matris
1454 1102 1605 1144 00010110,
1625 1109 1666 1138 ut

164 1161 287 1206 supra
304 1160 443 1206 infolio
463 1159 555 1204 lxxij
566 1176 578 1201 ,·
607 1159 940 1206 camfi’qzcentibus.

180 1328 414 1363 Confirmatio
435 1328 638 1362 Innocentii
668 1341 756 1376 pape
785 1329 900 1374 quarti
919 1328 962 1363 de
981 1333 1077 1362 terra
1096 1327 1285 1368 denariata,
1320 1333 1355 1362 et
1385 1326 1525 1362 ecelefia
1544 1328 1664 1363 Sancti

181 1384 382 1419 Colmaneli
400 1385 436 1418 in
457 1383 619 1431 Kentyir.

178 1494 543 1531 INNOCENTIUS
572 1495 752 1543 episcopus
782 1496 900 1531 servus
931 1496 1111 1531 servorum
1144 1496 1215 1531 Dei
1246 1496 1377 1531 (1110610
1408 1496 1481 1531 filio
1514 1497 1663 1532 Recffiori

178 1551 317 1589 00010110
337 1552 458 1587 Sancti
478 1552 678 1587 Colmaneli
697 1553 733 1586 in
754 1552 916 1600 Kentyir,
932 1551 1158 1588 Lismorenfis
1177 1552 1330 1594 diocefis,
1351 1552 1496 1587 salutem
1516 1559 1550 1588 et
1568 1554 1663 1602 apos-

176 1609 316 1643 tolicam
335 1608 632 1643 benedictionem.
687 1608 778 1643 Cum
797 1623 817 1643 a
834 1609 935 1643 nobis
952 1610 1084 1656 petitur
1103 1610 1197 1655 quod
1211 1609 1343 1656 justum
1363 1616 1397 1644 et
1408 1610 1590 1645 honestum
1604 1611 1660 1651 est,

176 1670 245 1699 tan]
265 1665 366 1711 vigor
385 1665 547 1710 equitatis
565 1677 668 1711 quam
688 1666 775 1700 ordo
795 1666 903 1711 exigit
921 1666 1067 1700 rationis
1085 1672 1125 1700 ut
1144 1666 1179 1700 id
1201 1679 1264 1714 per
1282 1666 1538 1701 solicitudinem
1558 1667 1663 1702 officii

176 1720 282 1755 nostri
299 1721 344 1754 ad
362 1721 518 1755 debitum
536 1722 750 1768 perducatur
769 1722 945 1756 effectum.
988 1722 1079 1756 Cum
1098 1723 1217 1769 igitur,
1237 1722 1322 1757 ficut
1341 1736 1383 1757 ex
1401 1729 1500 1770 parte
1518 1729 1579 1757 tua
1596 1724 1662 1758 fuit

176 1776 390 1824 propofitum
409 1789 526 1811 coram
546 1777 656 1818 nobis,
674 1777 864 1824 Dufgallus
882 1778 990 1813 laicus
1008 1778 1147 1813 00010110
1164 1779 1284 1813 81111011
1300 1779 1499 1814 Colmaueli
1513 1780 1549 1814 111
1566 1780 1661 1815 Ken-

176 1833 245 1879 tyir
262 1838 442 1880 patronuS,
462 1834 635 1879 quandam
655 1839 785 1868 terram
804 1833 898 1869 suam
919 1848 985 1881 que
1004 1835 1184 1869 denariata
1201 1835 1392 1881 vulgariter
1406 1836 1533 1870 dicitur
1550 1850 1660 1884 prope

177 1888 353 1923 ecclesiam
372 1888 476 1935 ipsam
497 1889 610 1923 eidem
629 1889 778 1931 00010110,
799 1903 863 1937 pro
883 1892 998 1925 anime
1010 1890 1068 1926 sue
1087 1892 1256 1930 remedio,
1287 1892 1433 1938 provida
1451 1892 1659 1928 liberalitate

178 1947 328 1986 donarit,
344 1958 408 1979 nos
426 1946 495 1980 tuis
513 1947 674 1993 precibus
692 1947 850 1981 inclinati
868 1948 1095 1982 donationem
1115 1948 1273 1988 eandem,
1294 1947 1378 1982 ficut
1392 1949 1448 1995 pie
1460 1962 1499 1983 ac
1513 1951 1659 1996 provide

177 2002 270 2035 faeta
300 2001 347 2035 est
374 2007 407 2035 et
424 2002 461 2035 in
479 2002 624 2049 alicujus
644 2003 876 2049 prejudicium
894 2016 967 2037 non
986 2004 1171 2044 redundat,
1200 2009 1310 2037 ratam
1329 2004 1507 2045 habentes,
1539 2007 1659 2040 aueto-

178 2058 281 2091 ritate
299 2056 484 2103 apostolica
502 2058 762 2099 confirmamus,
792 2065 826 2093 et
852 2059 1020 2106 presentis
1038 2059 1155 2106 scripti
1173 2059 1369 2106 patrocinio
1389 2062 1656 2096 communimus.

179 2112 281 2147 Nulli
299 2125 383 2158 ergo
402 2113 546 2147 omnino
565 2113 747 2148 hominum
765 2115 867 2149 liceat
885 2116 973 2150 hanc
992 2116 1155 2162 paginam
1182 2115 1296 2149 nostre
1315 2116 1590 2151 confirmationis
1608 2118 1659 2152 in-

177 2169 330 2214 fringere
348 2168 405 2202 vel
424 2169 455 2202 01
473 2168 555 2202 ausu
574 2171 762 2204 temerario
781 2172 956 2206 contraire
972 2186 980 2214 3
1001 2171 1025 2205 11
1043 2172 1118 2217 quis
1136 2177 1253 2205 autem
1272 2172 1337 2205 hoc
1355 2177 1564 2219 attemptare
1581 2188 1657 2221 pre-

177 2223 368 2272 sumpserit,
388 2224 665 2270 indignationem
681 2227 932 2273 omnipotentis
948 2227 1019 2262 Dei
1038 2233 1071 2261 et
1090 2227 1273 2262 beatorum
1288 2227 1383 2262 Petri
1395 2233 1429 2262 et
1445 2228 1545 2263 Pauli
1563 2231 1658 2278 apos-

177 2281 333 2315 tolorum
353 2279 426 2326 ejus
444 2278 477 2314 se
496 2281 635 2315 noverit
651 2281 882 2317 incursurum.
925 2283 1059 2317 Datum
1076 2283 1244 2329 Lugduni
1257 2284 1317 2317 xiii
1333 2283 1511 2320 Kalendas
1524 2286 1657 2334 Aprilis

176 2336 400 2383 pontificatus
418 2335 524 2370 nostri
542 2349 634 2371 anno
654 2343 790 2382 quarto.
