1839 2652
757 280 829 315 DE
856 278 1125 315 PASSELET.
1638 282 1653 311 1
1662 282 1677 312 1

198 376 354 424 perlecta
371 376 487 411 littera
504 382 697 424 prenotata,
718 382 831 412 totum
850 375 950 424 ipfius
968 382 1128 410 tenorem
1146 375 1189 408 de
1208 373 1315 408 verbo
1333 373 1377 407 ad
1394 371 1540 406 verbum
1567 385 1673 407 manu

198 432 340 479 propria
355 429 569 479 tranffcripfi,
598 433 648 466 nil
665 432 826 467 addendo
852 432 908 467 vel
927 431 1117 466 minuendo
1132 430 1226 476 quod
1243 427 1343 476 posfit
1373 427 1506 462 sensum
1537 434 1672 462 mutare

198 487 255 521 vel
273 487 491 522 intellectum
509 488 654 528 variare,
674 494 709 522 et
734 488 770 521 in
787 489 876 522 hanc
893 487 1066 534 publicam
1084 487 1231 520 formam
1250 484 1381 530 redegi,
1413 497 1452 518 ac
1468 483 1564 530 figno
1595 497 1672 518 meo

200 545 364 581 consueto
382 545 418 578 in
436 543 668 579 testimonium
686 542 826 589 fignavi,
846 548 1000 590 rogatus.

200 711 431 747 Confirmatio
459 709 567 743 Alani
597 709 657 742 filii
686 707 844 748 Walteri‚
876 708 1082 749 fundatoris,
1111 708 1154 742 de
1182 708 1343 742 omnibus
1373 707 1530 748 ecclesiis,
1562 713 1596 743 et
1627 709 1669 742 de

197 768 309 808 terris,
338 772 372 801 et
390 766 432 800 de
451 765 592 799 decimis
611 765 772 798 denariis.

198 876 408 913 ALANUS
444 875 536 910 filius
567 875 724 915 Walteri‚
757 874 889 922 dapifer
909 874 1018 920 Regis
1050 873 1175 913 Scotie,
1211 873 1377 908 univerfis
1407 873 1524 909 sanete
1551 876 1671 910 matris

196 932 333 968 ecclesie
358 932 448 972 filiis,
476 937 547 966 tam
576 930 792 978 presentibus
822 943 926 976 quam
955 930 1093 969 futuris,
1120 928 1277 963 salutem.
1330 929 1451 964 Sciatis
1469 943 1524 964 me
1543 930 1670 966 dediffe

195 995 230 1024 et
248 986 439 1023 concefliffe
458 993 492 1021 et
510 987 573 1021 hac
591 999 669 1020 mea
682 991 778 1020 carta
795 983 1010 1020 confirmaffe
1039 985 1118 1019 Deo
1137 990 1172 1019 et
1190 984 1318 1019 Sanfite
1339 984 1455 1019 Marie
1474 991 1509 1020 et
1532 986 1669 1021 ecclefie

195 1044 315 1080 Sancti
332 1043 454 1079 Jacobi
473 1048 506 1077 et
526 1042 646 1077 Sancti
666 1041 789 1076 Mirini
817 1047 852 1076 et
881 1041 1008 1075 Sancte
1029 1040 1234 1087 Mildburge
1253 1041 1296 1075 de
1316 1039 1473 1081 Paffelet,
1502 1047 1537 1076 et
1557 1042 1670 1076 Priori

195 1100 346 1148 ejusdem
380 1099 448 1133 loci
483 1105 517 1133 et
544 1098 721 1133 monachis
751 1098 878 1132 ibidem
910 1097 992 1131 Deo
1027 1095 1254 1130 servientibus
1287 1095 1477 1131 secundum
1512 1098 1671 1132 ordinem

196 1154 472 1195 Cluniacensem,
504 1167 568 1201 pro
586 1154 702 1188 anima
726 1154 832 1200 patris
851 1153 918 1187 mei
937 1159 971 1188 et
989 1154 1104 1188 anima
1123 1153 1272 1188 Henrici
1290 1155 1381 1200 regis
1401 1154 1531 1201 Anglie
1550 1160 1585 1189 et
1606 1168 1671 1202 pro

195 1212 311 1246 anima
328 1211 445 1245 David
464 1211 553 1256 regis
572 1216 606 1244 et
624 1211 714 1257 regis
734 1209 903 1244 Macolmi
932 1215 966 1244 et
996 1210 1131 1244 comitis
1163 1210 1322 1251 Henrici,
1354 1216 1389 1245 et
1418 1209 1671 1245 antecefforum

195 1279 355 1300 meorum
374 1266 632 1305 defun&0rum‚
661 1271 694 1300 et
719 1278 784 1312 pro
809 1264 917 1299 salute
947 1266 1079 1299 domini
1109 1266 1177 1299 mei
1196 1265 1350 1299 Wilelmi
1368 1267 1459 1312 regis
1489 1272 1525 1301 et
1552 1266 1670 1301 David

196 1321 312 1355 fratris
330 1320 414 1367 ejus,
443 1326 477 1354 et
495 1321 563 1354 mei
581 1326 615 1354 et
632 1321 752 1354 uxoris
769 1333 845 1355 mee
872 1326 907 1355 et
932 1321 1101 1355 heredum
1119 1333 1290 1361 meorum,
1319 1321 1356 1355 in
1372 1327 1577 1368 perpetuam
1605 1323 1672 1358 ele-

195 1375 360 1410 mosinam
379 1382 413 1410 et
438 1376 480 1410 ab
506 1376 601 1409 omni
627 1375 765 1410 servitio
783 1376 967 1422 temporali
994 1376 1138 1410 liberam
1169 1382 1203 1410 et
1232 1376 1396 1422 quietam,
1423 1376 1597 1411 ecclesiam
1627 1378 1669 1413 de

196 1431 386 1478 Ennyrwic
398 1444 476 1465 cum
489 1431 649 1465 omnibus
658 1432 877 1478 pertinentiis
888 1431 954 1465 suis
962 1446 971 1474 3
986 1431 1033 1466 Et
1047 1431 1288 1466 molendinum
1301 1432 1343 1465 de
1352 1432 1543 1478 Ennyrwic
1555 1438 1668 1467 totum

194 1493 312 1534 preter
329 1500 435 1521 unam
467 1500 617 1521 marcam
635 1489 771 1533 argenti
797 1501 901 1534 quam
920 1487 1016 1521 dedit
1040 1492 1139 1533 pater
1164 1499 1262 1521 meus
1291 1486 1446 1521 Radulfo
1473 1488 1515 1522 de
1544 1487 1666 1532 Kent;

195 1542 242 1577 Et
259 1542 433 1577 ecclefiam
464 1542 506 1576 de
538 1542 796 1588 Lidgerdwode
824 1556 903 1578 cum
934 1542 1094 1577 omnibus
1121 1542 1341 1589 pertinentiis
1362 1542 1454 1585 suis3
1489 1543 1536 1577 Et
1561 1556 1668 1578 unam

193 1604 408 1633 carrucatam
441 1604 533 1632 terre
562 1599 600 1635 in
632 1598 855 1633 Hastendene
885 1611 988 1645 quam
1023 1598 1136 1633 tenuit
1167 1599 1343 1633 lValterus
1378 1599 1576 1645 capellanus
1605 1613 1667 1646 per

192 1653 326 1688 easdem
345 1653 466 1688 divisas
482 1666 545 1700 per
562 1666 646 1699 quas
664 1666 739 1688 eam
758 1654 895 1697 tenuit3
917 1655 964 1688 Et
982 1653 1156 1689 ecclesiam
1175 1655 1218 1689 de
1239 1654 1390 1689 Katkert
1408 1668 1487 1689 cum
1506 1656 1667 1690 omnibus

191 1709 411 1756 pertinentiis
428 1709 494 1743 suis
511 1723 520 1751 ;
562 1709 609 1743 Et
628 1721 748 1743 omnes
766 1708 920 1744 ecclefias
939 1710 981 1744 de
1001 1710 1153 1756 Stragrif
1165 1723 1245 1744 cum
1272 1710 1433 1744 omnibus
1450 1712 1669 1757 pertinentiis

191 1764 269 1805 suis,
289 1770 434 1812 excepta
452 1764 590 1799 ecclefia
608 1765 650 1799 de
670 1765 843 1799 Inchinan
858 1779 868 1808 ;
898 1765 945 1800 Et
962 1766 1056 1799 illam
1076 1771 1289 1800 carrucatam
1316 1771 1410 1800 terre
1427 1779 1531 1812 quam
1550 1766 1668 1801 Grim-

193 1821 286 1856 ketel
312 1823 451 1864 tenuit3
481 1822 528 1856 Et
553 1822 586 1856 le
613 1821 704 1868 Drip
735 1835 814 1856 cum
846 1823 1007 1857 omnibus
1036 1824 1255 1871 pertinentiis
1284 1822 1351 1857 suis
1378 1824 1413 1857 in
1439 1824 1539 1858 terris
1568 1830 1602 1858 et
1631 1825 1667 1859 in

192 1878 298 1923 aquis,
318 1890 380 1924 per
399 1877 533 1912 easdem
560 1877 681 1912 divisas
698 1878 822 1924 quibus
841 1878 1024 1913 Wilelmus
1055 1879 1150 1913 illam
1181 1880 1318 1922 tenuit3
1347 1879 1394 1913 Et
1424 1879 1598 1914 ecclefiam
1624 1881 1666 1915 de

193 1931 339 1967 Paffelet
369 1946 448 1967 cum
474 1934 634 1968 omuibus
658 1934 878 1980 pertinentiis
907 1934 999 1977 suis3
1040 1935 1087 1969 Et
1114 1941 1309 1969 carrucatas
1336 1940 1429 1970 terre
1457 1936 1542 1970 duas
1572 1949 1667 1971 men-

193 1988 321 2023 suratas
340 1994 374 2023 et
391 1989 645 2036 perambulatas
664 1990 753 2023 circa
770 2002 894 2035 aquam
912 1990 1003 2025 Kert
1014 1991 1118 2038 juxta
1132 1990 1305 2025 ecclefiam
1321 2006 1331 2034 3
1361 1991 1408 2025 Et
1424 1991 1518 2025 illam
1537 1998 1665 2026 terram

192 2044 286 2078 ultra
305 2044 395 2078 Kert
413 2057 455 2078 ex
473 2050 570 2091 parte
589 2045 753 2085 nemoris,
772 2058 835 2092 per
853 2045 988 2080 easdem
1012 2046 1134 2080 divisas
1151 2060 1213 2093 per
1231 2059 1315 2092 quas
1342 2059 1417 2080 eam
1444 2060 1522 2081 cum
1548 2047 1665 2093 probis

192 2100 389 2133 hominibus
416 2113 480 2145 ego
507 2105 541 2134 et
566 2105 665 2147 pater
690 2113 788 2134 meus
813 2101 862 2135 eis
886 2102 1230 2148 perambulavimus;
1272 2102 1320 2136 Et
1344 2103 1439 2136 illam
1465 2103 1664 2149 portionem

192 2160 285 2189 terre
303 2168 369 2201 que
387 2155 435 2189 est
451 2155 510 2189 sub
536 2156 742 2190 dormitorio
774 2157 1050 2199 monachorum;
1082 2158 1129 2191 Et
1155 2163 1265 2191 totam
1283 2163 1411 2191 terram
1430 2171 1533 2203 quam
1551 2159 1665 2193 tenuit

193 2210 292 2244 Serlo
311 2215 345 2244 et
362 2223 424 2256 per
442 2210 576 2245 easdem
595 2210 726 2252 divisas,
759 2224 838 2245 cum
855 2212 915 2246 illa
939 2212 1087 2247 maisura
1111 2212 1213 2259 super
1230 2225 1353 2259 rupem
1371 2213 1430 2247 ubi
1455 2214 1535 2248 aula
1559 2215 1665 2261 patris

192 2266 261 2299 mei
279 2270 353 2299 erat
370 2265 514 2300 fundata
529 2280 538 2308 3
559 2266 606 2300 Et
623 2271 733 2300 totam
750 2266 897 2301 insulam
909 2267 1013 2314 juxta
1030 2268 1196 2315 oppidum
1214 2280 1331 2302 meum
1349 2269 1392 2303 de
1416 2269 1565 2310 Renfru,
1586 2282 1665 2305 cum

192 2320 362 2367 piscatura
379 2322 471 2356 inter
500 2320 606 2368 ipsam
623 2321 767 2356 insulam
786 2327 820 2357 et
839 2322 1013 2367 Perthec;
1042 2323 1088 2358 Et
1118 2335 1227 2358 unum
1255 2324 1383 2359 toftum
1407 2325 1603 2372 plenarium
1629 2326 1665 2359 in
