1839 2652
171 297 239 332 192
566 290 879 326 REGISTRUM
909 288 1247 325 MONASTERII

174 388 370 429 testimonii,
397 394 468 422 tam
487 400 552 434 ego
571 400 674 434 quam
693 386 843 434 predicti
860 386 987 420 milites
1005 397 1145 419 necnon
1167 389 1202 418 et
1219 383 1417 417 Duncanus
1434 382 1525 417 filius
1545 383 1652 418 Ame-

176 445 255 491 ledy
275 450 309 479 et
329 443 542 478 Malcolmus
561 444 604 478 de
624 443 825 477 Druminan
843 442 983 489 presens
996 441 1161 488 scriptum
1175 438 1363 486 figillorum
1378 438 1574 473 nostrorum
1595 452 1652 486 ap-

174 500 343 548 pofitione
362 499 614 533 roboravimus.
668 499 764 533 Acta
781 498 875 545 apud
901 497 1125 532 Dumbertan
1152 496 1207 530 die
1227 495 1378 530 Veneris
1395 496 1556 541 proxima
1572 501 1653 529 ante

175 556 296 592 festum
317 556 437 590 Sancti
456 555 630 590 Dunstani
648 554 905 602 archiepiscopi,
921 553 1003 588 anni
1021 553 1133 599 gratie
1152 550 1321 586 millesimi
1339 549 1565 584 ducentesimi
1582 549 1653 597 sep-

176 611 353 659 tuagesimi
371 611 485 659 primi.
543 611 620 645 Hiis
638 609 789 651 testibus,
818 610 961 644 domino
979 609 1143 645 Johanne
1175 608 1217 642 de
1252 606 1423 653 Herchyn
1442 606 1565 646 milite,
1595 606 1654 640 do-

176 668 272 702 mino
291 667 409 701 Adam
428 667 608 714 capellano
627 667 725 701 castri
754 667 796 701 de
815 665 1051 705 Dumbertan,
1080 663 1262 711 Gilpatrik
1291 662 1375 696 Mac
1395 661 1564 702 Molbrid,
1593 661 1654 696 Ri-

174 724 278 758 cardo
297 724 340 758 de
360 724 618 770 Dunnydover,
648 723 834 758 Nicholaio
852 723 925 756 filio
945 721 1127 761 Germani,
1158 720 1314 754 Wdardo
1345 719 1442 753 dicto
1475 719 1638 766 Selyman

178 780 342 815 &Vilelmo
361 780 404 814 de
424 779 636 826 Cragbayth,
658 778 843 814 Clemente
863 779 905 812 de
922 778 1157 818 Dumbertan,
1179 776 1337 811 Waltero
1352 777 1394 811 de
1408 776 1532 812 Orreis
1554 776 1654 823 Hyn-

175 837 332 884 gelramo
351 837 393 871 de
414 835 543 870 Monte
561 841 676 876 acuto,
705 841 740 870 et
758 835 832 869 aliis
850 834 979 869 multis.

177 1005 376 1041 Conventio
394 1004 487 1038 faeta
504 1003 551 1038 est
568 1004 659 1037 inter
679 1003 854 1037 Abbatem
885 1007 919 1037 et
950 1007 1163 1037 conventum
1191 1002 1233 1037 de
1264 1000 1420 1042 Pafl'elet‚
1452 1006 1487 1036 et
1506 1001 1654 1036 Bernar-

178 1062 261 1096 dum
280 1061 323 1096 de
342 1060 431 1095 Erth
450 1065 484 1094 et
504 1060 651 1094 Elenam
668 1058 824 1106 sponsam
843 1058 950 1099 suain,
969 1057 1071 1106 super
1089 1059 1191 1092 certis
1209 1058 1310 1092 terris
1329 1058 1372 1092 de
1391 1057 1569 1092 Levenax.

179 1172 417 1208 OMNIBUS
437 1170 561 1206 Christi
580 1170 740 1204 fidelibus
757 1169 896 1216 presens
913 1170 1078 1218 scriptum
1096 1170 1217 1205 visuris
1236 1170 1290 1205 vel
1308 1171 1479 1205 audituris
1506 1170 1655 1204 Bernar-

180 1230 243 1264 dus
263 1229 304 1263 de
325 1228 412 1262 Erth
432 1233 467 1262 et
486 1227 599 1261 Elena
615 1225 736 1273 sponsa
752 1225 812 1259 sua
828 1225 972 1260 salutem
992 1227 1028 1260 in
1048 1227 1206 1261 Domino
1228 1225 1485 1273 sempiternam.
1537 1226 1656 1260 Nove-

180 1286 224 1320 rit
242 1283 444 1319 universitas
462 1282 571 1317 vestra
588 1282 683 1328 quod
700 1294 764 1316 nos
790 1294 852 1328 per
882 1282 1014 1317 litteras
1033 1283 1144 1329 regias
1170 1283 1308 1316 trahere
1326 1283 1470 1316 fecimus
1497 1282 1533 1315 in
1559 1282 1655 1316 litem

182 1341 354 1375 Abbatein
376 1345 410 1374 et
428 1344 641 1373 conventum
669 1338 711 1372 de
740 1336 897 1378 Pafl'elet,
930 1352 1047 1373 corain
1067 1338 1262 1373 Malcolmo
1281 1339 1408 1373 comite
1427 1339 1469 1373 de
1489 1338 1657 1373 Levenax

180 1404 214 1432 et
232 1397 365 1431 ballivis
383 1396 450 1430 suis
468 1396 503 1429 in
522 1395 617 1429 curia
634 1394 703 1434 sua,
723 1393 825 1440 super
842 1395 942 1429 terris
955 1395 997 1430 de
1014 1396 1272 1436 Cochmanach,
1290 1395 1550 1442 Edynbernain,
1565 1395 1657 1430 Fim-

180 1455 312 1495 balach,
334 1454 485 1493 Backan,
506 1458 541 1487 et
559 1453 601 1487 de
621 1452 856 1492 Drunicreue,
884 1464 968 1497 quas
985 1452 1128 1486 nomine
1147 1458 1181 1486 et
1200 1452 1282 1498 jure
1302 1452 1462 1498 Dufgalli
1479 1452 1655 1497 quondam

180 1512 327 1546 rectoris
345 1509 482 1545 ecclesie
502 1510 544 1544 de
565 1508 751 1556 Kylpatrik
766 1508 1037 1542 vendicavimus.
1090 1508 1262 1542 Predictis
1278 1507 1416 1542 Abbate
1431 1513 1465 1541 et
1479 1513 1656 1542 conventu

180 1568 389 1603 sufficienter
407 1565 698 1612 comparentibus,
728 1564 953 1598 ostenderunt
970 1563 1119 1609 quedam
1145 1564 1372 1598 instrumenta
1397 1563 1489 1598 bona
1507 1568 1541 1598 et
1559 1563 1657 1609 legit-

182 1626 267 1659 tima
284 1630 354 1658 tam
373 1635 416 1656 ex
434 1627 531 1669 parte
549 1621 698 1668 predicti
717 1620 877 1666 Dufgalli
895 1633 996 1666 quam
1017 1620 1161 1667 Alwyni
1177 1620 1282 1666 patris
1296 1619 1357 1660 sui,
1376 1619 1478 1666 super
1491 1619 1657 1667 predictis

182 1681 284 1715 terris
302 1679 472 1718 confecta,
502 1690 564 1724 per
582 1690 649 1723 que
667 1683 738 1711 tam
756 1676 855 1710 nobis
873 1689 976 1722 quam
1006 1677 1071 1710 toti
1100 1676 1194 1710 curie
1212 1676 1370 1722 predicte
1389 1675 1564 1710 constabat
1580 1688 1657 1722 pre-

181 1737 293 1771 dictas
311 1742 421 1770 terras
439 1733 505 1768 effe
524 1739 558 1767 et
575 1732 672 1767 fuisse
690 1733 732 1767 de
744 1733 837 1779 jure,
857 1733 1071 1779 proprietate
1098 1737 1132 1766 et
1157 1730 1359 1778 poffessione
1386 1730 1524 1765 ecclesie
1541 1730 1657 1778 supra-

183 1793 287 1832 dicte,
319 1804 339 1825 a
362 1796 520 1837 tempore
546 1802 566 1823 a
591 1802 660 1835 quo
679 1801 751 1822 non
770 1794 865 1822 extat
882 1788 1076 1831 memoria3
1104 1788 1199 1822 uude
1229 1787 1331 1834 plene
1350 1787 1603 1821 confitebamur
1621 1787 1657 1821 in

177 1847 312 1895 judicio
331 1851 365 1880 et
383 1846 591 1880 confitemur
609 1844 703 1890 quod
721 1844 827 1878 nichil
840 1843 921 1890 jure
939 1843 1039 1877 nobis
1057 1851 1091 1877 et
1109 1843 1294 1877 heredibus
1305 1842 1428 1877 nostris
1442 1843 1477 1876 in
1491 1843 1658 1890 predictis

184 1905 285 1939 terris
303 1903 491 1950 competiit,
512 1902 679 1949 competit
696 1900 753 1934 seu
772 1906 969 1947 competere
988 1900 1116 1946 poterit
1135 1900 1170 1932 in
1188 1899 1373 1946 posterum,
1393 1904 1537 1946 propter
1551 1899 1657 1945 quod,

185 1974 248 1995 nos
266 1966 300 1994 et
318 1959 463 1994 heredes
481 1958 585 1992 nostri
607 1956 698 2004 juste
717 1962 751 1990 et
769 1969 853 1990 vero
877 1955 1012 2003 judicio
1031 1954 1073 1988 de
1092 1954 1342 2001 prenominatis
1370 1954 1472 1988 terris
1489 1953 1526 1987 in
1544 1953 1659 1988 nostra

185 2016 356 2064 presentia
373 2014 559 2061 abjudicati
576 2014 715 2053 fuimus,
735 2012 851 2046 sumus
865 2017 899 2046 et
918 2010 984 2046 efl'e
1002 2011 1225 2045 concedimus
1239 2011 1508 2057 imperpetuum.
1538 2010 1658 2051 Quare

185 2073 347 2107 volumus
362 2072 440 2118 [et]
458 2083 522 2117 pro
540 2069 640 2104 nobis
658 2074 692 2103 et
710 2067 864 2114 quolibet
882 2067 1036 2101 nostrum
1055 2080 1094 2101 ac
1111 2066 1296 2101 heredibus
1311 2066 1433 2100 nostris
1451 2072 1485 2100 et
1503 2066 1659 2112 quolibet

186 2129 336 2176 ipsorum
355 2127 588 2166 concedimus,
616 2125 708 2171 quod
727 2124 876 2171 predicti
896 2123 1015 2157 Abbas
1043 2128 1077 2157 et
1107 2127 1301 2156 conventus
1320 2134 1440 2156 omnes
1459 2127 1492 2156 et
1510 2121 1658 2168 fingulas

186 2186 360 2233 predictas
389 2190 499 2218 terras
529 2195 609 2217 cum
639 2181 800 2215 omnibus
830 2179 1049 2227 pertinentiis
1079 2177 1146 2212 suis
1172 2177 1241 2212 fine
1272 2177 1388 2223 aliquo
1415 2183 1657 2212 retenemento

186 2242 346 2280 habeant,
378 2244 521 2273 teneant
539 2244 573 2272 et
590 2236 781 2284 possideant
799 2237 1067 2283 imperpetuum,
1096 2234 1238 2281 pacifice
1257 2239 1291 2268 et
1309 2234 1435 2280 quiete,
1467 2233 1536 2267 fine
1563 2234 1658 2267 omni

188 2296 393 2342 calumpnia,
425 2295 625 2341 gravamine
644 2299 679 2327 et
695 2292 958 2340 perturbatione
989 2303 1032 2325 ex
1059 2295 1157 2337 parte
1175 2289 1289 2323 nostra
1314 2289 1370 2323 vel
1395 2289 1564 2323 heredum
1583 2288 1658 2322 nos-

188 2361 280 2388 truin
299 2351 357 2386 seu
374 2350 518 2397 alicujus
536 2350 677 2384 alterius
697 2349 836 2384 nomine
864 2347 1006 2391 nostro3
1035 2352 1070 2382 et
1098 2346 1380 2381 renunciavimus
1409 2357 1448 2379 ac
1479 2343 1659 2378 renuncia-
