1870 2683
205 282 274 322 396
598 279 913 316 REGISTRUM
942 278 1277 314 MONASTERH

206 379 316 413 sentes
334 378 457 416 facere,
477 375 685 410 constituere
704 381 738 410 et
757 375 920 409 ordinare
935 373 1201 421 circumspectos
1220 381 1254 409 et
1273 375 1435 409 discretos
1451 376 1540 410 viros
1556 377 1674 412 Wilel-

206 447 300 468 mum
320 433 421 478 Lang
448 432 611 466 clericum
641 430 894 478 parrochialem
922 431 964 465 de
993 430 1148 477 Glangw,
1178 431 1294 465 David
1325 431 1442 471 Knox,
1475 431 1674 467 Wilelmnm

205 489 363 524 Steward
381 493 414 522 et
434 487 612 527 Thomam
628 486 816 526 Craufurd,
849 487 940 520 cives
958 487 1105 521 civitatis
1126 485 1357 532 Glasguenfi3‚
1390 500 1485 521 meos
1511 501 1612 522 veros
1630 489 1676 522 le-

203 546 357 591 gittimos
376 549 409 578 et
427 543 640 577 indubitatos
657 547 913 590 procuratores,
934 543 1082 583 actores,
1102 542 1262 582 factores,
1290 548 1324 576 et
1342 543 1564 588 negotiorum
1585 556 1677 578 meo-

205 613 280 634 rum
299 600 450 646 gestores
468 613 507 634 ac
525 600 668 634 nuntios
686 598 847 646 speciales
876 604 910 633 et
939 599 1131 645 generaleS‚
1164 599 1212 632 ita
1241 603 1359 632 tamen
1377 599 1469 644 quod
1488 599 1677 646 specialitas

203 656 421 702 generalitati
439 668 512 690 non
531 656 677 702 deroget
695 668 759 690 nec
778 660 932 695 econtra,
957 653 1014 688 sed
1042 654 1134 700 quod
1152 667 1243 688 unus
1262 667 1382 689 eorum
1403 655 1571 702 inceperit
1589 656 1676 690 alter

204 712 396 746 eorundem
424 712 459 745 id
478 712 592 746 valeat
619 712 772 746 mediare
792 717 825 745 et
844 711 912 745 fine
932 711 1048 745 debito
1075 711 1273 750 terminare,
1307 711 1390 744 dans
1417 717 1451 745 et
1482 712 1676 746 concedens

203 769 303 802 dictis
318 768 402 802 meis
413 767 697 815 procuratoribus
716 773 750 802 et
768 780 889 802 eorum
905 767 1045 801 cuilibet
1059 767 1094 800 in
1106 765 1251 800 solidum
1266 766 1482 813 conjunctim
1496 773 1531 801 et
1546 766 1674 801 divisim

202 837 312 858 meam
333 836 462 864 veram,
482 824 687 870 legittimam
707 831 741 858 et
759 823 1021 858 irrevocabilem
1040 821 1242 869 potestatem
1263 828 1297 856 et
1315 822 1517 856 mandatum
1532 822 1675 870 speciale

201 880 244 914 ad
263 880 535 926 comparendum
555 893 619 927 pro
637 893 692 915 me
711 886 745 914 et
762 881 798 913 in
817 880 958 913 nomine
978 881 1094 923 [meo]
1114 891 1231 912 coram
1254 878 1503 925 circumspecto
1523 879 1597 912 viro
1616 879 1676 914 Jo-

201 937 316 970 hanne
324 935 525 970 Schawuno
539 936 748 970 ballivorum
764 936 910 970 civitatis
918 933 1136 981 Glasguensls
1151 933 1209 968 seu
1223 934 1345 979 quovis
1358 934 1425 968 alio
1441 934 1567 968 ballivo
1582 935 1675 969 dicte

202 992 347 1025 civitatis
365 991 567 1038 potestatem
585 992 747 1032 habente,
767 990 1028 1037 quibuscunque
1047 991 1168 1024 diebus
1187 996 1221 1023 et
1239 990 1323 1024 locis
1341 990 1534 1036 oportunis,
1559 990 1674 1036 ibique

200 1061 264 1094 pro
292 1060 348 1081 me
375 1053 409 1081 et
437 1048 472 1081 in
499 1048 641 1081 nomine
668 1060 746 1081 meo
777 1047 819 1081 ad
848 1045 1051 1093 resignanda
1069 1052 1102 1080 et
1121 1045 1251 1079 sursum
1278 1045 1456 1079 reddenda
1474 1059 1536 1092 per
1553 1046 1673 1080 fustem

201 1109 235 1137 et
252 1103 414 1137 baculum
433 1109 471 1137 ut
490 1103 596 1137 moris
615 1103 671 1143 est,
702 1109 778 1137 tota
807 1108 840 1137 et
868 1103 1006 1148 integra
1031 1115 1108 1136 mea
1134 1102 1204 1135 duo
1230 1108 1432 1136 tenementa
1448 1101 1506 1135 fibi
1525 1103 1672 1137 invicem

201 1159 398 1193 immediate
410 1159 564 1206 jacentia
583 1159 619 1192 in
638 1159 732 1193 dicta
749 1159 888 1193 civitate
901 1156 1106 1204 Glasguenfi
1119 1170 1161 1191 ex
1175 1162 1273 1203 parte
1286 1157 1492 1191 occidentali
1508 1157 1670 1204 ejusdem,

200 1216 291 1249 inter
310 1220 548 1249 tenementum
568 1215 744 1260 quondam
763 1213 914 1260 magistri
934 1213 1080 1247 Andree
1100 1212 1258 1247 Steward
1284 1213 1518 1247 archidiaconi
1546 1214 1674 1248 Candi-

200 1271 316 1306 decase
336 1277 369 1305 et
388 1283 482 1305 nunc
501 1271 632 1305 domini
650 1271 773 1306 Jacobi
795 1269 933 1304 Hoston
951 1268 1121 1315 capellani
1147 1268 1266 1302 Sancti
1288 1268 1496 1314 Kentigerni
1515 1282 1558 1303 ex
1576 1276 1673 1316 parte

198 1327 335 1361 australi
353 1332 387 1361 et
405 1332 646 1361 tenementum
665 1327 842 1373 quondam
862 1325 1010 1372 magistri
1030 1324 1148 1358 David
1167 1323 1364 1370 Conigham
1391 1324 1545 1358 officialis
1577 1324 1673 1360 Glas-

197 1381 332 1426 ¹guenfis
364 1388 398 1417 et
426 1395 520 1416 nunc
551 1383 684 1416 domini
716 1381 863 1416 Dionifii
896 1380 1097 1415 Auchinlek
1127 1380 1294 1427 capellani
1323 1380 1442 1414 Sanffi
1464 1380 1672 1427 Kentigerni

198 1445 292 1473 trans
311 1444 503 1473 torrentem
526 1438 756 1473 Molendinor
775 1451 816 1473 ex
835 1443 932 1486 parte
951 1437 1093 1477 boreali,
1107 1449 1174 1482 que
1192 1436 1331 1482 quidem
1344 1442 1544 1471 tenementa
1558 1437 1672 1484 supra-

198 1495 292 1528 dicta
309 1507 403 1528 nunc
422 1494 660 1529 inhabitantur
678 1507 740 1542 per
757 1495 780 1530 J
783 1495 957 1528 ohannem
978 1492 1137 1526 Morison
1156 1490 1325 1526 seifforem
1345 1498 1379 1526 et
1399 1493 1579 1527 Andrean]
1596 1493 1624 1527 F
1626 1493 1671 1527 le-

197 1563 303 1597 myn3
332 1549 471 1597 insuper
488 1550 531 1584 ad
550 1549 793 1597 resignandum
823 1556 857 1584 et
884 1551 1014 1584 sursum
1032 1550 1250 1584 reddendum
1270 1550 1305 1583 in
1323 1549 1481 1584 manibus
1500 1550 1584 1585 dieti
1602 1550 1671 1584 bal-

195 1606 265 1646 livi,
298 1619 359 1653 per
389 1605 613 1640 traditionem
644 1606 777 1640 denarii
802 1611 842 1640 ut
868 1607 973 1640 moris
992 1605 1048 1646 est,
1076 1606 1228 1651 quinque
1247 1605 1372 1639 solidos
1390 1606 1496 1639 annui
1515 1606 1671 1640 redditus

196 1662 375 1696 annuatim
394 1661 561 1695 levandos
581 1662 623 1696 de
642 1662 742 1696 terris
761 1675 803 1696 ex
821 1667 1024 1696 tenemento
1042 1661 1218 1707 quondam
1237 1662 1369 1695 domini
1387 1661 1557 1696 Johannis
1577 1662 1670 1696 Card

196 1718 363 1764 capellani
377 1718 509 1764 jacenti
527 1718 562 1750 in
583 1718 675 1752 dicta
694 1718 832 1752 civitate
851 1731 893 1752 ex
911 1724 1010 1765 parte
1031 1718 1191 1752 orientali
1210 1718 1276 1751 vici
1295 1718 1487 1751 communis
1518 1716 1668 1764 ejusdem

195 1774 285 1808 inter
303 1779 543 1808 tenementum
563 1773 712 1819 magistri
733 1773 916 1807 Michaelis
934 1774 963 1809 F
965 1775 1082 1821 lemyn
1101 1787 1144 1808 ex
1161 1779 1259 1821 parte
1285 1773 1421 1807 australi
1440 1780 1474 1807 et
1492 1779 1669 1808 tenemen-

194 1836 268 1863 tum
289 1829 424 1863 Mathei
444 1828 644 1875 Pettegrew
662 1841 704 1863 ex
722 1834 820 1876 parte
838 1829 969 1864 boreali
987 1845 996 1872 ς
1026 1835 1060 1864 et
1077 1829 1288 1875 generaliter
1308 1830 1425 1863 omnia
1450 1829 1516 1863 alia
1547 1835 1581 1863 et
1608 1829 1668 1863 fin-

193 1885 275 1931 gula
292 1885 459 1924 facienda,
488 1885 642 1930 gerenda
662 1890 696 1918 et
715 1885 910 1919 exercenda
926 1898 993 1931 que
1011 1886 1055 1919 ad
1073 1885 1224 1919 officium
1252 1886 1487 1932 procuratoris
1505 1886 1540 1919 in
1558 1885 1668 1919 fimili-

193 1941 256 1975 bus
273 1941 449 1988 pertinere
468 1940 696 1975 dinoscuntur
714 1954 753 1974 ac
770 1954 837 1987 que
856 1946 996 1987 egomet
1014 1941 1127 1975 facere
1158 1939 1339 1988 potuiffem
1358 1940 1380 1974 fi
1399 1941 1537 1988 presens
1554 1942 1666 1988 perso-

192 1997 318 2031 naliter
335 1994 561 2030 interfuiffem
579 2011 587 2039 3
609 2002 724 2030 ratum
743 2002 777 2030 et
794 2002 932 2042 gratum
951 1997 1080 2031 habens
1099 2003 1133 2031 et
1150 1997 1331 2031 habiturus
1349 2002 1462 2031 totum
1482 1997 1514 2031 id
1530 2002 1564 2031 et
1575 1998 1667 2042 quic-

191 2053 273 2098 quid
287 2065 349 2099 per
363 2053 476 2088 dictos
489 2065 585 2087 meos
599 2057 844 2099 procuratores
859 2051 916 2086 seu
931 2066 1053 2087 eorum
1065 2053 1214 2098 aliquem
1230 2053 1359 2092 actum,
1375 2053 1518 2092 factum,
1534 2053 1664 2099 gestum

190 2121 231 2142 ve
250 2114 475 2154 procuratum
493 2109 598 2143 fuerit
616 2109 652 2142 in
669 2107 835 2155 premiffis
853 2114 887 2143 et
905 2109 1058 2154 quolibet
1085 2107 1336 2155 premiffornm,
1365 2107 1425 2142 snb
1443 2110 1614 2155 ypotheca
1631 2115 1665 2143 et

191 2163 402 2209 obligatione
421 2165 577 2198 omnium
596 2164 770 2198 bonorum
785 2177 943 2198 meorum
959 2164 1140 2198 mobilium
1160 2170 1193 2198 et
1212 2165 1441 2198 immobilium
1453 2164 1662 2211 presentium

191 2224 225 2252 et
242 2219 451 2254 futurorum.
506 2220 550 2254 In
568 2220 666 2267 cujus
684 2221 733 2254 rei
752 2220 983 2255 testimonium
1002 2219 1149 2266 sigillum
1168 2233 1284 2254 meum
1302 2221 1482 2267 proprium
1501 2220 1663 2267 presenti-

189 2274 252 2308 bus
271 2274 316 2309 est
333 2275 519 2322 appensum
539 2277 632 2323 apud
651 2276 795 2322 Glasgw
813 2277 895 2310 xviii
924 2276 978 2310 die
1009 2274 1130 2310 menfis
1158 2275 1324 2310 Octobris
1343 2288 1435 2310 anno
1456 2276 1600 2309 Domini
1620 2280 1662 2308 Μ0

192 2334 414 2372 cccCC⁰1x03
445 2330 572 2366 Coram
592 2331 656 2365 hiis
688 2331 836 2372 testibus,
870 2331 1029 2378 magistro
1047 2331 1209 2368 Johanne
1231 2331 1322 2366 Reid
1348 2332 1485 2365 notario
1510 2330 1660 2378 publicm
