1870 2683
160 280 232 312 420
555 269 869 307 REGISTRUM
898 269 1236 305 MONASTERII

163 373 282 412 fiones,
308 372 400 418 jura,
427 368 688 416 jurisdictiones
719 372 753 400 et
784 366 931 412 quedam
951 366 1018 400 alia
1034 366 1127 400 bona
1145 366 1296 414 ejusdem
1316 367 1524 409 monasterii,
1558 369 1646 403 datis

165 429 265 476 super
283 429 349 461 hoc
368 425 504 464 litteris,
524 424 625 458 factis
644 422 978 463 renunciationibuS,
1000 427 1034 456 et
1048 422 1257 470 interpositis
1270 423 1489 470 juramentiS,
1509 437 1648 460 necnon

166 492 199 519 et
218 484 314 530 penis
333 482 487 528 adjectis,
519 481 553 514 in
573 492 753 514 enormem
772 476 935 512 lesionem
954 477 1054 525 ipsius
1073 478 1280 519 monasterii,
1310 480 1489 514 nonnullis
1516 480 1649 515 clericis

166 547 199 574 et
218 539 322 578 laicis,
351 537 521 583 aliquibus
540 548 661 570 eorum
681 535 724 569 ad
742 535 860 575 vitam,
888 533 1091 580 quibusdam
1110 547 1195 569 vero
1213 535 1257 569 ad
1275 548 1347 569 non
1366 536 1544 570 modicum
1564 541 1650 570 tem-

165 609 238 642 pus,
260 600 293 628 et
311 594 385 628 aliis
403 598 585 640 perpetuo,
606 592 650 625 ad
667 591 802 625 firmam
816 591 872 625 vel
890 590 950 626 sub
969 590 1072 626 censu
1090 604 1208 626 annuo
1227 590 1479 632 concefferunt,
1500 605 1650 638 quorum

165 652 271 697 aliqui
289 650 389 697 super
408 650 472 683 hiis
490 649 622 682 litteras
641 647 915 682 confirmationis
945 648 982 682 in
1012 648 1125 682 forma
1152 648 1331 682 communi
1351 648 1516 682 dicuntur
1534 661 1554 682 a
1571 647 1650 683 sede

166 707 351 755 apostolica
384 702 588 752 impeti-affe.
642 704 736 744 Quia
766 716 850 737 vero
879 703 1020 738 interest
1049 704 1164 738 nostra
1193 703 1267 738 lefis
1294 703 1507 738 monasteriis
1533 704 1652 738 subve-

167 765 252 803 nire,
284 762 480 796 discretioni
499 767 558 795 tue
577 773 639 807 per
657 759 842 806 apostolica
861 758 986 807 scripta
1011 761 1217 794 mandamus
1248 761 1411 806 quatinus
1442 773 1483 794 ea
1509 773 1576 806 que
1608 761 1651 794 de

165 821 264 854 bonis
283 819 367 853 dicti
386 817 582 852 monasterii
613 829 675 863 per
704 814 936 850 concelliones
954 816 1151 863 hujusmodi
1170 816 1320 851 alienata
1337 816 1513 851 inveneris
1531 816 1650 850 illicite

166 876 221 911 vel
241 875 410 915 distracta,
432 887 504 907 non
522 872 733 906 obstantibus
752 872 917 918 predictis
934 872 1069 913 litteris,
1090 873 1425 913 renunciationibus,
1440 873 1651 919 juramentis

168 938 201 966 et
216 932 313 979 penis
326 930 383 965 seu
403 928 737 968 confirmationibus,
753 928 796 961 ad
809 928 868 974 jus
884 934 919 962 et
930 929 1181 975 proprietatem
1195 928 1295 975 iplius
1307 928 1504 963 monasterii
1516 929 1650 963 studeas

167 988 337 1034 legittime
352 998 516 1020 revocare
531 999 540 1027 3
569 984 846 1018 contradictores
861 997 923 1031 per
938 984 1116 1018 censuram
1133 984 1399 1025 ecclesiasticam,
1416 985 1650 1031 appellatione

166 1043 357 1092 postpolita‚
391 1040 653 1089 compescendo.
706 1039 826 1074 Testes
844 1046 960 1074 autem
979 1041 1037 1085 qui
1055 1040 1186 1074 fuerint
1211 1040 1394 1081 nominati,
1427 1040 1450 1074 fi
1481 1040 1514 1075 se
1539 1041 1651 1087 gratia

168 1101 222 1135 vel
240 1101 367 1134 timore
385 1098 632 1138 subtraxerint,
654 1096 798 1131 censura
814 1095 924 1137 fimili,
945 1096 1178 1143 appellatione
1197 1095 1356 1136 cefl'ante,
1389 1096 1575 1144 compellas
1593 1110 1650 1131 ve-

168 1157 261 1191 ritati
279 1156 512 1190 testimonium
531 1153 725 1201 perhibere.
778 1153 913 1187 Datum
933 1152 1083 1186 Viterbii
1112 1153 1160 1186 iiii
1190 1152 1276 1186 Idus
1307 1151 1396 1186 Maii
1427 1152 1650 1199 pontificatus

168 1213 272 1247 nostri
291 1225 384 1246 anno
403 1212 527 1258 primo.

170 1381 226 1415 De
246 1381 380 1415 eodem.

170 1492 417 1529 URBANUS
436 1490 615 1538 episcopus
634 1489 751 1524 servus
769 1489 947 1523 servorum
968 1488 1037 1522 Dei
1057 1488 1247 1523 venerabili
1265 1489 1362 1523 fratri
1376 1489 1546 1536 Episcopo
1560 1488 1649 1524 Can-

169 1549 324 1585 didecase
343 1555 377 1583 et
396 1548 532 1582 dilectis
550 1547 628 1581 filiis
650 1546 778 1580 Abbati
798 1550 832 1579 et
852 1545 965 1578 Priori
985 1545 1027 1578 de
1047 1544 1223 1585 Lundors,
1249 1545 1380 1579 ordinis
1399 1545 1517 1579 Sancti
1538 1544 1650 1580 Bene-

170 1607 266 1646 dicti,
287 1604 538 1640 Sanctiandree
558 1601 708 1642 diocefis,
734 1601 878 1636 salutem
899 1606 933 1634 et
951 1599 1170 1647 apostolicam
1189 1601 1484 1635 benedictionem.
1527 1602 1590 1646 (5⁶0,
1610 1606 1649 1635 ut

153 1663 272 1707 fitpra
290 1660 384 1707 folio
411 1659 530 1693 cola-25?
547 1658 724 1704 lzzcczffque
740 1673 752 1699 ,·
783 1656 917 1690 Datum
936 1657 1029 1704 apud
1048 1656 1339 1692 Urbemveterem
1360 1657 1480 1692 Idibus
1499 1657 1648 1692 Decem-

169 1719 238 1753 bris
255 1716 480 1765 pontificatus
497 1714 603 1749 nostri
621 1726 714 1748 anno
733 1712 895 1747 secundo.

170 1896 226 1929 De
246 1894 380 1929 eodeni.

172 2004 438 2043 NICOLAUS
470 2001 783 2051 episcopusservus
801 2000 979 2036 servorum
1009 2001 1079 2036 Dei
1097 2001 1286 2036 venerabili
1312 2000 1410 2034 fratri
1438 2000 1648 2048 [Episcopo]

173 2060 379 2109 Glasguenfi
397 2066 431 2095 et
450 2060 579 2094 ‹lile6‘c0
598 2059 671 2093 filio
691 2058 893 2092 Preeentori
914 2056 1051 2092 ecclesie
1070 2055 1291 2104 Glasguenfis
1320 2056 1465 2091 salutem
1492 2062 1526 2090 et
1556 2055 1649 2103 apos-

172 2121 311 2154 tolicam
330 2117 624 2152 benedictionem.
679 2114 739 2149 Ad
757 2114 981 2153 audientiam,
1001 2118 1034 2147 et
1051 2118 1163 2148 cetera
1181 2113 1345 2159 utsupra
1348 2112 1445 2158 solio
1462 2112 1551 2146 θεῖ.ϊο
1568 2112 1650 2146 huc-

174 2177 304 2222 zffque;
334 2174 469 2208 Datum
490 2172 605 2206 Rome
623 2171 716 2218 apud
735 2170 904 2205 Sanctum
924 2170 1068 2204 Petrum
1087 2182 1180 2204 anno
1204 2169 1452 2203 incarnationis
1477 2168 1649 2202 dominice

175 2236 215 2265 ΜΟ
235 2233 340 2266 cccc⁰
358 2233 403 2269 L⁰,
423 2230 472 2263 iii⁰
491 2229 575 2263 Idus
592 2227 679 2262 Maii
697 2226 919 2274 pontificatus
943 2225 1048 2260 nostri
1066 2238 1159 2260 anno
1177 2230 1312 2271 quarto.
