1870 2683
171 295 240 325 1¹24«
573 289 889 325 REGISTRUM
919 289 1257 327 MONASTERII

172 400 233 433 per
259 400 362 432 quam
391 386 534 421 effeetus
563 385 777 433 presentium
795 386 956 434 impediri
982 387 1096 422 valeat
1126 388 1182 422 vel
1214 388 1354 430 differri,
1383 395 1417 424 et
1449 390 1491 424 de
1517 403 1585 436 qua
1610 391 1645 425 in

170 443 291 478 nostris
309 442 433 476 litteris
451 441 527 476 fieri
559 441 682 476 debeat
701 443 832 476 mentio
863 441 1027 489 specialis.
1083 443 1190 478 Diem
1209 457 1294 479 vero
1312 445 1514 492 prefixionis
1532 446 1646 493 hujus-

171 499 265 533 modi
284 504 318 532 et
335 498 498 544 quicquid
517 498 668 532 feceritis
683 498 719 532 in
732 497 897 545 premiffis
909 499 1009 533 nobis
1022 512 1085 547 per
1099 499 1224 535 vestras
1239 500 1371 535 litteras
1386 500 1508 535 harum
1524 500 1646 536 seriem

171 555 390 589 continentes
408 553 558 588 fideliter
576 554 754 589 intimetis.
809 554 916 595 Quod
932 554 957 589 fi
974 568 1046 590 non
1065 569 1186 591 omnes
1212 556 1276 591 hiis
1295 557 1507 603 exequendis
1525 564 1646 604 potue-

170 611 242 644 ritis
262 607 432 649 interesse,
466 609 536 643 duo
556 609 706 644 vestrum
738 623 779 645 ea
809 611 1057 646 nichilominus
1076 618 1304 659 exequantur.
1360 612 1495 647 Datum
1517 612 1645 648 Perufii

169 667 226 700 viii
248 666 332 700 Idus
352 665 531 700 Februarii
550 666 774 712 pontificatus
792 666 898 701 nostri
916 679 1010 702 anno
1028 668 1153 715 primo.

171 828 227 861 De
246 827 381 861 eodem.

167 938 411 973 CLEMENS
431 939 610 987 episcopus
627 938 744 973 servus
762 937 942 974 servorum
955 940 1036 981 Dei,
1053 946 1199 976 etcetercc
1214 943 1255 976 de
1272 942 1373 977 verbo
1386 944 1433 977 ad
1449 942 1589 977 verbum
1608 948 1644 977 ut

154 999 269 1042 Jizpra
283 997 387 1043 usque
397 996 487 1038 lzuc‚·
509 996 643 1031 Datum
661 994 789 1030 Perufii
804 996 839 1030 iii
856 996 1045 1032 Idus-Iunii
1058 998 1281 1045 pontificatus
1296 999 1400 1034 nostri
1413 1011 1505 1034 anno
1517 1000 1641 1046 primo.

168 1167 340 1213 Scriptum
360 1166 402 1200 de
422 1165 656 1211 Corsraginol.

166 1277 434 1313 VILELMUS
461 1274 682 1324 permissione
719 1278 837 1311 divina
873 1278 1011 1312 ecclesie
1050 1277 1271 1325 Glasguenfis
1298 1277 1450 1312 minister
1478 1279 1640 1313 omnibus

164 1333 289 1368 Clu-isti
308 1333 468 1367 fidelibus
486 1339 554 1367 tam
575 1333 794 1380 presentibus
812 1346 915 1379 quam
934 1334 1060 1369 futuris
1078 1333 1254 1382 presentes
1282 1334 1415 1369 litteras
1433 1333 1640 1382 inspeeturis

163 1390 217 1424 vel
236 1389 406 1424 audituris
425 1395 582 1424 eternam
601 1389 637 1423 in
657 1388 815 1424 Domino
834 1389 990 1426 salutem.
1042 1391 1194 1426 Noverit
1206 1389 1408 1425 universitas
1422 1390 1532 1425 vestra
1546 1391 1640 1437 quod

164 1460 241 1481 cum
260 1447 352 1480 inter
371 1446 524 1480 nobilem
544 1447 659 1480 virum
678 1445 895 1481 Duneanum
916 1448 1076 1482 comitem
1106 1447 1148 1481 de
1170 1446 1304 1481 Karrea
1331 1460 1373 1481 ex
1401 1452 1499 1494 parte
1517 1459 1588 1480 una
1606 1452 1639 1481 et

164 1503 337 1537 Abbatem
358 1508 392 1537 et
411 1508 625 1537 conventum
645 1502 686 1537 de
707 1500 855 1537 Paffelet
873 1516 916 1537 ex
933 1503 1054 1543 altera,
1086 1502 1188 1551 super
1207 1504 1311 1537 domo
1330 1502 1490 1549 religiosa
1508 1503 1639 1536 ordinis

163 1561 204 1593 «le
226 1558 371 1593 Pafl'elet
390 1559 425 1592 in
446 1559 573 1593 Cari-ik
591 1559 683 1606 apud
704 1558 928 1605 Corstagmol
956 1559 1145 1600 fundanda,
1177 1566 1210 1594 et
1229 1560 1329 1606 super
1348 1559 1448 1593 bonis
1467 1571 1534 1604 que
1553 1559 1637 1592 dicti

164 1617 282 1651 Abbas
301 1623 335 1651 et
353 1617 513 1650 monachi
533 1630 576 1650 ex
595 1616 782 1651 collatione
800 1616 951 1663 predififi
966 1615 1115 1650 Comitis
1127 1613 1349 1662 possederunt
1369 1616 1403 1648 in
1422 1614 1566 1653 Karrec,
1583 1627 1638 1648 co-

163 1686 235 1706 ram
254 1672 354 1706 nobis
371 1672 501 1718 questio
520 1678 732 1712 moveretur,
753 1673 894 1707 tandem
914 1678 1029 1719 partes
1043 1672 1074 1706 se
1093 1671 1207 1706 nostre
1227 1671 1437 1705 ordinationi
1456 1670 1637 1704 voluntate

162 1729 352 1776 spontanea
368 1728 601 1775 subjecerunt.
659 1728 734 1762 Nos
751 1742 836 1763 vero
852 1729 972 1763 Deum
987 1728 1152 1762 habentes
1167 1728 1272 1774 [pre]
1293 1727 1411 1766 oculis,
1432 1727 1467 1760 in
1481 1726 1636 1760 favorem

164 1794 197 1819 et
216 1790 444 1832 augmentum
464 1785 642 1831 religionis
660 1790 695 1819 et
714 1785 856 1825 ordinis,
877 1785 919 1819 de
937 1784 1093 1818 unanimi
1113 1782 1277 1818 consensu
1291 1784 1440 1829 partium
1460 1788 1495 1816 et
1506 1780 1637 1816 affensu

164 1842 303 1888 capituli
324 1840 556 1887 Glasguenfis,
585 1841 824 1875 ordinavimus
842 1841 878 1874 in
896 1841 990 1874 hune
1018 1840 1173 1879 modum,
1203 1839 1378 1873 Videlicet
1396 1839 1488 1884 quod
1508 1839 1544 1872 in
1561 1851 1636 1885 pre-

163 1898 258 1932 dicto
277 1898 354 1932 loco
370 1898 412 1931 ad
431 1898 601 1931 honorem
621 1897 691 1931 Dei
711 1903 745 1931 et
764 1897 861 1931 beate
882 1896 1038 1943 Virginis
1059 1895 1173 1929 Marie
1203 1895 1326 1929 domus
1353 1895 1530 1940 religionis
1557 1907 1636 1928 con-

164 1954 315 1988 struatur
334 1954 376 1988 de
395 1954 573 1987 monachis
592 1953 724 1987 ordinis
744 1953 786 1987 de
807 1951 963 1993 Paffelet,
994 1953 1052 1998 qui
1083 1952 1208 1986 ibidem
1227 1951 1405 1998 perpetuis
1423 1950 1636 1997 temporibus

161 2010 310 2044 habeant
329 2010 504 2054 [habitent
516 2011 561 2052 ?],
590 2009 745 2056 plenaria
762 2009 938 2055 gaudeant
957 2008 1127 2048 libertate,
1148 2014 1183 2042 et
1201 2008 1308 2042 libere
1327 2005 1451 2053 poflint
1470 2019 1531 2053 per
1550 2006 1635 2040 elec-

161 2067 293 2101 tionem
321 2067 522 2100 canonicam
550 2065 708 2100 abbatem
736 2065 906 2112 perficere
941 2065 998 2110 qui
1035 2064 1079 2098 ad
1114 2063 1333 2097 monasticam
1362 2063 1467 2097 vitan]
1494 2060 1636 2096 transire

163 2123 321 2156 volentes
340 2122 447 2156 libere
466 2120 565 2169 possit
583 2122 625 2155 ad
646 2121 886 2155 monachalem
908 2120 1062 2154 habitum
1092 2126 1126 2154 et
1152 2117 1394 2166 professionem
1420 2118 1574 2165 recipere
1603 2124 1636 2151 et

165 2180 281 2212 omnia
300 2179 412 2213 facere
433 2192 500 2224 que
519 2179 562 2213 de
584 2178 666 2225 jure
685 2178 863 2225 pertinent
882 2177 926 2211 ad
944 2176 1127 2218 abbate1n3
1160 2176 1208 2209 ita
1226 2176 1328 2210 etiam
1347 2174 1440 2220 quod
1459 2174 1552 2208 dicta
1578 2173 1637 2207 do-

167 2248 244 2269 mus
264 2236 306 2268 de
327 2234 552 2281 Corsragmol
571 2248 590 2268 a
608 2234 775 2281 potestate
807 2240 841 2268 et
863 2233 1108 2281 jurisdictione
1140 2231 1287 2266 Abbatis
1314 2238 1347 2266 et
1375 2235 1568 2265 conventus
1594 2229 1636 2262 de

166 2289 312 2325 Pass‘elet
331 2291 366 2324 in
385 2291 545 2325 omnibus
562 2289 601 2325 fit
620 2296 792 2338 exempta,
812 2289 873 2324 nifi
887 2294 1024 2324 tantum
1044 2288 1078 2321 in
1097 2287 1229 2321 ordinis
1246 2286 1486 2332 recognitione
1503 2299 1512 2326 3
1533 2295 1633 2329 quam

165 2348 207 2381 lic
223 2347 385 2380 duximus
401 2347 654 2381 declarandam.
703 2346 754 2381 Ut
765 2346 925 2381 monachi
940 2345 982 2379 de
995 2343 1217 2390 Corsragmol
1230 2343 1266 2377 in
1280 2343 1402 2377 ordine
1417 2347 1451 2375 et
1464 2340 1583 2374 habitu
1601 2345 1635 2373 et
