1839 2652
167 243 210 275 18
560 241 875 277 REGISTRUM
904 241 1243 278 MONASTERH

170 336 302 371 douere
320 337 362 372 de
380 336 504 371 foresta
529 342 599 371 tam
618 338 662 372 ad
680 337 913 372 edificandum
932 344 967 372 et
985 339 1101 384 quiete
1126 337 1381 385 poffidendum,
1409 344 1444 374 et
1469 341 1514 375 ad
1544 341 1654 375 omni-

169 393 311 427 modam
330 406 452 428 eorum
470 393 657 428 utilitatem
676 393 881 433 faciendam,
908 392 993 428 ficut
1010 395 1163 428 viderint
1180 395 1348 442 majorem
1367 395 1552 430 utilitatem
1572 396 1652 430 inde

170 448 230 484 fibi
255 447 348 497 pofl'e
375 449 578 484 omnimodo
606 450 804 496 provenire.
859 448 1007 496 Insuper
1033 455 1068 484 et
1086 450 1166 484 dedi
1195 450 1243 484 eis
1268 463 1374 485 unam
1402 456 1536 497 partem
1563 457 1656 486 terre

173 519 216 540 ex
234 505 396 540 orientali
414 510 512 552 parte
531 505 723 540 molendini
742 506 785 540 de
805 503 952 540 Pafl'elet
981 505 1088 552 usque
1106 506 1151 540 ad
1167 505 1364 540 wascellum
1385 519 1428 541 ex
1446 507 1653 541 occidentali

170 566 269 608 parte
304 561 416 595 crucis
451 560 610 601 Domini,
650 560 734 596 ficut
763 559 936 596 waffellus
971 562 1083 596 oritur
1118 562 1160 596 de
1196 561 1302 596 divisa
1334 563 1589 597 monachorum
1621 569 1655 597 et

174 618 265 652 cadit
283 618 320 651 in
340 617 441 652 Kert.
495 615 654 652 Conceffi
674 618 777 652 etiam
798 619 845 652 eis
872 623 1002 651 terram
1028 631 1131 664 quam
1158 618 1287 653 habent
1317 618 1409 665 apud
1442 618 1581 653 Renfru
1598 619 1657 653 ubi

173 673 335 707 monachi
352 673 448 720 prius
466 673 677 714 habitabant,
697 674 741 708 ad
759 673 984 708 habitandum
1001 678 1034 707 et
1052 673 1095 707 ad
1111 673 1343 707 edificandum
1359 673 1395 706 in
1408 673 1653 720 burggagium,

174 742 254 764 cum
273 728 434 764 omnibus
452 728 644 764 afiamentis
662 730 756 764 ville.
810 729 957 776 Insuper
985 735 1019 763 et
1045 730 1125 763 dedi
1143 729 1202 770 eis,
1222 729 1259 763 in
1280 729 1361 764 Kile
1379 729 1415 763 in
1433 729 1559 764 foresto
1578 743 1656 764 meo

174 784 217 818 de
237 784 478 824 Scanccathre,
498 784 705 818 meremium
724 790 758 818 et
775 784 939 819 focalium
957 786 1106 832 propriis
1124 785 1239 820 ufibus
1257 785 1324 819 suis
1342 785 1411 820 fine
1432 785 1658 826 distritffioue,

174 846 210 875 et
244 839 443 874 hominibus
474 852 607 880 eorum,
636 839 861 874 servientium
892 854 1051 876 meorum
1087 841 1373 876 confideratione.
1427 841 1507 876 Hec
1541 849 1658 876 autem

176 898 295 932 omnia
311 897 556 944 prenominata
573 897 652 932 dedi
671 898 719 932 eis
751 903 785 932 et
811 896 956 932 concessi
975 898 1128 932 tenenda
1145 898 1404 944 imperpetuum
1434 903 1469 932 et
1499 898 1657 932 habenda

176 955 220 989 de
237 967 293 988 me
312 958 347 988 et
364 953 550 988 heredibus
568 954 653 988 meis
671 954 708 987 in
725 966 849 1001 puram
868 959 902 987 et
920 954 1063 988 liberam
1083 959 1118 988 et
1135 954 1288 1000 quietam
1307 953 1540 995 elemosinam,
1573 954 1656 989 ficut

176 1010 292 1056 aliqua
309 1008 494 1044 elemofina
521 1022 563 1044 ex
594 1010 688 1044 dono
707 1010 842 1044 comitis
868 1010 925 1044 vel
950 1010 1090 1044 baronis
1108 1009 1250 1044 liberius
1276 1010 1426 1056 quietius
1455 1016 1489 1044 et
1519 1011 1659 1044 honori-

175 1068 337 1103 ficentius
354 1068 391 1101 in
408 1080 519 1114 regno
547 1068 662 1102 Scotie
687 1073 829 1102 tenetur
858 1073 892 1102 et
921 1066 1080 1101 habetur.
1133 1066 1300 1100 Preterea
1330 1066 1482 1112 quietam
1511 1066 1657 1100 clamavi

176 1123 360 1171 sepedictis
378 1124 556 1158 monachis
587 1124 820 1171 calumpniam
848 1136 951 1169 quam
968 1122 1074 1156 habui
1092 1122 1128 1155 in
1148 1122 1323 1156 Clochari.
1376 1122 1423 1156 Et
1441 1123 1595 1156 concedo
1626 1128 1659 1156 et

178 1180 349 1215 confirmo
376 1180 425 1214 eis
452 1192 573 1214 omnes
615 1180 821 1214 donationes
849 1184 884 1213 et
910 1178 1087 1213 libertates
1118 1190 1202 1223 quas
1234 1177 1410 1211 VValterus
1440 1191 1526 1212 avus
1561 1191 1660 1212 meus

180 1242 215 1271 et
246 1235 385 1270 Alanus
414 1240 513 1282 pater
547 1248 645 1270 meus
675 1236 723 1270 eis
752 1236 926 1270 dederunt
957 1239 992 1267 et
1021 1233 1124 1267 cartis
1154 1231 1222 1266 suis
1252 1233 1561 1268 confirmaverunt.
1614 1233 1660 1268 Et

179 1291 291 1327 sciatis
325 1291 420 1337 quod
453 1290 512 1338 ipfi
539 1292 701 1326 monachi
730 1292 881 1337 quietam
913 1289 1155 1324 clamaverunt
1194 1287 1340 1322 insulam
1372 1289 1476 1335 juxta
1518 1290 1660 1336 opidum

178 1360 297 1383 meum
316 1347 359 1382 de
379 1347 529 1388 Renfru,
549 1346 640 1381 salva
659 1348 707 1382 eis
724 1346 894 1394 piscatura
911 1345 971 1379 sua
989 1350 1023 1378 et
1041 1344 1201 1378 libertate
1220 1344 1264 1378 ad
1281 1344 1486 1386 faciendam,
1506 1358 1550 1380 ex
1567 1351 1661 1380 utra-

178 1416 246 1449 que
264 1408 363 1451 parte
380 1416 469 1449 aque
499 1408 539 1437 ut
568 1403 757 1444 voluerint,
776 1402 994 1450 piscaturam.
1049 1401 1130 1434 Hiis
1157 1400 1298 1435 testibus
1316 1400 1483 1436 Wilelmo
1502 1402 1661 1449 episcopo

181 1460 302 1494 Saneti
320 1459 479 1500 Andree,
508 1458 666 1493 Waltero
698 1457 904 1505 Glasguenfi
935 1456 1106 1504 episcopo,
1136 1456 1253 1491 Adam
1284 1457 1408 1492 abbate
1436 1458 1479 1492 de
1511 1457 1658 1498 Melros,

181 1515 342 1550 Henrico
361 1515 484 1549 abbate
502 1515 545 1549 de
566 1514 720 1555 Kelkou,
750 1515 893 1561 Nigello
912 1514 1034 1548 abbate
1062 1514 1104 1548 de
1126 1513 1310 1553 Kilwinin,
1340 1513 1498 1548 VValtero
1517 1515 1559 1549 de
1578 1514 1662 1548 Lin-

182 1570 284 1612 desai,
314 1570 478 1604 Wilelmo
498 1571 540 1605 de
559 1569 687 1611 Linsai,
717 1570 836 1604 Alano
855 1570 897 1604 de
919 1569 1163 1616 Mungumeri,
1197 1568 1377 1603 Macolmo
1397 1569 1566 1610 Loccard,
1589 1570 1661 1603 Ro-

181 1627 283 1661 berto
315 1626 420 1667 Croc,
449 1625 614 1660 Wilelmo
643 1626 686 1660 de
717 1626 807 1666 Ylle,
838 1625 997 1659 Henrico
1029 1626 1071 1659 de
1100 1625 1184 1665 Nes,
1219 1625 1337 1659 Alano
1367 1624 1471 1666 Croc,
1502 1624 1661 1672 Rogerio

186 1682 338 1722 Avenel,
351 1681 514 1728 magistro
530 1681 636 1716 Petro
651 1682 694 1716 de
707 1681 854 1721 Dribur,
872 1680 1027 1715 Radulfo
1046 1681 1238 1728 capellano,
1259 1680 1424 1715 Wilelmo
1442 1681 1515 1715 filio
1536 1681 1660 1722 Maidi,

185 1744 220 1773 et
237 1738 356 1772 multis
373 1738 459 1772 aliis.

189 1906 420 1940 Confirmatio
439 1904 578 1939 ecclefie
597 1905 640 1939 de
659 1905 890 1945 Dundonahl,
911 1905 1086 1939 Senechar
1105 1910 1139 1940 et
1159 1905 1367 1940 Auehinlec.

194 2017 432 2054 OMNIBUS
458 2016 576 2052 lanGte
606 2017 726 2051 matris
757 2016 895 2051 ecelefie
923 2017 1002 2051 filiis
1028 2024 1099 2052 tam
1140 2017 1356 2064 presentibus
1390 2031 1493 2064 quam
1528 2018 1666 2058 futuris,

193 2073 372 2108 VValterus
390 2073 482 2107 filius
501 2072 620 2113 Alani,
654 2072 786 2106 domini
818 2072 926 2118 Regis
957 2074 1073 2109 Scotie
1090 2073 1306 2115 senescallus,
1338 2073 1495 2109 salutem.
1549 2074 1669 2108 Sciatis

192 2141 268 2169 nos,
289 2129 407 2163 divine
426 2129 577 2163 caritatis
595 2129 736 2168 intuitu,
764 2126 901 2169 dediffe,
926 2129 1131 2171 conceffiffe,
1160 2136 1194 2164 et
1220 2130 1283 2164 hac
1302 2136 1397 2164 carta
1413 2129 1528 2164 nostra
1545 2130 1669 2164 confir-

194 2182 310 2225 masse,
338 2184 420 2218 Deo
438 2190 472 2219 et
491 2184 621 2219 83116ὶο
639 2184 773 2220 Jacobo
800 2189 834 2218 et
865 2184 996 2220 saneto
1021 2185 1062 2220 M
1068 2186 1156 2220 irino
1183 2186 1227 2221 de
1255 2185 1402 2220 Paffelet
1429 2191 1464 2220 et
1492 2186 1671 2220 monachis

196 2239 324 2274 ibidem
345 2239 425 2274 Deo
456 2239 683 2275 servientibus
710 2247 744 2275 et
769 2240 1027 2287 imperpetuum
1053 2240 1240 2282 servituris,
1269 2241 1443 2276 eccleliam
1461 2242 1504 2276 de
1522 2241 1671 2276 Dondo-

196 2295 291 2338 nald,
305 2295 478 2331 eccleliam
498 2297 541 2332 de
560 2296 746 2338 Senechar,
766 2302 801 2331 et
818 2295 993 2332 ecclefiam
1013 2298 1056 2333 de
1071 2297 1256 2339 Achinlec,
1272 2311 1351 2333 cum
1370 2298 1531 2333 omnibus
1549 2310 1672 2332 earun-
