<?xml version="1.0" encoding="UTF-8"?>
<!DOCTYPE html PUBLIC "-//W3C//DTD XHTML 1.0 Transitional//EN"
    "http://www.w3.org/TR/xhtml1/DTD/xhtml1-transitional.dtd">
<html xmlns="http://www.w3.org/1999/xhtml" xml:lang="en" lang="en">
 <head>
  <title>
</title>
<meta http-equiv="Content-Type" content="text/html;charset=utf-8" />
  <meta name='ocr-system' content='tesseract 3.04.00' />
  <meta name='ocr-capabilities' content='ocr_page ocr_carea ocr_par ocr_line ocrx_word'/>
</head>
<body>
  <div class='ocr_page' id='page_1' title='image "./registrummonaste00mait_0459.png"; bbox 0 0 1870 2683; ppageno 0'>
   <div class='ocr_carea' id='block_1_1' title="bbox 754 271 1677 307">
    <p class='ocr_par' dir='ltr' id='par_1_1' title="bbox 754 271 1677 307">
     <span class='ocr_line' id='line_1_1' title="bbox 754 271 1677 307; baseline -0.004 0"><span class='ocrx_word' id='word_1_1' title='bbox 754 272 825 307; x_wconf 91' lang='lat' dir='ltr'>DE</span> <span class='ocrx_word' id='word_1_2' title='bbox 853 271 1122 307; x_wconf 87' lang='lat' dir='ltr'><strong>PASSELET.</strong></span> <span class='ocrx_word' id='word_1_3' title='bbox 1607 272 1677 307; x_wconf 69' lang='lat'>399</span> 
     </span>
    </p>
   </div>
   <div class='ocr_carea' id='block_1_2' title="bbox 198 365 1690 2092">
    <p class='ocr_par' dir='ltr' id='par_1_2' title="bbox 198 365 1690 2092">
     <span class='ocr_line' id='line_1_2' title="bbox 199 365 1678 416; baseline -0.006 -10"><span class='ocrx_word' id='word_1_4' title='bbox 199 369 361 405; x_wconf 83' lang='lat' dir='ltr'>omnibus</span> <span class='ocrx_word' id='word_1_5' title='bbox 387 374 422 403; x_wconf 90' lang='lat' dir='ltr'>et</span> <span class='ocrx_word' id='word_1_6' title='bbox 452 368 592 416; x_wconf 88' lang='lat' dir='ltr'>fingulis</span> <span class='ocrx_word' id='word_1_7' title='bbox 610 367 845 416; x_wconf 79' lang='lat' dir='ltr'>suprascriptis</span> <span class='ocrx_word' id='word_1_8' title='bbox 863 368 1058 415; x_wconf 67' lang='lat' dir='ltr'>sepedictus</span> <span class='ocrx_word' id='word_1_9' title='bbox 1077 367 1239 401; x_wconf 86' lang='lat' dir='ltr'>dominus</span> <span class='ocrx_word' id='word_1_10' title='bbox 1256 365 1279 401; x_wconf 84' lang='lat' dir='ltr'>J</span> <span class='ocrx_word' id='word_1_11' title='bbox 1282 366 1438 400; x_wconf 83' lang='lat' dir='ltr'>ohannes</span> <span class='ocrx_word' id='word_1_12' title='bbox 1457 365 1540 399; x_wconf 88' lang='lat' dir='ltr'>Scot</span> <span class='ocrx_word' id='word_1_13' title='bbox 1559 376 1678 398; x_wconf 83' lang='lat' dir='ltr'>mona-</span> 
     </span>
     <span class='ocr_line' id='line_1_3' title="bbox 198 420 1676 472; baseline -0.004 -12"><span class='ocrx_word' id='word_1_14' title='bbox 198 426 294 466; x_wconf 85' lang='lat' dir='ltr'>chus,</span> <span class='ocrx_word' id='word_1_15' title='bbox 327 425 541 466; x_wconf 62' lang='lat' dir='ltr'>aetornatus,</span> <span class='ocrx_word' id='word_1_16' title='bbox 573 429 781 472; x_wconf 81' lang='lat' dir='ltr'>procurator</span> <span class='ocrx_word' id='word_1_17' title='bbox 799 429 834 458; x_wconf 88' lang='lat' dir='ltr'>et</span> <span class='ocrx_word' id='word_1_18' title='bbox 852 424 1012 471; x_wconf 77' lang='lat' dir='ltr'>syndicus</span> <span class='ocrx_word' id='word_1_19' title='bbox 1039 423 1125 457; x_wconf 70' lang='lat' dir='ltr'>dicti</span> <span class='ocrx_word' id='word_1_20' title='bbox 1155 422 1353 456; x_wconf 83' lang='lat' dir='ltr'>monasterii</span> <span class='ocrx_word' id='word_1_21' title='bbox 1373 422 1415 456; x_wconf 91' lang='lat' dir='ltr'>de</span> <span class='ocrx_word' id='word_1_22' title='bbox 1436 420 1581 460; x_wconf 84' lang='lat' dir='ltr'>Passeto‚</span> <span class='ocrx_word' id='word_1_23' title='bbox 1614 432 1676 453; x_wconf 88' lang='lat' dir='ltr'>no·</span> 
     </span>
     <span class='ocr_line' id='line_1_4' title="bbox 199 475 1676 528; baseline -0.005 -12"><span class='ocrx_word' id='word_1_24' title='bbox 199 482 303 522; x_wconf 87' lang='lat' dir='ltr'>mine,</span> <span class='ocrx_word' id='word_1_25' title='bbox 324 494 367 516; x_wconf 91' lang='lat' dir='ltr'>ex</span> <span class='ocrx_word' id='word_1_26' title='bbox 384 486 494 528; x_wconf 80' lang='lat' dir='ltr'>parte,</span> <span class='ocrx_word' id='word_1_27' title='bbox 524 481 734 515; x_wconf 61' lang='lat' dir='ltr'>auetoritate</span> <span class='ocrx_word' id='word_1_28' title='bbox 763 485 797 514; x_wconf 88' lang='lat' dir='ltr'>et</span> <span class='ocrx_word' id='word_1_29' title='bbox 825 480 960 514; x_wconf 86' lang='lat' dir='ltr'>ratione</span> <span class='ocrx_word' id='word_1_30' title='bbox 979 480 1156 514; x_wconf 60' lang='lat' dir='ltr'>diistorum</span> <span class='ocrx_word' id='word_1_31' title='bbox 1186 478 1332 512; x_wconf 87' lang='lat' dir='ltr'>Abbatis</span> <span class='ocrx_word' id='word_1_32' title='bbox 1360 483 1394 512; x_wconf 89' lang='lat' dir='ltr'>et</span> <span class='ocrx_word' id='word_1_33' title='bbox 1421 481 1616 512; x_wconf 88' lang='lat' dir='ltr'>conventus</span> <span class='ocrx_word' id='word_1_34' title='bbox 1635 475 1676 509; x_wconf 88' lang='lat' dir='ltr'>de</span> 
     </span>
     <span class='ocr_line' id='line_1_5' title="bbox 202 533 1678 584; baseline -0.005 -12"><span class='ocrx_word' id='word_1_35' title='bbox 202 537 345 578; x_wconf 81' lang='lat' dir='ltr'>Passeto‚</span> <span class='ocrx_word' id='word_1_36' title='bbox 366 537 465 584; x_wconf 88' lang='lat' dir='ltr'>petiit</span> <span class='ocrx_word' id='word_1_37' title='bbox 482 550 502 571; x_wconf 87' lang='lat' dir='ltr'>a</span> <span class='ocrx_word' id='word_1_38' title='bbox 519 550 575 571; x_wconf 89' lang='lat' dir='ltr'>me</span> <span class='ocrx_word' id='word_1_39' title='bbox 593 537 731 571; x_wconf 83' lang='lat' dir='ltr'>notario</span> <span class='ocrx_word' id='word_1_40' title='bbox 749 536 889 583; x_wconf 90' lang='lat' dir='ltr'>publico</span> <span class='ocrx_word' id='word_1_41' title='bbox 908 535 1096 582; x_wconf 78' lang='lat' dir='ltr'>subscripto</span> <span class='ocrx_word' id='word_1_42' title='bbox 1115 534 1173 569; x_wconf 89' lang='lat' dir='ltr'>fibi</span> <span class='ocrx_word' id='word_1_43' title='bbox 1193 539 1227 568; x_wconf 86' lang='lat' dir='ltr'>et</span> <span class='ocrx_word' id='word_1_44' title='bbox 1246 535 1294 568; x_wconf 85' lang='lat' dir='ltr'>eis</span> <span class='ocrx_word' id='word_1_45' title='bbox 1320 534 1400 568; x_wconf 89' lang='lat' dir='ltr'>inde</span> <span class='ocrx_word' id='word_1_46' title='bbox 1419 533 1495 568; x_wconf 88' lang='lat' dir='ltr'>fieri</span> <span class='ocrx_word' id='word_1_47' title='bbox 1513 544 1625 566; x_wconf 92' lang='lat' dir='ltr'>unum</span> <span class='ocrx_word' id='word_1_48' title='bbox 1644 536 1678 566; x_wconf 87' lang='lat' dir='ltr'>et</span> 
     </span>
     <span class='ocr_line' id='line_1_6' title="bbox 199 588 1677 640; baseline -0.004 -13"><span class='ocrx_word' id='word_1_49' title='bbox 199 594 301 640; x_wconf 81' lang='lat' dir='ltr'>plura</span> <span class='ocrx_word' id='word_1_50' title='bbox 318 593 496 640; x_wconf 85' lang='lat' dir='ltr'>publicum</span> <span class='ocrx_word' id='word_1_51' title='bbox 515 598 549 627; x_wconf 87' lang='lat' dir='ltr'>et</span> <span class='ocrx_word' id='word_1_52' title='bbox 566 593 706 639; x_wconf 85' lang='lat' dir='ltr'>publica</span> <span class='ocrx_word' id='word_1_53' title='bbox 723 592 990 626; x_wconf 86' lang='lat' dir='ltr'>instrumentum</span> <span class='ocrx_word' id='word_1_54' title='bbox 1021 598 1056 626; x_wconf 87' lang='lat' dir='ltr'>et</span> <span class='ocrx_word' id='word_1_55' title='bbox 1082 591 1320 625; x_wconf 84' lang='lat' dir='ltr'>instrumenta.</span> <span class='ocrx_word' id='word_1_56' title='bbox 1374 590 1469 624; x_wconf 60' lang='lat' dir='ltr'>Aeta</span> <span class='ocrx_word' id='word_1_57' title='bbox 1496 592 1595 623; x_wconf 83' lang='lat' dir='ltr'>erant</span> <span class='ocrx_word' id='word_1_58' title='bbox 1613 588 1677 622; x_wconf 87' lang='lat' dir='ltr'>hec</span> 
     </span>
     <span class='ocr_line' id='line_1_7' title="bbox 199 648 1679 695; baseline -0.003 -13"><span class='ocrx_word' id='word_1_59' title='bbox 199 650 235 682; x_wconf 90' lang='lat' dir='ltr'>in</span> <span class='ocrx_word' id='word_1_60' title='bbox 253 649 370 683; x_wconf 88' lang='lat' dir='ltr'>fundis</span> <span class='ocrx_word' id='word_1_61' title='bbox 400 653 435 682; x_wconf 89' lang='lat' dir='ltr'>et</span> <span class='ocrx_word' id='word_1_62' title='bbox 464 648 712 695; x_wconf 83' lang='lat' dir='ltr'>principalibus</span> <span class='ocrx_word' id='word_1_63' title='bbox 731 648 891 682; x_wconf 85' lang='lat' dir='ltr'>domibus</span> <span class='ocrx_word' id='word_1_64' title='bbox 910 648 1086 682; x_wconf 66' lang='lat' dir='ltr'>dictorum</span> <span class='ocrx_word' id='word_1_65' title='bbox 1104 652 1388 681; x_wconf 87' lang='lat' dir='ltr'>tenementorum</span> <span class='ocrx_word' id='word_1_66' title='bbox 1408 651 1479 680; x_wconf 82' lang='lat' dir='ltr'>tam</span> <span class='ocrx_word' id='word_1_67' title='bbox 1512 658 1555 679; x_wconf 87' lang='lat' dir='ltr'>ex</span> <span class='ocrx_word' id='word_1_68' title='bbox 1580 648 1679 691; x_wconf 80' lang='lat' dir='ltr'>parte</span> 
     </span>
     <span class='ocr_line' id='line_1_8' title="bbox 200 699 1679 749; baseline -0.004 -11"><span class='ocrx_word' id='word_1_69' title='bbox 200 703 406 738; x_wconf 82' lang='lat' dir='ltr'>occidentali</span> <span class='ocrx_word' id='word_1_70' title='bbox 424 717 527 749; x_wconf 84' lang='lat' dir='ltr'>quam</span> <span class='ocrx_word' id='word_1_71' title='bbox 547 703 708 738; x_wconf 84' lang='lat' dir='ltr'>orientali</span> <span class='ocrx_word' id='word_1_72' title='bbox 726 703 845 749; x_wconf 84' lang='lat' dir='ltr'>magni</span> <span class='ocrx_word' id='word_1_73' title='bbox 862 703 929 737; x_wconf 88' lang='lat' dir='ltr'>vici</span> <span class='ocrx_word' id='word_1_74' title='bbox 948 704 1041 737; x_wconf 64' lang='lat' dir='ltr'>diste</span> <span class='ocrx_word' id='word_1_75' title='bbox 1061 703 1208 737; x_wconf 85' lang='lat' dir='ltr'>civitatis</span> <span class='ocrx_word' id='word_1_76' title='bbox 1237 700 1470 748; x_wconf 84' lang='lat' dir='ltr'>Glasguenfis‚</span> <span class='ocrx_word' id='word_1_77' title='bbox 1505 700 1595 734; x_wconf 85' lang='lat' dir='ltr'>infra</span> <span class='ocrx_word' id='word_1_78' title='bbox 1612 699 1679 746; x_wconf 92' lang='lat' dir='ltr'>pri-</span> 
     </span>
     <span class='ocr_line' id='line_1_9' title="bbox 200 754 1678 806; baseline -0.003 -12"><span class='ocrx_word' id='word_1_79' title='bbox 200 773 291 794; x_wconf 87' lang='lat' dir='ltr'>mam</span> <span class='ocrx_word' id='word_1_80' title='bbox 311 764 345 794; x_wconf 85' lang='lat' dir='ltr'>et</span> <span class='ocrx_word' id='word_1_81' title='bbox 362 758 547 793; x_wconf 85' lang='lat' dir='ltr'>secundam</span> <span class='ocrx_word' id='word_1_82' title='bbox 576 759 679 793; x_wconf 85' lang='lat' dir='ltr'>horas</span> <span class='ocrx_word' id='word_1_83' title='bbox 697 759 771 806; x_wconf 86' lang='lat' dir='ltr'>post</span> <span class='ocrx_word' id='word_1_84' title='bbox 789 759 970 793; x_wconf 88' lang='lat' dir='ltr'>meridiem</span> <span class='ocrx_word' id='word_1_85' title='bbox 988 759 1044 793; x_wconf 86' lang='lat' dir='ltr'>vel</span> <span class='ocrx_word' id='word_1_86' title='bbox 1063 758 1209 798; x_wconf 84' lang='lat' dir='ltr'>eocirca,</span> <span class='ocrx_word' id='word_1_87' title='bbox 1242 757 1302 791; x_wconf 89' lang='lat' dir='ltr'>sub</span> <span class='ocrx_word' id='word_1_88' title='bbox 1321 770 1425 796; x_wconf 86' lang='lat' dir='ltr'>anno,</span> <span class='ocrx_word' id='word_1_89' title='bbox 1455 757 1521 796; x_wconf 89' lang='lat' dir='ltr'>die,</span> <span class='ocrx_word' id='word_1_90' title='bbox 1552 754 1678 795; x_wconf 86' lang='lat' dir='ltr'>mense,</span> 
     </span>
     <span class='ocr_line' id='line_1_10' title="bbox 201 811 1679 862; baseline -0.003 -13"><span class='ocrx_word' id='word_1_91' title='bbox 201 815 394 850; x_wconf 71' lang='lat' dir='ltr'>indi&amp;ione</span> <span class='ocrx_word' id='word_1_92' title='bbox 423 820 457 849; x_wconf 91' lang='lat' dir='ltr'>et</span> <span class='ocrx_word' id='word_1_93' title='bbox 487 816 694 862; x_wconf 85' lang='lat' dir='ltr'>pontificatu</span> <span class='ocrx_word' id='word_1_94' title='bbox 711 815 969 862; x_wconf 83' lang='lat' dir='ltr'>suprascriptis3</span> <span class='ocrx_word' id='word_1_95' title='bbox 1000 814 1221 849; x_wconf 87' lang='lat' dir='ltr'>Presentibus</span> <span class='ocrx_word' id='word_1_96' title='bbox 1248 813 1374 847; x_wconf 86' lang='lat' dir='ltr'>ibidem</span> <span class='ocrx_word' id='word_1_97' title='bbox 1407 811 1679 851; x_wconf 76' lang='lat' dir='ltr'>honorabilibus,</span> 
     </span>
     <span class='ocr_line' id='line_1_11' title="bbox 201 867 1680 919; baseline -0.004 -13"><span class='ocrx_word' id='word_1_98' title='bbox 201 872 354 919; x_wconf 89' lang='lat' dir='ltr'>providis</span> <span class='ocrx_word' id='word_1_99' title='bbox 373 876 407 906; x_wconf 87' lang='lat' dir='ltr'>et</span> <span class='ocrx_word' id='word_1_100' title='bbox 426 870 579 906; x_wconf 82' lang='lat' dir='ltr'>discretis</span> <span class='ocrx_word' id='word_1_101' title='bbox 596 872 690 912; x_wconf 86' lang='lat' dir='ltr'>viris,</span> <span class='ocrx_word' id='word_1_102' title='bbox 712 871 843 905; x_wconf 81' lang='lat' dir='ltr'>Allano</span> <span class='ocrx_word' id='word_1_103' title='bbox 864 870 1023 905; x_wconf 82' lang='lat' dir='ltr'>Steward</span> <span class='ocrx_word' id='word_1_104' title='bbox 1045 870 1087 904; x_wconf 88' lang='lat' dir='ltr'>de</span> <span class='ocrx_word' id='word_1_105' title='bbox 1108 869 1321 908; x_wconf 81' lang='lat' dir='ltr'>Cardonald,</span> <span class='ocrx_word' id='word_1_106' title='bbox 1350 868 1514 904; x_wconf 83' lang='lat' dir='ltr'>Johaune</span> <span class='ocrx_word' id='word_1_107' title='bbox 1536 867 1680 901; x_wconf 83' lang='lat' dir='ltr'>Maxvel</span> 
     </span>
     <span class='ocr_line' id='line_1_12' title="bbox 202 923 1680 973; baseline -0.003 -12"><span class='ocrx_word' id='word_1_108' title='bbox 202 927 286 968; x_wconf 89' lang='lat' dir='ltr'>filio,</span> <span class='ocrx_word' id='word_1_109' title='bbox 306 927 435 961; x_wconf 80' lang='lat' dir='ltr'>herede</span> <span class='ocrx_word' id='word_1_110' title='bbox 452 926 634 973; x_wconf 82' lang='lat' dir='ltr'>apparenti</span> <span class='ocrx_word' id='word_1_111' title='bbox 654 926 859 960; x_wconf 79' lang='lat' dir='ltr'>Archibaldi</span> <span class='ocrx_word' id='word_1_112' title='bbox 881 926 1027 960; x_wconf 84' lang='lat' dir='ltr'>Maxvel</span> <span class='ocrx_word' id='word_1_113' title='bbox 1046 926 1088 960; x_wconf 91' lang='lat' dir='ltr'>de</span> <span class='ocrx_word' id='word_1_114' title='bbox 1108 925 1343 964; x_wconf 78' lang='lat' dir='ltr'>Vestirstanle‚</span> <span class='ocrx_word' id='word_1_115' title='bbox 1366 924 1531 958; x_wconf 71' lang='lat' dir='ltr'>W⁷ilelmo</span> <span class='ocrx_word' id='word_1_116' title='bbox 1545 923 1680 969; x_wconf 84' lang='lat' dir='ltr'>Layng,</span> 
     </span>
     <span class='ocr_line' id='line_1_13' title="bbox 200 980 1681 1030; baseline -0.005 -10"><span class='ocrx_word' id='word_1_117' title='bbox 200 986 223 1021; x_wconf 92' lang='lat' dir='ltr'>J</span> <span class='ocrx_word' id='word_1_118' title='bbox 226 986 364 1020; x_wconf 84' lang='lat' dir='ltr'>ohanne</span> <span class='ocrx_word' id='word_1_119' title='bbox 382 984 508 1019; x_wconf 87' lang='lat' dir='ltr'>clerico</span> <span class='ocrx_word' id='word_1_120' title='bbox 523 982 731 1030; x_wconf 82' lang='lat' dir='ltr'>parrochiali</span> <span class='ocrx_word' id='word_1_121' title='bbox 750 982 793 1016; x_wconf 84' lang='lat' dir='ltr'>de</span> <span class='ocrx_word' id='word_1_122' title='bbox 812 981 967 1028; x_wconf 82' lang='lat' dir='ltr'>Glasgw,</span> <span class='ocrx_word' id='word_1_123' title='bbox 989 983 1132 1016; x_wconf 88' lang='lat' dir='ltr'>domino</span> <span class='ocrx_word' id='word_1_124' title='bbox 1151 981 1311 1028; x_wconf 85' lang='lat' dir='ltr'>Georgio</span> <span class='ocrx_word' id='word_1_125' title='bbox 1334 981 1463 1014; x_wconf 86' lang='lat' dir='ltr'>Panter</span> <span class='ocrx_word' id='word_1_126' title='bbox 1482 980 1620 1014; x_wconf 60' lang='lat' dir='ltr'>reetore</span> <span class='ocrx_word' id='word_1_127' title='bbox 1640 980 1681 1013; x_wconf 88' lang='lat' dir='ltr'>de</span> 
     </span>
     <span class='ocr_line' id='line_1_14' title="bbox 204 1034 1681 1089; baseline -0.005 -13"><span class='ocrx_word' id='word_1_128' title='bbox 204 1042 345 1089; x_wconf 80' lang='lat' dir='ltr'>Mynto,</span> <span class='ocrx_word' id='word_1_129' title='bbox 367 1040 544 1075; x_wconf 86' lang='lat' dir='ltr'>Edwardo</span> <span class='ocrx_word' id='word_1_130' title='bbox 562 1039 710 1075; x_wconf 88' lang='lat' dir='ltr'>Jonston</span> <span class='ocrx_word' id='word_1_131' title='bbox 728 1039 765 1072; x_wconf 94' lang='lat' dir='ltr'>in</span> <span class='ocrx_word' id='word_1_132' title='bbox 785 1038 940 1085; x_wconf 86' lang='lat' dir='ltr'>Ruglen,</span> <span class='ocrx_word' id='word_1_133' title='bbox 971 1039 1118 1072; x_wconf 86' lang='lat' dir='ltr'>Andrea</span> <span class='ocrx_word' id='word_1_134' title='bbox 1137 1038 1295 1084; x_wconf 81' lang='lat' dir='ltr'>Flemyn,</span> <span class='ocrx_word' id='word_1_135' title='bbox 1324 1037 1489 1072; x_wconf 63' lang='lat' dir='ltr'>,Iohanne</span> <span class='ocrx_word' id='word_1_136' title='bbox 1509 1034 1681 1075; x_wconf 84' lang='lat' dir='ltr'>Moris0n‚</span> 
     </span>
     <span class='ocr_line' id='line_1_15' title="bbox 205 1093 1684 1142; baseline -0.003 -10"><span class='ocrx_word' id='word_1_137' title='bbox 205 1097 356 1132; x_wconf 83' lang='lat' dir='ltr'>Patricio</span> <span class='ocrx_word' id='word_1_138' title='bbox 376 1097 546 1136; x_wconf 84' lang='lat' dir='ltr'>Steward,</span> <span class='ocrx_word' id='word_1_139' title='bbox 571 1095 733 1130; x_wconf 91' lang='lat' dir='ltr'>Wilelmo</span> <span class='ocrx_word' id='word_1_140' title='bbox 757 1094 908 1136; x_wconf 84' lang='lat' dir='ltr'>Walkar‚</span> <span class='ocrx_word' id='word_1_141' title='bbox 931 1096 1078 1130; x_wconf 85' lang='lat' dir='ltr'>Andrea</span> <span class='ocrx_word' id='word_1_142' title='bbox 1097 1095 1225 1131; x_wconf 87' lang='lat' dir='ltr'>Olifeir</span> <span class='ocrx_word' id='word_1_143' title='bbox 1242 1094 1401 1142; x_wconf 79' lang='lat' dir='ltr'>serjaudo</span> <span class='ocrx_word' id='word_1_144' title='bbox 1420 1093 1591 1140; x_wconf 86' lang='lat' dir='ltr'>burgenfi,</span> <span class='ocrx_word' id='word_1_145' title='bbox 1625 1095 1684 1128; x_wconf 86' lang='lat' dir='ltr'>do-</span> 
     </span>
     <span class='ocr_line' id='line_1_16' title="bbox 204 1150 1681 1199; baseline -0.002 -12"><span class='ocrx_word' id='word_1_146' title='bbox 204 1155 299 1188; x_wconf 89' lang='lat' dir='ltr'>mino</span> <span class='ocrx_word' id='word_1_147' title='bbox 318 1153 458 1187; x_wconf 82' lang='lat' dir='ltr'>Thoma</span> <span class='ocrx_word' id='word_1_148' title='bbox 477 1152 711 1199; x_wconf 83' lang='lat' dir='ltr'>Cunyngham</span> <span class='ocrx_word' id='word_1_149' title='bbox 730 1152 868 1185; x_wconf 82' lang='lat' dir='ltr'>notario</span> <span class='ocrx_word' id='word_1_150' title='bbox 887 1153 1038 1199; x_wconf 88' lang='lat' dir='ltr'>publico,</span> <span class='ocrx_word' id='word_1_151' title='bbox 1070 1152 1235 1186; x_wconf 89' lang='lat' dir='ltr'>Wilelmo</span> <span class='ocrx_word' id='word_1_152' title='bbox 1256 1151 1389 1191; x_wconf 89' lang='lat' dir='ltr'>Vilson‚</span> <span class='ocrx_word' id='word_1_153' title='bbox 1420 1150 1619 1197; x_wconf 82' lang='lat' dir='ltr'>capellanis,</span> <span class='ocrx_word' id='word_1_154' title='bbox 1649 1156 1681 1185; x_wconf 90' lang='lat' dir='ltr'>et</span> 
     </span>
     <span class='ocr_line' id='line_1_17' title="bbox 207 1205 1684 1254; baseline -0.002 -11"><span class='ocrx_word' id='word_1_155' title='bbox 207 1209 386 1243; x_wconf 83' lang='lat' dir='ltr'>Rollando</span> <span class='ocrx_word' id='word_1_156' title='bbox 406 1208 538 1248; x_wconf 85' lang='lat' dir='ltr'>Reche,</span> <span class='ocrx_word' id='word_1_157' title='bbox 568 1220 647 1241; x_wconf 88' lang='lat' dir='ltr'>cum</span> <span class='ocrx_word' id='word_1_158' title='bbox 667 1206 806 1241; x_wconf 82' lang='lat' dir='ltr'>diversis</span> <span class='ocrx_word' id='word_1_159' title='bbox 835 1208 910 1242; x_wconf 83' lang='lat' dir='ltr'>aliis</span> <span class='ocrx_word' id='word_1_160' title='bbox 941 1208 1080 1243; x_wconf 84' lang='lat' dir='ltr'>testibus</span> <span class='ocrx_word' id='word_1_161' title='bbox 1112 1208 1156 1242; x_wconf 83' lang='lat' dir='ltr'>ad</span> <span class='ocrx_word' id='word_1_162' title='bbox 1185 1205 1345 1254; x_wconf 78' lang='lat' dir='ltr'>premissa</span> <span class='ocrx_word' id='word_1_163' title='bbox 1362 1206 1536 1241; x_wconf 82' lang='lat' dir='ltr'>audienda</span> <span class='ocrx_word' id='word_1_164' title='bbox 1553 1207 1684 1241; x_wconf 83' lang='lat' dir='ltr'>vocatis</span> 
     </span>
     <span class='ocr_line' id='line_1_18' title="bbox 204 1261 748 1312; baseline -0.006 -13"><span class='ocrx_word' id='word_1_165' title='bbox 204 1265 346 1312; x_wconf 79' lang='lat' dir='ltr'>pariter,</span> <span class='ocrx_word' id='word_1_166' title='bbox 367 1264 496 1310; x_wconf 84' lang='lat' dir='ltr'>rogatis</span> <span class='ocrx_word' id='word_1_167' title='bbox 515 1268 550 1298; x_wconf 88' lang='lat' dir='ltr'>et</span> <span class='ocrx_word' id='word_1_168' title='bbox 568 1261 748 1308; x_wconf 80' lang='lat' dir='ltr'>requisitis.</span> 
     </span>
     <span class='ocr_line' id='line_1_19' title="bbox 304 1317 1685 1367; baseline -0.001 -12"><span class='ocrx_word' id='word_1_169' title='bbox 304 1321 350 1355; x_wconf 91' lang='lat' dir='ltr'>Et</span> <span class='ocrx_word' id='word_1_170' title='bbox 369 1333 434 1367; x_wconf 89' lang='lat' dir='ltr'>ego</span> <span class='ocrx_word' id='word_1_171' title='bbox 452 1320 612 1366; x_wconf 82' lang='lat' dir='ltr'>magister</span> <span class='ocrx_word' id='word_1_172' title='bbox 631 1319 814 1354; x_wconf 82' lang='lat' dir='ltr'>Wilelmus</span> <span class='ocrx_word' id='word_1_173' title='bbox 834 1320 992 1354; x_wconf 83' lang='lat' dir='ltr'>Steward</span> <span class='ocrx_word' id='word_1_174' title='bbox 1006 1319 1173 1367; x_wconf 71' lang='lat' dir='ltr'>presbiter</span> <span class='ocrx_word' id='word_1_175' title='bbox 1188 1317 1410 1366; x_wconf 79' lang='lat' dir='ltr'>Glasguenfis</span> <span class='ocrx_word' id='word_1_176' title='bbox 1428 1318 1578 1359; x_wconf 82' lang='lat' dir='ltr'>diocesis,</span> <span class='ocrx_word' id='word_1_177' title='bbox 1599 1319 1685 1366; x_wconf 91' lang='lat' dir='ltr'>pub-</span> 
     </span>
     <span class='ocr_line' id='line_1_20' title="bbox 303 1374 1685 1422; baseline -0.001 -12"><span class='ocrx_word' id='word_1_178' title='bbox 303 1376 390 1410; x_wconf 81' lang='lat' dir='ltr'>licus</span> <span class='ocrx_word' id='word_1_179' title='bbox 407 1376 501 1410; x_wconf 85' lang='lat' dir='ltr'>sacra</span> <span class='ocrx_word' id='word_1_180' title='bbox 518 1375 728 1409; x_wconf 65' lang='lat' dir='ltr'>aufflmritate</span> <span class='ocrx_word' id='word_1_181' title='bbox 746 1375 931 1421; x_wconf 80' lang='lat' dir='ltr'>apostolica</span> <span class='ocrx_word' id='word_1_182' title='bbox 961 1376 1129 1416; x_wconf 81' lang='lat' dir='ltr'>notarius,</span> <span class='ocrx_word' id='word_1_183' title='bbox 1159 1376 1240 1421; x_wconf 83' lang='lat' dir='ltr'>quia</span> <span class='ocrx_word' id='word_1_184' title='bbox 1269 1374 1435 1422; x_wconf 75' lang='lat' dir='ltr'>premissis</span> <span class='ocrx_word' id='word_1_185' title='bbox 1465 1375 1625 1410; x_wconf 87' lang='lat' dir='ltr'>omnibus</span> <span class='ocrx_word' id='word_1_186' title='bbox 1652 1382 1685 1409; x_wconf 89' lang='lat' dir='ltr'>et</span> 
     </span>
     <span class='ocr_line' id='line_1_21' title="bbox 303 1430 1686 1478; baseline 0 -12"><span class='ocrx_word' id='word_1_187' title='bbox 303 1431 443 1478; x_wconf 78' lang='lat' dir='ltr'>lingulis</span> <span class='ocrx_word' id='word_1_188' title='bbox 462 1432 544 1465; x_wconf 89' lang='lat' dir='ltr'>dum</span> <span class='ocrx_word' id='word_1_189' title='bbox 564 1430 607 1465; x_wconf 89' lang='lat' dir='ltr'>fic</span> <span class='ocrx_word' id='word_1_190' title='bbox 624 1436 663 1464; x_wconf 90' lang='lat' dir='ltr'>ut</span> <span class='ocrx_word' id='word_1_191' title='bbox 681 1431 895 1477; x_wconf 83' lang='lat' dir='ltr'>premittitur</span> <span class='ocrx_word' id='word_1_192' title='bbox 914 1432 1125 1472; x_wconf 83' lang='lat' dir='ltr'>dicerentur,</span> <span class='ocrx_word' id='word_1_193' title='bbox 1154 1437 1343 1477; x_wconf 79' lang='lat' dir='ltr'>agerentur</span> <span class='ocrx_word' id='word_1_194' title='bbox 1371 1437 1405 1465; x_wconf 90' lang='lat' dir='ltr'>et</span> <span class='ocrx_word' id='word_1_195' title='bbox 1434 1432 1572 1472; x_wconf 87' lang='lat' dir='ltr'>fierent,</span> <span class='ocrx_word' id='word_1_196' title='bbox 1602 1444 1686 1466; x_wconf 85' lang='lat' dir='ltr'>una-</span> 
     </span>
     <span class='ocr_line' id='line_1_22' title="bbox 306 1486 1687 1534; baseline 0 -13"><span class='ocrx_word' id='word_1_197' title='bbox 306 1500 384 1522; x_wconf 86' lang='lat' dir='ltr'>cum</span> <span class='ocrx_word' id='word_1_198' title='bbox 403 1487 539 1534; x_wconf 83' lang='lat' dir='ltr'>prefato</span> <span class='ocrx_word' id='word_1_199' title='bbox 557 1486 685 1521; x_wconf 84' lang='lat' dir='ltr'>ballivo</span> <span class='ocrx_word' id='word_1_200' title='bbox 705 1492 739 1521; x_wconf 88' lang='lat' dir='ltr'>et</span> <span class='ocrx_word' id='word_1_201' title='bbox 757 1486 952 1533; x_wconf 78' lang='lat' dir='ltr'>prescriptis</span> <span class='ocrx_word' id='word_1_202' title='bbox 970 1487 1110 1522; x_wconf 83' lang='lat' dir='ltr'>testibus</span> <span class='ocrx_word' id='word_1_203' title='bbox 1128 1486 1268 1534; x_wconf 81' lang='lat' dir='ltr'>presens</span> <span class='ocrx_word' id='word_1_204' title='bbox 1281 1487 1433 1527; x_wconf 85' lang='lat' dir='ltr'>interfui,</span> <span class='ocrx_word' id='word_1_205' title='bbox 1448 1492 1551 1533; x_wconf 84' lang='lat' dir='ltr'>atque</span> <span class='ocrx_word' id='word_1_206' title='bbox 1570 1488 1687 1521; x_wconf 87' lang='lat' dir='ltr'>omnia</span> 
     </span>
     <span class='ocr_line' id='line_1_23' title="bbox 305 1542 1685 1590; baseline -0.001 -12"><span class='ocrx_word' id='word_1_207' title='bbox 305 1550 340 1578; x_wconf 91' lang='lat' dir='ltr'>et</span> <span class='ocrx_word' id='word_1_208' title='bbox 357 1542 490 1590; x_wconf 86' lang='lat' dir='ltr'>fingula</span> <span class='ocrx_word' id='word_1_209' title='bbox 507 1542 735 1590; x_wconf 83' lang='lat' dir='ltr'>suprascripta</span> <span class='ocrx_word' id='word_1_210' title='bbox 751 1542 794 1577; x_wconf 88' lang='lat' dir='ltr'>fic</span> <span class='ocrx_word' id='word_1_211' title='bbox 813 1544 887 1577; x_wconf 88' lang='lat' dir='ltr'>fieri</span> <span class='ocrx_word' id='word_1_212' title='bbox 906 1544 987 1583; x_wconf 85' lang='lat' dir='ltr'>vidi,</span> <span class='ocrx_word' id='word_1_213' title='bbox 1015 1544 1096 1577; x_wconf 90' lang='lat' dir='ltr'>scivi</span> <span class='ocrx_word' id='word_1_214' title='bbox 1114 1549 1148 1577; x_wconf 91' lang='lat' dir='ltr'>et</span> <span class='ocrx_word' id='word_1_215' title='bbox 1167 1543 1284 1577; x_wconf 84' lang='lat' dir='ltr'>audivi</span> <span class='ocrx_word' id='word_1_216' title='bbox 1312 1556 1352 1577; x_wconf 80' lang='lat' dir='ltr'>ac</span> <span class='ocrx_word' id='word_1_217' title='bbox 1382 1543 1419 1576; x_wconf 89' lang='lat' dir='ltr'>in</span> <span class='ocrx_word' id='word_1_218' title='bbox 1448 1549 1568 1577; x_wconf 83' lang='lat' dir='ltr'>notam</span> <span class='ocrx_word' id='word_1_219' title='bbox 1599 1544 1685 1590; x_wconf 88' lang='lat' dir='ltr'>cepi,</span> 
     </span>
     <span class='ocr_line' id='line_1_24' title="bbox 304 1598 1689 1646; baseline -0.001 -12"><span class='ocrx_word' id='word_1_220' title='bbox 304 1613 346 1634; x_wconf 89' lang='lat' dir='ltr'>ex</span> <span class='ocrx_word' id='word_1_221' title='bbox 365 1612 433 1646; x_wconf 86' lang='lat' dir='ltr'>qua</span> <span class='ocrx_word' id='word_1_222' title='bbox 450 1599 516 1633; x_wconf 90' lang='lat' dir='ltr'>hoc</span> <span class='ocrx_word' id='word_1_223' title='bbox 534 1598 674 1646; x_wconf 81' lang='lat' dir='ltr'>presens</span> <span class='ocrx_word' id='word_1_224' title='bbox 691 1599 868 1646; x_wconf 90' lang='lat' dir='ltr'>publicum</span> <span class='ocrx_word' id='word_1_225' title='bbox 888 1599 1156 1633; x_wconf 87' lang='lat' dir='ltr'>instrumentum</span> <span class='ocrx_word' id='word_1_226' title='bbox 1187 1611 1293 1633; x_wconf 83' lang='lat' dir='ltr'>manu</span> <span class='ocrx_word' id='word_1_227' title='bbox 1323 1611 1400 1633; x_wconf 82' lang='lat' dir='ltr'>mea</span> <span class='ocrx_word' id='word_1_228' title='bbox 1428 1599 1570 1645; x_wconf 83' lang='lat' dir='ltr'>propria</span> <span class='ocrx_word' id='word_1_229' title='bbox 1587 1598 1689 1646; x_wconf 90' lang='lat' dir='ltr'>scrip-</span> 
     </span>
     <span class='ocr_line' id='line_1_25' title="bbox 305 1653 1688 1702; baseline -0.001 -12"><span class='ocrx_word' id='word_1_230' title='bbox 305 1662 380 1690; x_wconf 88' lang='lat' dir='ltr'>tum</span> <span class='ocrx_word' id='word_1_231' title='bbox 400 1655 526 1690; x_wconf 84' lang='lat' dir='ltr'>exinde</span> <span class='ocrx_word' id='word_1_232' title='bbox 545 1655 680 1689; x_wconf 89' lang='lat' dir='ltr'>confeci</span> <span class='ocrx_word' id='word_1_233' title='bbox 699 1660 733 1689; x_wconf 90' lang='lat' dir='ltr'>et</span> <span class='ocrx_word' id='word_1_234' title='bbox 751 1656 787 1689; x_wconf 88' lang='lat' dir='ltr'>in</span> <span class='ocrx_word' id='word_1_235' title='bbox 806 1655 895 1690; x_wconf 85' lang='lat' dir='ltr'>hauc</span> <span class='ocrx_word' id='word_1_236' title='bbox 914 1655 1087 1702; x_wconf 85' lang='lat' dir='ltr'>publicam</span> <span class='ocrx_word' id='word_1_237' title='bbox 1116 1655 1264 1689; x_wconf 86' lang='lat' dir='ltr'>formam</span> <span class='ocrx_word' id='word_1_238' title='bbox 1296 1654 1415 1700; x_wconf 83' lang='lat' dir='ltr'>redegi</span> <span class='ocrx_word' id='word_1_239' title='bbox 1444 1653 1609 1701; x_wconf 78' lang='lat' dir='ltr'>signoque</span> <span class='ocrx_word' id='word_1_240' title='bbox 1627 1668 1688 1689; x_wconf 88' lang='lat' dir='ltr'>no-</span> 
     </span>
     <span class='ocr_line' id='line_1_26' title="bbox 306 1708 1688 1758; baseline -0.001 -12"><span class='ocrx_word' id='word_1_241' title='bbox 306 1712 400 1746; x_wconf 88' lang='lat' dir='ltr'>mine</span> <span class='ocrx_word' id='word_1_242' title='bbox 418 1724 458 1746; x_wconf 84' lang='lat' dir='ltr'>ac</span> <span class='ocrx_word' id='word_1_243' title='bbox 475 1710 724 1758; x_wconf 82' lang='lat' dir='ltr'>subscriptione</span> <span class='ocrx_word' id='word_1_244' title='bbox 743 1711 828 1745; x_wconf 81' lang='lat' dir='ltr'>meis</span> <span class='ocrx_word' id='word_1_245' title='bbox 846 1711 951 1745; x_wconf 88' lang='lat' dir='ltr'>solitis</span> <span class='ocrx_word' id='word_1_246' title='bbox 970 1716 1004 1745; x_wconf 86' lang='lat' dir='ltr'>et</span> <span class='ocrx_word' id='word_1_247' title='bbox 1035 1710 1207 1745; x_wconf 85' lang='lat' dir='ltr'>consuetis</span> <span class='ocrx_word' id='word_1_248' title='bbox 1226 1708 1399 1757; x_wconf 74' lang='lat' dir='ltr'>subscripsi</span> <span class='ocrx_word' id='word_1_249' title='bbox 1418 1716 1452 1744; x_wconf 88' lang='lat' dir='ltr'>et</span> <span class='ocrx_word' id='word_1_250' title='bbox 1469 1709 1598 1756; x_wconf 83' lang='lat' dir='ltr'>fignavi</span> <span class='ocrx_word' id='word_1_251' title='bbox 1615 1725 1624 1753; x_wconf 82' lang='lat'><em>3</em></span> <span class='ocrx_word' id='word_1_252' title='bbox 1654 1716 1688 1744; x_wconf 89' lang='lat' dir='ltr'>et</span> 
     </span>
     <span class='ocr_line' id='line_1_27' title="bbox 306 1764 1689 1814; baseline -0.001 -13"><span class='ocrx_word' id='word_1_253' title='bbox 306 1767 350 1801; x_wconf 83' lang='lat' dir='ltr'>ad</span> <span class='ocrx_word' id='word_1_254' title='bbox 371 1767 540 1814; x_wconf 83' lang='lat' dir='ltr'>majorem</span> <span class='ocrx_word' id='word_1_255' title='bbox 558 1767 715 1801; x_wconf 89' lang='lat' dir='ltr'>omnium</span> <span class='ocrx_word' id='word_1_256' title='bbox 734 1765 976 1814; x_wconf 75' lang='lat' dir='ltr'>premissorum</span> <span class='ocrx_word' id='word_1_257' title='bbox 994 1766 1102 1801; x_wconf 86' lang='lat' dir='ltr'>robur</span> <span class='ocrx_word' id='word_1_258' title='bbox 1133 1772 1168 1801; x_wconf 92' lang='lat' dir='ltr'>et</span> <span class='ocrx_word' id='word_1_259' title='bbox 1195 1766 1408 1806; x_wconf 86' lang='lat' dir='ltr'>firmitatem,</span> <span class='ocrx_word' id='word_1_260' title='bbox 1429 1764 1578 1812; x_wconf 84' lang='lat' dir='ltr'>figillum</span> <span class='ocrx_word' id='word_1_261' title='bbox 1597 1779 1689 1800; x_wconf 79' lang='lat' dir='ltr'>coni-</span> 
     </span>
     <span class='ocr_line' id='line_1_28' title="bbox 308 1821 1690 1871; baseline 0 -15"><span class='ocrx_word' id='word_1_262' title='bbox 308 1835 414 1856; x_wconf 89' lang='lat' dir='ltr'>mune</span> <span class='ocrx_word' id='word_1_263' title='bbox 431 1822 533 1868; x_wconf 85' lang='lat' dir='ltr'>burgi</span> <span class='ocrx_word' id='word_1_264' title='bbox 552 1827 587 1856; x_wconf 88' lang='lat' dir='ltr'>et</span> <span class='ocrx_word' id='word_1_265' title='bbox 605 1822 752 1856; x_wconf 80' lang='lat' dir='ltr'>civitatis</span> <span class='ocrx_word' id='word_1_266' title='bbox 771 1821 992 1868; x_wconf 77' lang='lat' dir='ltr'>Glalguenfis</span> <span class='ocrx_word' id='word_1_267' title='bbox 1023 1836 1043 1857; x_wconf 84' lang='lat' dir='ltr'>a</span> <span class='ocrx_word' id='word_1_268' title='bbox 1072 1822 1301 1871; x_wconf 86' lang='lat' dir='ltr'>suprascripto</span> <span class='ocrx_word' id='word_1_269' title='bbox 1320 1822 1448 1857; x_wconf 82' lang='lat' dir='ltr'>ballivo</span> <span class='ocrx_word' id='word_1_270' title='bbox 1466 1822 1510 1856; x_wconf 83' lang='lat' dir='ltr'>ad</span> <span class='ocrx_word' id='word_1_271' title='bbox 1528 1823 1592 1857; x_wconf 85' lang='lat' dir='ltr'>hec</span> <span class='ocrx_word' id='word_1_272' title='bbox 1610 1835 1690 1857; x_wconf 87' lang='lat' dir='ltr'>cou-</span> 
     </span>
     <span class='ocr_line' id='line_1_29' title="bbox 309 1877 1690 1925; baseline 0 -13"><span class='ocrx_word' id='word_1_273' title='bbox 309 1878 465 1912; x_wconf 86' lang='lat' dir='ltr'>cedenda</span> <span class='ocrx_word' id='word_1_274' title='bbox 483 1877 601 1912; x_wconf 84' lang='lat' dir='ltr'>subtus</span> <span class='ocrx_word' id='word_1_275' title='bbox 618 1877 866 1925; x_wconf 85' lang='lat' dir='ltr'>subscriptione</span> <span class='ocrx_word' id='word_1_276' title='bbox 893 1884 928 1913; x_wconf 92' lang='lat' dir='ltr'>et</span> <span class='ocrx_word' id='word_1_277' title='bbox 953 1877 1048 1925; x_wconf 89' lang='lat' dir='ltr'>figno</span> <span class='ocrx_word' id='word_1_278' title='bbox 1067 1879 1134 1914; x_wconf 87' lang='lat' dir='ltr'>mei</span> <span class='ocrx_word' id='word_1_279' title='bbox 1153 1878 1281 1912; x_wconf 83' lang='lat' dir='ltr'>notarii</span> <span class='ocrx_word' id='word_1_280' title='bbox 1300 1879 1381 1913; x_wconf 81' lang='lat' dir='ltr'>huic</span> <span class='ocrx_word' id='word_1_281' title='bbox 1399 1878 1551 1925; x_wconf 89' lang='lat' dir='ltr'>presenti</span> <span class='ocrx_word' id='word_1_282' title='bbox 1568 1878 1690 1913; x_wconf 87' lang='lat' dir='ltr'>instru-</span> 
     </span>
     <span class='ocr_line' id='line_1_30' title="bbox 311 1933 1689 1982; baseline 0.001 -14"><span class='ocrx_word' id='word_1_283' title='bbox 311 1939 431 1968; x_wconf 88' lang='lat' dir='ltr'>mento</span> <span class='ocrx_word' id='word_1_284' title='bbox 450 1934 566 1968; x_wconf 83' lang='lat' dir='ltr'>debita</span> <span class='ocrx_word' id='word_1_285' title='bbox 584 1947 662 1968; x_wconf 87' lang='lat' dir='ltr'>cum</span> <span class='ocrx_word' id='word_1_286' title='bbox 681 1933 840 1968; x_wconf 84' lang='lat' dir='ltr'>instantia</span> <span class='ocrx_word' id='word_1_287' title='bbox 858 1947 974 1969; x_wconf 81' lang='lat' dir='ltr'>coram</span> <span class='ocrx_word' id='word_1_288' title='bbox 993 1934 1188 1982; x_wconf 88' lang='lat' dir='ltr'>prescriptis</span> <span class='ocrx_word' id='word_1_289' title='bbox 1217 1934 1358 1969; x_wconf 85' lang='lat' dir='ltr'>testibus</span> <span class='ocrx_word' id='word_1_290' title='bbox 1386 1934 1538 1981; x_wconf 84' lang='lat' dir='ltr'>appendi</span> <span class='ocrx_word' id='word_1_291' title='bbox 1565 1947 1689 1981; x_wconf 90' lang='lat' dir='ltr'>procu-</span> 
     </span>
     <span class='ocr_line' id='line_1_31' title="bbox 309 1988 1688 2036; baseline 0.001 -13"><span class='ocrx_word' id='word_1_292' title='bbox 309 1989 394 2030; x_wconf 83' lang='lat' dir='ltr'>ravi,</span> <span class='ocrx_word' id='word_1_293' title='bbox 422 1994 565 2036; x_wconf 84' lang='lat' dir='ltr'>rogatus</span> <span class='ocrx_word' id='word_1_294' title='bbox 584 2002 622 2024; x_wconf 81' lang='lat' dir='ltr'>ac</span> <span class='ocrx_word' id='word_1_295' title='bbox 641 1988 832 2035; x_wconf 79' lang='lat' dir='ltr'>requisitus,</span> <span class='ocrx_word' id='word_1_296' title='bbox 853 1991 888 2024; x_wconf 92' lang='lat' dir='ltr'>in</span> <span class='ocrx_word' id='word_1_297' title='bbox 906 1991 1011 2025; x_wconf 88' lang='lat' dir='ltr'>fidem</span> <span class='ocrx_word' id='word_1_298' title='bbox 1043 1996 1076 2026; x_wconf 85' lang='lat' dir='ltr'>et</span> <span class='ocrx_word' id='word_1_299' title='bbox 1104 1990 1339 2025; x_wconf 88' lang='lat' dir='ltr'>testimonium</span> <span class='ocrx_word' id='word_1_300' title='bbox 1358 1990 1513 2025; x_wconf 86' lang='lat' dir='ltr'>veritatis</span> <span class='ocrx_word' id='word_1_301' title='bbox 1532 1991 1688 2025; x_wconf 86' lang='lat' dir='ltr'>omnium</span> 
     </span>
     <span class='ocr_line' id='line_1_32' title="bbox 311 2044 1641 2092; baseline 0.001 -13"><span class='ocrx_word' id='word_1_302' title='bbox 311 2044 564 2092; x_wconf 89' lang='lat' dir='ltr'>premissorum.</span> <span class='ocrx_word' id='word_1_303' title='bbox 1277 2046 1452 2081; x_wconf 82' lang='lat' dir='ltr'>vilelmus</span> <span class='ocrx_word' id='word_1_304' title='bbox 1472 2046 1641 2082; x_wconf 83' lang='lat' dir='ltr'>Steward.</span> 
     </span>
    </p>
   </div>
   <div class='ocr_carea' id='block_1_3' title="bbox 218 2212 1121 2261">
    <p class='ocr_par' dir='ltr' id='par_1_3' title="bbox 218 2212 1121 2261">
     <span class='ocr_line' id='line_1_33' title="bbox 218 2212 1121 2261; baseline 0.002 -14"><span class='ocrx_word' id='word_1_305' title='bbox 218 2214 325 2247; x_wconf 83' lang='lat' dir='ltr'>Carta</span> <span class='ocrx_word' id='word_1_306' title='bbox 343 2213 386 2247; x_wconf 87' lang='lat' dir='ltr'>de</span> <span class='ocrx_word' id='word_1_307' title='bbox 404 2213 573 2259; x_wconf 82' lang='lat' dir='ltr'>burgagio</span> <span class='ocrx_word' id='word_1_308' title='bbox 593 2214 628 2247; x_wconf 88' lang='lat' dir='ltr'>in</span> <span class='ocrx_word' id='word_1_309' title='bbox 646 2213 676 2247; x_wconf 76' lang='lat' dir='ltr'>le</span> <span class='ocrx_word' id='word_1_310' title='bbox 693 2212 887 2261; x_wconf 78' lang='lat' dir='ltr'>fischargait</span> <span class='ocrx_word' id='word_1_311' title='bbox 905 2215 948 2249; x_wconf 90' lang='lat' dir='ltr'>de</span> <span class='ocrx_word' id='word_1_312' title='bbox 967 2213 1121 2260; x_wconf 82' lang='lat' dir='ltr'>Glasgw.</span> 
     </span>
    </p>
   </div>
   <div class='ocr_carea' id='block_1_4' title="bbox 217 2325 1694 2375">
    <p class='ocr_par' dir='ltr' id='par_1_4' title="bbox 217 2325 1694 2375">
     <span class='ocr_line' id='line_1_34' title="bbox 217 2325 1694 2375; baseline 0.003 -15"><span class='ocrx_word' id='word_1_313' title='bbox 217 2325 457 2361; x_wconf 87' lang='lat' dir='ltr'><strong>OMNIBUS</strong></span> <span class='ocrx_word' id='word_1_314' title='bbox 483 2326 527 2360; x_wconf 87' lang='lat' dir='ltr'>ad</span> <span class='ocrx_word' id='word_1_315' title='bbox 545 2338 694 2372; x_wconf 88' lang='lat' dir='ltr'>quorum</span> <span class='ocrx_word' id='word_1_316' title='bbox 713 2326 888 2374; x_wconf 75' lang='lat' dir='ltr'>aspe6tum</span> <span class='ocrx_word' id='word_1_317' title='bbox 907 2326 1046 2374; x_wconf 86' lang='lat' dir='ltr'>presens</span> <span class='ocrx_word' id='word_1_318' title='bbox 1078 2327 1242 2375; x_wconf 86' lang='lat' dir='ltr'>scriptum</span> <span class='ocrx_word' id='word_1_319' title='bbox 1270 2328 1471 2375; x_wconf 80' lang='lat' dir='ltr'>pervenerit</span> <span class='ocrx_word' id='word_1_320' title='bbox 1491 2328 1607 2364; x_wconf 85' lang='lat' dir='ltr'>Adam</span> <span class='ocrx_word' id='word_1_321' title='bbox 1626 2329 1694 2364; x_wconf 87' lang='lat' dir='ltr'>dic-</span> 
     </span>
    </p>
   </div>
  </div>
 </body>
</html>
