1870 2683
200 283 270 315 34⁴2
596 273 911 310 REGISTRUM
941 273 1278 308 MONASTERII

204 376 276 410 filio
295 371 520 410 Laterauenfi
536 377 674 406 taxatus
692 381 762 417 quo
779 369 905 417 prelati
936 370 972 403 in
1003 368 1222 404 ecclefiarum
1249 368 1499 403 vifitationibus
1516 368 1580 404 sint
1606 383 1686 404 con-

205 432 304 466 tenti.
357 430 409 463 Ea
425 432 570 475 propter
589 427 708 461 dileeti
726 427 763 460 in
783 425 941 459 Domino
961 425 1023 460 filii
1041 425 1159 460 vestris
1176 424 1485 472 supplicationibus
1514 425 1682 467 inclinati,

205 485 390 534 providere
408 483 566 519 volentes
584 496 628 517 ne
647 482 828 528 contingat
846 480 1001 516 ecelefias
1018 480 1145 515 vestras
1163 486 1286 515 contra
1299 480 1423 515 statuta
1438 481 1589 528 ejusdem
1603 495 1684 516 con-

206 543 275 577 cilii
292 540 484 588 aggravari,
515 539 725 574 arnstoritate
742 537 954 585 presentium
972 537 1159 572 districtius
1185 537 1381 572 inhibemus
1407 544 1447 572 ut
1474 537 1624 585 episcopi
1651 544 1685 573 et

207 599 264 633 alii
281 597 406 645 prelati
423 596 547 643 quibus
566 596 688 630 eedem
707 593 845 630 ecclesie
876 595 913 628 in
942 593 1176 641 spiritualibus
1203 593 1282 629 sunt
1312 593 1458 641 subjecti
1488 594 1686 641 predictum

207 666 395 690 numerum
413 653 449 687 in
466 651 622 700 personis
640 657 674 686 et
693 650 934 686 evectionibus
952 663 1030 684 cnm
1049 650 1124 684 illas
1136 649 1273 685 visitant
1284 663 1357 684 non
1371 650 1553 691 excedant,
1573 663 1687 696 neque

208 724 270 746 vos
287 710 477 745 teneamini
507 709 555 743 eis
585 708 850 756 procurationes
875 707 969 741 ultra
1000 707 1132 741 dietum
1152 719 1340 741 numerum
1360 707 1535 741 exhibere.
1588 706 1689 741 Nulli

209 780 294 814 ergo
313 766 457 800 omnino
476 765 656 799 hominum
675 764 777 798 liceat
789 763 878 797 hanc
890 764 1052 810 paginam
1066 763 1180 798 nostre
1194 763 1411 798 inhibitionis
1426 764 1617 810 infringere
1632 764 1688 798 vel

211 824 242 858 ei
254 822 336 858 ausu
348 822 535 856 temerario
550 821 736 856 contraire.
765 819 800 854 Si
813 819 888 866 quis
901 825 1017 854 autem
1033 820 1100 854 hoc
1114 825 1322 867 attemptare
1336 819 1567 866 prelinnserit,
1583 820 1693 866 indig-

210 880 389 914 nationem
402 878 652 925 omnipotentis
660 876 731 911 Dei
746 882 781 911 et
793 876 976 910 beatorum
984 876 1080 910 Petri
1093 881 1127 910 et
1135 875 1235 910 Pauli
1250 875 1486 923 apostolorum
1496 876 1570 923 ejus
1583 875 1616 911 se
1630 889 1692 910 no-

215 936 304 972 verit
317 933 548 970 incursurum.
576 933 711 967 Datum
726 932 857 979 Spoleti
874 931 986 966 Nonis
993 931 1017 968 J
1020 932 1105 972 unii,
1121 932 1344 979 pontificatus
1355 932 1461 967 nostri
1473 945 1566 967 anno
1580 932 1688 967 sexto.

216 1104 319 1139 Bulla
336 1104 379 1138 de
398 1102 675 1142 confirmatione,
698 1102 799 1148 super
818 1101 952 1136 vicariis
971 1106 1005 1135 et
1022 1101 1339 1148 procurationibus.

215 1215 526 1252 GREGORIUS
541 1214 758 1261 [episcopus]
775 1212 893 1248 servus
908 1213 1088 1248 servorum
1097 1214 1168 1249 Dei
1184 1214 1320 1248 dilesz'cis
1331 1214 1410 1248 filiis
1418 1214 1551 1249 Abbati
1564 1220 1598 1249 et
1613 1228 1695 1249 con-

214 1273 336 1308 ventui
352 1272 394 1306 de
404 1269 561 1311 Paffelet,
573 1268 811 1305 Cluniacenfis
820 1269 1189 1316 ordiniS,Glai}3”uenfis
1204 1269 1512 1311 diocefis,salutem
1523 1276 1557 1305 et
1565 1271 1697 1318 aposto-

214 1331 317 1364 licam
330 1328 624 1363 benedictionem.
657 1327 749 1361 Cum
765 1340 784 1361 a
798 1326 898 1361 nobis
909 1327 1042 1374 petitur
1056 1326 1289 1374 quodjustum
1306 1326 1353 1361 est
1366 1333 1400 1361 et
1412 1326 1605 1368 honestum,
1623 1333 1694 1362 tam

216 1386 316 1432 vigor
334 1384 495 1431 equitatis
512 1396 616 1430 quam
636 1383 724 1417 ordo
743 1383 850 1429 exigit
868 1383 1012 1417 rationis
1026 1389 1065 1417 ut
1079 1383 1114 1417 id
1128 1396 1190 1430 per
1204 1383 1458 1417 solicitudinem
1473 1383 1577 1417 officii
1589 1383 1695 1418 nostri

216 1442 259 1476 ad
278 1441 434 1476 debitum
452 1440 666 1487 perducatur
682 1439 857 1474 effectum.
910 1439 965 1473 Ex
983 1439 1092 1474 vestra
1109 1439 1273 1486 liquidem
1288 1446 1388 1487 parte
1401 1440 1467 1474 fuit
1480 1439 1694 1487 propositum

217 1510 334 1532 coram
353 1497 453 1531 nobis
471 1496 565 1542 quod
584 1508 663 1541 cum
683 1496 775 1530 inter
793 1508 855 1530 vos
875 1508 916 1530 ex
934 1502 1032 1542 parte
1051 1509 1122 1530 una
1148 1502 1182 1531 et
1208 1496 1442 1531 venerabilem
1460 1497 1602 1530 fratrem
1622 1496 1697 1530 nos-

217 1560 311 1589 trum
332 1552 542 1600 Episcopum
562 1560 596 1586 et
616 1552 806 1599 capitulum
827 1551 1041 1598 Glasguense
1061 1565 1103 1586 ex
1121 1553 1241 1592 altera,
1264 1551 1366 1599 super
1384 1553 1543 1586 taxandis
1561 1553 1697 1586 vicariis

218 1612 255 1644 in
274 1608 420 1644 eeclefiis
438 1622 522 1655 quas
549 1609 585 1642 in
612 1607 818 1654 Glasguenfi
844 1607 967 1642 diocefi
986 1608 1161 1649 obtinetis,
1181 1621 1299 1643 coram
1318 1608 1409 1642 bone
1427 1609 1595 1642 memorIe
1617 1608 1697 1642 Hu-

218 1678 311 1713 gone
329 1663 546 1699 Lesmorenfi
564 1663 723 1711 episcopo
742 1670 776 1698 et
795 1664 1034 1711 conjudicibus
1051 1664 1118 1699 suis
1135 1665 1346 1699 auctoritate
1363 1664 1549 1711 apostolica
1565 1664 1696 1710 questio

220 1726 444 1764 verteretur;
472 1721 614 1755 tandem
645 1720 687 1754 de
719 1719 871 1767 ipsorum
889 1719 1021 1755 assensu
1045 1721 1205 1768 judicum
1231 1721 1297 1754 fuit
1322 1720 1424 1767 super
1449 1721 1527 1761 hoc,
1558 1733 1697 1755 necnon

219 1778 321 1826 super
339 1777 643 1825 procurationibus
671 1790 710 1810 ac
738 1776 813 1810 aliis
840 1776 1058 1811 ecclesiarum
1078 1776 1225 1824 iplarum
1254 1777 1428 1817 oneribus
1461 1777 1543 1812 hinc
1560 1778 1642 1812 inde
1660 1778 1696 1811 in

220 1835 419 1882 magistrum
441 1835 633 1882 Hugonem
653 1834 935 1868 archidiaconum
952 1833 1202 1880 Glasguensem
1223 1839 1257 1868 et
1275 1834 1350 1881 ejus
1368 1833 1519 1880 collegas
1530 1840 1696 1880 tanquam

220 1893 256 1926 in
275 1892 423 1926 arbitros
442 1889 734 1938 compromiffum,
754 1891 812 1936 qui
831 1903 958 1937 equum
970 1890 1071 1937 super
1083 1890 1147 1924 hiis
1161 1889 1342 1924 arbitrium
1357 1890 1593 1937 protulerunt.
1623 1890 1699 1924 Nos

225 1961 309 1995 ergo
327 1947 445 1983 vestris
457 1947 556 1994 justis
570 1946 875 1994 supplicationibus
889 1947 1056 1987 inclinati,
1073 1946 1254 1980 arbitrium
1268 1945 1388 1993 ipsum,
1404 1945 1488 1980 ficut
1506 1946 1553 1980 est
1571 1959 1699 1992 equum

225 2011 257 2039 et
276 2017 296 2039 a
312 2004 469 2052 partibus
486 2004 607 2050 sponte
626 2009 806 2050 receptum
826 2016 865 2037 ac
884 2003 919 2037 in
939 2003 1106 2037 confectis
1125 2003 1206 2037 inde
1224 2003 1349 2037 litteris
1368 2002 1495 2037 dicitur
1513 2003 1696 2042 contineri,

224 2061 434 2096 aufflmritate
452 2059 638 2107 apostolica
656 2060 904 2094 confirmamus
923 2066 957 2094 et
975 2060 1142 2107 presentis
1159 2059 1274 2107 scripti
1293 2060 1490 2106 patrocinio
1509 2060 1700 2093 communi-

223 2131 309 2152 mus.
362 2117 463 2152 Nulli
483 2129 567 2163 ergo
586 2117 730 2150 omnino
748 2116 929 2150 hominum
949 2116 1051 2151 liceat
1069 2117 1158 2150 hanc
1184 2116 1345 2163 pagiuam
1377 2115 1491 2149 nostre
1518 2115 1700 2149 confirma-

225 2174 329 2208 tionis
340 2174 531 2219 infringere
545 2173 601 2207 vel
620 2173 651 2207 ei
669 2173 752 2207 ausu
767 2173 953 2207 temerario
968 2173 1153 2207 contraire.
1207 2173 1242 2207 Si
1257 2172 1331 2218 quis
1346 2178 1461 2206 autem
1477 2172 1543 2206 hoc
1557 2178 1702 2218 attemp-

226 2236 300 2264 tare
320 2228 573 2276 presumpserit,
594 2229 873 2276 indignationem
905 2230 1155 2276 omnipotentis
1186 2228 1256 2263 Dei
1288 2235 1323 2263 et
1352 2228 1534 2263 beatorum
1554 2227 1649 2262 Petri
1668 2233 1701 2261 et

229 2286 329 2320 Pauli
355 2286 589 2332 apostolorum
618 2286 692 2333 ejus
721 2286 754 2320 se
785 2286 924 2320 noverit
942 2285 1173 2321 incursurum.
1226 2285 1359 2319 Datum
1382 2284 1514 2331 Spoleti
1541 2284 1587 2317 iiii
1617 2283 1702 2316 Idus

227 2342 336 2383 Junii,
356 2342 578 2389 pontificatus
596 2341 702 2376 nostri
720 2355 813 2377 anno
831 2342 938 2377 sexto.
