1839 2652
701 279 772 316 DE
800 277 1069 315 PASSELET.
1581 279 1627 309 <23

146 379 287 416 Olifard
310 378 500 426 justiciario
520 378 715 419 Laudonie‚
746 377 945 424 Reginaldo
978 376 1020 411 de
1049 374 1226 412 Crauford
1253 372 1458 408 vicecomite
1477 372 1520 406 de
1541 371 1627 412 Are,

147 435 330 470 Macolmo
350 434 520 476 Loccard,
549 434 729 469 Macolmo
747 434 820 468 filio
840 433 923 480 ejus,
955 432 1155 479 Reginaldo
1179 431 1252 465 filio
1272 429 1377 476 Glay,
1404 428 1427 464 J
1431 429 1568 463 ohanne
1588 428 1631 462 de

147 491 371 538 Mungumri,
394 491 555 526 Hefiffire
574 491 616 525 de
636 490 768 530 Carrio,
789 488 950 535 magistro
971 487 1128 534 Hugone
1144 487 1186 522 de
1202 485 1434 525 Normavilla,
1454 484 1629 524 Wilelmo,

148 548 258 588 Luca,
287 546 446 588 Odardo,
467 547 666 594 capellanis,
696 545 860 580 Wilelmo
880 545 922 579 de
942 544 1116 591 Pertheye
1144 548 1179 578 et
1200 543 1360 577 Roberto
1380 540 1542 582 Ellesam,
1564 540 1630 574 cle-

148 606 239 645 ricis,
268 610 303 639 et
321 605 395 639 aliis
412 604 544 638 multis.

151 773 259 807 Carta
272 770 418 806 Walteri
436 770 589 812 secundi,
609 771 671 805 filii
691 770 810 810 Alani,
832 770 875 804 de
888 769 1131 815 Drumgrane,
1148 766 1335 814 Drumley,
1357 771 1391 801 et
1411 765 1632 801 Petihaucin-

152 840 282 875 gowm.

156 939 395 975 OMNIBUS
410 938 536 973 Christi
551 938 712 973 fidelibus
726 937 942 985 presentibus
957 942 991 971 et
1005 937 1143 977 futuris,
1155 935 1332 970 Walterus
1346 935 1438 969 filius
1447 935 1565 975 Alani,
1575 935 1634 969 do-

156 996 242 1030 mini
256 995 364 1041 Regis
380 994 495 1029 Scotie
509 993 724 1035 senescallus,
740 993 896 1028 salutem.
919 993 1101 1028 Noveritis
1115 1005 1182 1033 me,
1199 992 1316 1027 divine
1328 992 1480 1027 caritatis
1493 991 1635 1031 intuitu,

156 1049 361 1092 concesfifi'e,
390 1048 517 1085 dediffe
536 1056 570 1085 et
587 1051 651 1085 hac
678 1056 773 1085 carta
799 1063 876 1084 mea
903 1047 1119 1085 confirmaffe
1146 1049 1229 1084 Deo
1255 1054 1290 1083 et
1318 1049 1509 1083 conventui
1538 1048 1638 1083 beate

159 1107 276 1142 Marie
295 1107 337 1142 de
356 1107 541 1141 Dalmulin
559 1105 661 1154 super
682 1106 766 1147 Are,
795 1112 905 1141 totam
924 1111 1053 1140 terram
1077 1111 1111 1140 et
1137 1105 1310 1153 pasturam
1339 1106 1381 1140 de
1409 1104 1586 1151 Drumley
1605 1112 1640 1139 et

160 1162 408 1210 Swynessiales,
437 1176 516 1197 cum
547 1163 708 1197 omnibus
738 1163 828 1196 infra
857 1162 933 1196 istas
964 1161 1085 1196 divisas
1113 1163 1286 1197 contentis
1301 1176 1310 1204 ;
1337 1161 1466 1196 scilicet
1493 1167 1527 1195 et
1557 1160 1640 1196 ficut

160 1220 293 1254 rivulus
312 1219 403 1254 cadit
421 1219 463 1253 de
483 1218 681 1265 Cunigham
697 1219 788 1253 inter
801 1218 955 1253 Barbeth
968 1224 1002 1254 et
1018 1219 1262 1266 Cnocclieyad,
1280 1224 1315 1253 et
1327 1217 1412 1253 ficut
1429 1218 1488 1253 ille
1507 1218 1641 1252 rivulus

162 1274 338 1310 deseendit
349 1274 455 1321 usque
470 1275 506 1308 in
517 1275 669 1309 rivulum
686 1275 728 1309 de
736 1274 955 1321 Drumgran,
964 1280 998 1310 et
1012 1275 1093 1310 inde
1106 1274 1324 1310 ascendendo
1335 1274 1442 1321 usque
1456 1274 1492 1308 in
1500 1274 1640 1314 sih-eth,

162 1332 222 1378 qui
240 1330 416 1366 descendit
433 1330 551 1365 subtus
566 1336 719 1366 veterem
736 1331 880 1365 domum
899 1343 1012 1366 meam
1030 1330 1149 1366 versus
1167 1331 1379 1377 aquilonem,
1400 1336 1434 1365 et
1447 1330 1531 1365 ficut
1550 1331 1642 1365 idem

164 1387 293 1422 Silreth
311 1387 403 1422 cadit
421 1387 456 1420 in
474 1386 707 1421 transversum
726 1387 762 1421 in
782 1386 955 1428 Laveran,
977 1392 1012 1422 et
1028 1400 1091 1434 per
1111 1387 1274 1422 Laveran
1291 1386 1509 1421 ascendendo
1536 1386 1643 1433 usque

163 1443 208 1478 ad
226 1442 348 1478 divisas
365 1448 459 1477 terre
477 1456 544 1489 que
561 1443 628 1477 fuit
648 1443 797 1477 Roberti
816 1443 910 1478 Croe
929 1443 971 1477 de
986 1442 1158 1484 Neliston,
1179 1448 1214 1478 et
1231 1442 1274 1477 fic
1292 1456 1354 1490 per
1373 1442 1507 1478 easdem
1523 1443 1644 1477 divilas

164 1505 257 1534 terre
277 1499 426 1534 Roberti
445 1499 538 1533 Croc
556 1498 662 1545 usque
680 1500 724 1533 ad
753 1498 875 1534 divisas
893 1500 936 1534 de
956 1499 1179 1546 Cunigham:
1210 1500 1301 1534 Item
1324 1505 1434 1534 totam
1462 1505 1591 1534 terram
1611 1507 1646 1534 et

164 1555 334 1603 pasturam
355 1555 398 1589 de
417 1555 755 1601 Petiliaucingowin,
784 1568 863 1590 cum
891 1556 1052 1591 omnibus
1078 1557 1169 1591 infra
1194 1556 1270 1590 istas
1297 1555 1419 1590 divisas
1446 1558 1644 1599 contentis,

165 1611 294 1646 scilicet
308 1616 342 1646 et
359 1610 443 1646 ficut
461 1611 596 1646 rivulus
614 1611 657 1646 de
677 1612 876 1659 Ardecapel
896 1613 1071 1649 descendit
1089 1615 1125 1648 in
1144 1615 1259 1649 lacum
1279 1615 1321 1649 de
1341 1614 1572 1653 Locwinnoc,
1612 1621 1647 1648 et

167 1667 211 1702 fic
228 1666 447 1702 ascendendo
464 1680 527 1714 per
545 1667 696 1702 eundem
715 1668 869 1703 rivulum
895 1670 1002 1717 ulique
1028 1671 1064 1705 in
1094 1670 1291 1705 Merburen
1318 1683 1380 1718 per
1406 1669 1493 1718 ipsas
1512 1670 1645 1712 divif'as,

167 1738 230 1773 per
247 1738 332 1772 quas
351 1725 557 1760 Alexander
573 1725 665 1759 filius
685 1725 852 1772 Hugonis
869 1726 975 1774 ipsam
997 1732 1126 1762 terram
1155 1727 1198 1761 de
1225 1740 1280 1761 me
1307 1727 1495 1773 aliquando
1522 1729 1646 1767 tenuit,

169 1788 204 1816 et
220 1781 264 1816 fic
280 1794 343 1829 per
371 1781 568 1816 Merburen
587 1781 828 1817 descendendo
846 1782 953 1830 usque
971 1784 1007 1817 in
1034 1784 1189 1818 rivulum
1208 1784 1266 1830 qui
1294 1783 1471 1818 descendit
1497 1783 1540 1817 de
1560 1783 1649 1817 Loc-

169 1844 287 1879 taneu,
315 1843 350 1873 et
367 1851 430 1885 per
447 1839 599 1873 eundem
617 1839 771 1874 rivulum
791 1839 1033 1874 descendendo
1051 1839 1158 1886 usque
1176 1840 1212 1873 in
1232 1839 1485 1880 Locwinnock‚
1515 1846 1549 1874 et
1568 1840 1649 1874 inde

170 1908 233 1943 per
259 1895 369 1942 ripam
396 1895 440 1930 de
471 1895 715 1930 Locwinnock
742 1894 849 1942 usque
876 1897 912 1931 in
942 1896 1141 1943 predifihun
1174 1896 1328 1930 rivulum
1360 1896 1402 1930 (le
1426 1896 1648 1942 Ardecapel;

172 1951 361 1986 Tenendas
380 1957 415 1986 et
432 1951 618 1992 habendas,
648 1964 728 1986 eum
747 1952 908 1987 omnibus
926 1953 1146 2000 pertinentiis
1172 1952 1250 1993 suis,
1271 1952 1499 1993 libertatibus,
1529 1957 1563 1986 et
1581 1951 1650 1986 aifi-

172 2008 309 2048 mentis,
339 2008 375 2041 in
392 2020 515 2054 puram
534 2013 569 2042 et
586 2013 791 2055 perpetuam
818 2008 1049 2049 elemofinam,
1077 2009 1221 2043 liberam
1249 2013 1283 2043 et
1309 2009 1460 2054 quietam
1487 2008 1528 2041 ab
1555 2009 1651 2041 omni

172 2064 317 2099 seculari
334 2063 474 2099 servitio
493 2070 527 2099 et
546 2065 754 2108 exa6’d0ne3
777 2065 939 2100 Retentis
957 2065 1041 2099 mihi
1056 2070 1090 2100 et
1105 2064 1290 2099 heredibus
1302 2065 1396 2104 meis,
1418 2064 1453 2097 in
1467 2063 1532 2097 hiis
1550 2065 1651 2098 terris

174 2126 209 2155 et
226 2120 370 2167 pasturis
386 2120 563 2167 prediefis,
591 2121 672 2155 feris
691 2126 725 2155 et
751 2122 871 2156 avibus
897 2121 1168 2156 tantummodo:
1207 2120 1262 2153 Ita
1287 2125 1404 2153 tamen
1431 2119 1525 2164 quod
1551 2119 1653 2154 liceat

173 2176 309 2223 prefato
324 2176 524 2217 conventui,
540 2176 739 2223 ubicunque
753 2177 933 2212 voluerint
950 2178 1040 2211 infra
1051 2176 1225 2223 medietas
1239 2174 1371 2215 divisas,
1392 2174 1564 2215 edificare,
1580 2179 1653 2220 [et]

175 2230 336 2267 effartare
361 2237 402 2266 ut
428 2232 547 2266 domui
566 2232 623 2267 sue
641 2233 794 2270 viderInt
813 2234 988 2281 expedire,
1015 2231 1139 2278 absque
1166 2230 1319 2265 molestia
1338 2236 1372 2265 et
1390 2231 1652 2278 impedimento.

176 2287 254 2335 Ego
271 2300 357 2323 vero
376 2287 553 2323 Walterus
571 2294 606 2323 et
623 2289 769 2323 heredes
799 2290 868 2324 mei
885 2288 1200 2327 warantizabimus,
1228 2287 1515 2333 adquietabimus,
1544 2294 1579 2322 et
1597 2289 1654 2323 de-

175 2344 356 2379 fendemus
381 2343 640 2392 imperpetuum
668 2344 750 2380 Deo
778 2351 812 2380 et
837 2345 974 2392 prefato
1000 2344 1190 2379 conventui
1228 2343 1328 2379 beate
1356 2343 1472 2379 Marie
1499 2344 1542 2379 de
1569 2344 1655 2379 Dal-
