1870 2683
739 277 811 312 DE
840 277 1109 313 PASSELET.
1603 281 1673 317 339

188 374 324 415 doctor,
353 375 618 409 archidiaconus
637 374 869 421 GlasgueiifiS‚
898 374 1142 421 subdelegatus
1161 379 1195 408 et
1218 372 1467 408 commiffarius
1485 375 1669 408 reverendi

186 431 223 464 in
242 430 379 465 Christo
398 432 506 478 patris
524 437 559 465 et
577 431 710 465 domini
730 431 863 465 domini
883 430 1020 465 Mathei
1038 429 1258 478 permiflione
1274 430 1392 464 divina
1403 429 1552 477 episcopi
1571 430 1670 465 Glas-

186 487 322 533 guenfis
341 501 360 521 a
378 487 592 522 sacrosancta
609 488 687 522 sede
706 487 891 535 apostolica
908 488 951 521 ad
970 486 1198 522 visitationem
1219 492 1462 534 exemptorum
1489 486 1580 520 infra
1597 487 1669 521 dio-

188 542 286 578 0011111
311 543 563 590 Glasguensem
592 544 753 591 delegati,
782 550 888 591 prout
918 557 981 591 per
1010 543 1190 591 publicum
1220 543 1487 578 instrumentum
1515 543 1557 577 de
1577 543 1671 577 dicta

189 598 425 634 commistione
437 601 638 635 confectum
651 606 795 647 apparet
810 600 999 641 manifeste,
1016 601 1156 647 cognita
1169 599 1268 634 causa
1282 606 1316 634 et
1331 598 1565 634 controversia
1575 605 1671 634 mota

188 657 281 691 inter
312 657 447 691 dictum
478 657 712 692 reverendum
743 658 779 691 in
811 657 948 692 Christo
976 662 1111 704 patrem
1139 662 1173 691 et
1204 656 1419 691 venerabiles
1437 669 1476 690 ac
1494 655 1671 701 religiosos

188 713 281 746 viros
298 713 497 748 Johannem
524 712 745 760 permistione
773 713 891 748 divina
918 713 1076 747 abbatem
1107 719 1142 747 et
1172 718 1385 748 conventum
1405 712 1601 747 monasterii
1629 712 1671 746 de

190 768 335 810 Pafleto,
355 770 490 803 ordinis
506 769 754 810 Cluniacenfis‚
770 769 992 816 Glasguenfis
1005 768 1155 810 diocesis,
1171 769 1347 804 occafione
1366 768 1568 803 vilitationis
1586 769 1670 816 ipso-

190 839 268 860 rum
287 832 322 861 et
340 827 425 861 die‘ti
443 825 494 860 sui
506 826 705 861 monasterii
720 841 729 869 3
751 832 785 860 et
803 826 954 861 finaliter
967 827 1165 867 terminata,
1178 826 1349 861 relaxavit
1360 826 1510 873 penitus,
1527 826 1671 859 omnino

190 889 224 917 et
241 883 500 930 imperpetuum
520 896 642 917 omnes
659 881 833 930 processus
852 888 886 917 et
903 882 1091 917 sententias
1120 883 1207 917 latas
1234 896 1296 930 per
1328 883 1462 917 dictum
1491 882 1672 916 dominum

191 939 402 987 Episcopum
429 944 553 974 contra
582 939 735 987 prefatos
768 939 955 980 Abbatem,
985 945 1199 974 conventum
1231 945 1265 973 et
1293 938 1538 973 monasterium
1557 937 1672 984 supra-

191 996 325 1030 dictum
345 994 521 1030 occafione
540 995 743 1031 visitationis
762 997 1017 1043 prenominate,
1045 995 1209 1030 videlicet
1240 994 1611 1029 excommunicationis
1638 994 1673 1027 in

193 1052 370 1087 Abbatem
398 1058 433 1087 et
459 1052 612 1100 fingulos
630 1053 832 1094 monachos,
860 1051 1085 1100 suspensionis
1111 1053 1147 1086 in
1178 1057 1405 1091 conventum,
1434 1056 1468 1086 et
1494 1049 1673 1085 interdiffl

193 1109 228 1142 in
246 1107 357 1156 ipsum
375 1109 622 1144 monasterium
641 1115 676 1144 et
695 1108 869 1144 ecclefiam
888 1108 1052 1156 ejusdem,
1069 1121 1208 1143 necnon
1226 1108 1495 1155 aggravationis,
1515 1118 1675 1153 reaggra-

192 1165 353 1206 vationis‚
382 1164 658 1211 sequestrationis
686 1171 722 1200 et
751 1166 932 1200 fructuum
951 1164 1207 1206 subtractionis,
1236 1178 1275 1200 ac
1293 1164 1382 1212 ipsos
1401 1164 1583 1198 dominum
1603 1162 1675 1196 Ab-

193 1222 309 1257 batem
328 1228 363 1257 et
381 1228 595 1257 conventum
614 1222 657 1257 ab
675 1222 802 1258 eisdem
821 1221 1029 1270 proceffibus
1047 1221 1204 1262 absolvit,
1236 1222 1447 1256 auctoritate
1465 1219 1523 1254 fibi
1550 1220 1586 1253 111
1612 1219 1674 1252 hac

195 1283 293 1326 parte
313 1277 498 1319 commiffa,
528 1292 567 1313 ac
584 1279 737 1326 prefatos
756 1279 931 1314 Abbateni
949 1277 1167 1325 singulosque
1186 1279 1375 1312 monachos
1402 1283 1435 1311 et
1463 1281 1675 1311 conventum

196 1334 349 1382 ejusdem
368 1335 566 1369 monasterii
585 1336 628 1370 de
647 1335 781 1370 Passeto
800 1334 974 1370 absolutos
993 1333 1059 1370 effe
1078 1335 1243 1375 decrevit,
1273 1334 1461 1368 declaravit
1479 1338 1513 1367 et
1539 1331 1675 1379 publice

198 1392 455 1438 pronunciavit.
509 1392 621 1439 Super
639 1392 762 1438 quibus
781 1392 942 1426 omnibus
973 1398 1006 1426 et
1036 1391 1177 1438 singulis
1203 1399 1273 1426 tam
1301 1391 1386 1425 (11611
1406 1389 1526 1424 Abbas
1544 1394 1578 1423 et
1597 1399 1677 1421 con-

196 1453 322 1482 ventus
340 1459 443 1494 quam
463 1448 566 1482 etiam
586 1448 749 1482 dominus
768 1448 1048 1483 Archidiaconus
1065 1449 1220 1496 prefatus
1233 1448 1411 1495 petierunt
1429 1460 1449 1480 a
1465 1458 1520 1480 me
1539 1443 1677 1479 notario

197 1503 337 1550 publico
355 1503 573 1551 infrascripto
601 1503 660 1539 fibi
688 1505 763 1540 fieri
782 1518 892 1539 unum
911 1505 967 1539 vel
986 1505 1088 1552 plura
1117 1505 1295 1552 publicum
1326 1503 1595 1538 instrumentum
1622 1500 1677 1535 vel

196 1559 335 1607 publica
352 1559 592 1595 instrumenta.
645 1561 741 1596 Aeta
758 1562 901 1596 fuerunt
919 1561 982 1596 1100
1000 1561 1093 1608 apud
1120 1562 1316 1596 manerium
1336 1561 1378 1595 de
1407 1560 1503 1594 Lacu
1522 1559 1608 1593 dicti
1626 1571 1677 1592 re-

197 1617 341 1651 verendi
361 1617 395 1651 in
416 1617 553 1652 Christo
571 1618 691 1665 patris,
721 1619 756 1652 in
783 1619 916 1665 capella
942 1617 1105 1665 ejusdem,
1134 1618 1351 1665 presentibus
1369 1616 1626 1651 venerabilibus
1644 1622 1678 1650 et

199 1672 352 1708 discretis
369 1674 451 1708 viris
482 1674 650 1720 magistris
669 1675 864 1709 Laurentio
884 1675 927 1709 de
946 1674 1126 1709 Lundoris
1155 1675 1295 1709 1061010
1326 1672 1465 1709 00010110
1486 1673 1528 1707 de
1549 1672 1674 1711 Crech,

199 1730 451 1765 Sanctiandree
470 1730 621 1772 diocefis,
651 1731 865 1766 Christofero
897 1731 1060 1766 Pontfret
1089 1736 1260 1779 perpetuo
1291 1730 1419 1765 vicario
1439 1730 1482 1764 de
1502 1729 1675 1769 Estwode‚

199 1786 421 1833 Glasguenfis
452 1786 604 1828 (11000115,
634 1793 668 1822 01
699 1788 842 1822 domino
876 1788 1034 1823 Roberto
1069 1788 1213 1822 Huntar
1244 1787 1435 1834 capellano,
1464 1800 1542 1821 cum
1560 1786 1678 1820 multis

200 1842 274 1876 aliis
292 1842 431 1876 testibus
449 1843 493 1877 ad
511 1842 672 1890 premissa
689 1845 821 1878 vocatis
839 1844 1032 1892 specialiter
1051 1850 1085 1879 et
1104 1845 1244 1891 rogatis,
1265 1843 1326 1878 sub
1344 1856 1449 1883 anno,
1469 1843 1675 1882 indictione,

200 1897 327 1939 mense,
356 1899 411 1933 die
431 1904 465 1933 et
482 1899 690 1946 pontificatu
706 1899 924 1947 supraduffis.

298 1955 345 1990 Et
364 1968 429 2001 ego
447 1955 628 1990 Johannes
657 1956 699 1990 de
732 1956 875 2004 Hawyk
902 1956 1068 2004 presbiter
1087 1956 1309 2004 Glasguenfis
1341 1956 1491 1996 diocesis,
1520 1956 1679 2003 publicus

297 2012 508 2046 auctoritate
527 2012 697 2059 imperiali
716 2014 884 2055 notarius,
911 2013 1078 2061 premiffis
1097 2014 1258 2048 omnibus
1289 2019 1323 2047 et
1351 2012 1501 2059 lingulis,
1535 2013 1617 2046 dum
1636 2010 1678 2045 fic

298 2074 337 2102 ut
367 2068 584 2114 premittitur
611 2074 801 2114 agerentur
832 2075 866 2104 et
896 2070 1032 2111 fierent,
1074 2083 1225 2104 unacum
1258 2069 1510 2116 prenominatis
1540 2068 1679 2103 testibus

298 2125 437 2172 presens
454 2124 516 2165 fui,
531 2137 639 2170 eaque
651 2124 694 2159 fic
705 2126 782 2160 fieri
799 2127 871 2160 vidi
889 2133 923 2161 et
941 2127 1058 2161 audivi
1077 2132 1112 2160 et
1130 2126 1196 2160 hoc
1213 2124 1353 2172 presens
1366 2125 1544 2172 publicum
1559 2124 1681 2158 instru-

297 2186 457 2215 mentum
474 2181 617 2227 propria
634 2193 740 2215 manu
758 2181 923 2229 scriptum
942 2183 1024 2217 inde
1043 2182 1187 2222 confeci,
1215 2182 1271 2216 hic
1299 2194 1354 2215 1110
1380 2179 1555 2228 subscripsi
1571 2180 1681 2227 figno-

299 2249 367 2282 que
387 2248 466 2270 meo
485 2236 585 2270 solito
604 2235 732 2283 signavi
750 2244 892 2284 rogatus
911 2244 945 2273 et
964 2237 1154 2284 requisitus,
1183 2238 1219 2271 111
1250 2237 1352 2272 fidem
1383 2242 1417 2272 et
1447 2236 1681 2272 testimonium

300 2293 456 2327 omnium
475 2290 727 2339 premissorum.
