1839 2652
170 292 238 326 ²268
582 287 897 324 REGISTRUM
925 287 1265 323 MONASTERII

167 388 248 433 jure
267 387 356 421 infra
373 386 502 432 burgos
519 385 702 419 limitatam
722 398 784 433 per
803 384 990 419 concilium
1008 383 1162 418 nostrum
1183 389 1218 418 et
1235 381 1465 419 succefforum
1496 386 1649 422 nostrum

173 444 347 489 eligantur
365 447 399 476 et
417 442 545 475 totiens
562 441 723 487 quotiens
741 453 828 488 opus
846 440 951 474 fuerit
970 440 1198 486 depriventur
1215 438 1340 486 absque
1373 440 1547 477 obstaculo
1566 456 1653 489 quo-

173 511 320 544 cunque.
373 495 520 544 Insuper
531 497 694 531 volumus
709 502 743 531 et
755 496 978 530 concedimus
992 495 1085 542 quod
1101 496 1185 530 dicti
1202 494 1409 543 Prepofitus,
1429 496 1557 538 ballivi,
1571 498 1652 533 bur-

171 553 291 601 genses
319 559 354 588 et
384 553 614 587 communitas
645 553 729 587 dieti
756 552 857 599 burgi
884 552 1141 598 imperpetuum
1162 552 1322 592 habeant,
1355 552 1399 586 ad
1429 565 1651 589 communem

171 610 307 645 bursam
327 616 361 644 et
378 610 574 657 proficuum
593 609 678 644 dieti
695 609 797 656 burgi
813 608 1060 647 sustinendum,
1076 607 1242 642 financias
1257 608 1413 642 omnium
1429 608 1650 655 burgenfium

173 672 207 701 et
233 666 532 712 stallangiatorum
563 665 647 700 diffi
682 665 785 711 burgi
819 663 1033 712 temporibus
1066 664 1192 698 futuris
1226 664 1465 698 faciendorum
1500 678 1651 700 unacum

173 723 274 756 dietis
292 722 407 769 parvis
425 721 587 755 custumis
613 727 648 755 et
673 721 848 755 tholoneis
874 720 975 766 burgi
1002 720 1162 766 prediffl,
1195 726 1301 767 prout
1328 720 1533 755 consuetum
1551 721 1598 756 est
1615 723 1651 756 in

172 778 246 812 aliis
264 778 382 824 burgis
400 778 587 825 pertinere.
642 777 840 811 Reddendo
867 776 1047 810 annuatim
1067 776 1151 810 dieti
1172 775 1379 823 Prepofitus,
1410 776 1539 818 ballivi,
1571 778 1651 812 bur-

170 833 290 880 genses
308 840 343 869 et
360 833 592 868 communitas
610 833 694 867 dieti
714 833 815 879 burgi
834 845 1025 878 eorumque
1044 831 1190 866 heredes
1209 838 1243 867 et
1261 831 1478 874 succeffores‚
1497 833 1597 868 nobis
1616 840 1651 868 et

170 889 416 925 luccefforibus
434 889 557 923 nostris
577 889 619 923 de
638 889 740 923 diffis
757 889 976 928 tenementis,
1010 887 1253 929 mansionibus,
1282 890 1366 923 ortis
1385 895 1419 924 et
1438 890 1525 924 acris
1543 895 1650 924 terra-

171 959 248 980 rum
268 946 358 980 infra
374 946 507 980 bondas
535 950 569 979 et
597 945 725 979 limites
742 944 843 990 burgi
862 944 1051 992 prescripti,
1083 945 1217 978 firmam
1236 945 1416 992 burgalem
1448 952 1482 980 et
1512 945 1650 980 servitia

171 1003 345 1036 curiarum
366 1001 482 1036 debita
499 1007 533 1035 et
553 1000 727 1040 consueta,
756 1014 835 1035 cum
853 1001 977 1034 annuis
995 1000 1187 1035 redditibus
1204 1001 1285 1035 inde
1304 1001 1438 1042 debitis,
1458 1000 1647 1036 secundum

171 1064 329 1093 tenorem
348 1058 453 1092 nostri
472 1057 614 1092 rentalis
633 1063 667 1092 et
684 1056 817 1103 registri
836 1062 870 1091 et
888 1062 993 1103 prout
1010 1056 1146 1103 plenius
1176 1057 1379 1092 continetur
1397 1058 1433 1091 in
1452 1059 1555 1092 cartis
1572 1058 1648 1092 nos-

171 1116 232 1148 tris
258 1114 423 1161 prediefis
450 1113 552 1160 super
578 1112 787 1147 affedatione
805 1112 999 1147 feodifirme
1024 1113 1201 1147 dictorum
1228 1119 1524 1154 tenementorum,
1552 1128 1648 1149 man-

169 1170 314 1210 fionum,
347 1176 507 1204 ortorum
535 1175 569 1203 et
595 1181 757 1203 acrarum
785 1167 929 1215 desuper
957 1169 1125 1203 confeffis
1153 1174 1187 1203 et
1213 1169 1464 1212 conficiendis;
1493 1176 1527 1204 et
1553 1172 1647 1217 quod

170 1228 255 1262 dieti
288 1225 495 1273 Prepofitus,
528 1226 656 1266 ballivi,
691 1224 878 1271 burgenses
909 1230 943 1259 et
969 1226 1199 1259 communitas
1226 1226 1310 1260 dieti
1337 1225 1438 1273 burgi
1463 1232 1498 1261 et
1524 1240 1646 1261 eorum

170 1283 375 1319 fiicceffores
393 1284 535 1318 venient
563 1296 642 1318 cum
669 1282 735 1317 suis
761 1283 878 1328 granis
904 1280 1164 1327 quibuscunque
1191 1281 1227 1315 in
1253 1287 1423 1327 quantum
1451 1282 1585 1317 molent
1602 1284 1645 1317 ad

171 1340 411 1374 molendinum
430 1339 583 1373 nostrum
604 1339 646 1373 de
667 1338 799 1372 Passeto
822 1342 856 1372 et
873 1350 946 1371 non
964 1337 1007 1371 ad
1026 1337 1120 1371 aliud
1139 1337 1379 1372 molendinum
1399 1339 1643 1385 quodcunque,

168 1396 334 1431 solvendo
363 1396 462 1430 nobis
494 1395 574 1429 inde
606 1395 796 1429 multuram
827 1394 871 1428 ad
900 1393 1110 1428 tricesimum
1140 1407 1249 1428 unum
1268 1407 1339 1434 vas,
1372 1393 1456 1429 ficut
1486 1395 1644 1430 homines

169 1458 267 1486 extra
293 1458 403 1486 terras
434 1451 564 1485 nostras
595 1456 786 1491 manentes,
821 1455 970 1490 tautum,
1002 1463 1066 1497 pro
1099 1450 1194 1484 omni
1212 1450 1280 1484 alio
1300 1463 1418 1491 onere,
1448 1452 1642 1492 exafflone,

168 1508 354 1554 questione,
389 1508 561 1542 demanda
578 1506 635 1542 seu
654 1507 793 1542 servitio
812 1506 955 1541 seculari
974 1518 1041 1552 que
1060 1506 1103 1540 de
1122 1506 1217 1540 dieto
1235 1506 1347 1553 burgo
1366 1507 1402 1541 in
1420 1507 1574 1548 baronia,
1594 1513 1643 1541 te—

166 1565 349 1604 nementis,
378 1563 620 1604 mansionibus,
649 1564 733 1597 ortis
760 1569 794 1598 et
821 1563 907 1597 acris
922 1563 1013 1597 infra
1031 1564 1165 1598 dictum
1183 1563 1334 1610 burgum
1347 1564 1544 1611 jacentibus
1563 1577 1641 1599 cum

166 1621 385 1667 pertinentiis
403 1633 466 1667 per
484 1619 706 1666 quoscunque
729 1619 819 1666 juste
838 1619 929 1666 exigi
946 1624 1114 1665 poterunt
1144 1619 1408 1665 quomodolibet
1425 1620 1481 1654 vel
1499 1621 1640 1666 requiri.

168 1678 211 1711 In
231 1678 328 1724 cujus
346 1677 396 1711 rei
414 1677 647 1711 testimonium
666 1677 756 1723 parti
783 1676 885 1723 hujus
903 1680 996 1710 carte
1015 1675 1194 1710 indentate
1214 1688 1292 1710 cum
1320 1676 1421 1710 difitis
1450 1675 1639 1724 Prepofito‚

166 1733 310 1773 ballivis,
342 1731 566 1779 burgenfibus
598 1738 632 1766 et
662 1732 912 1766 communitate
939 1731 1023 1765 diffi
1050 1731 1151 1777 burgi
1169 1732 1364 1766 remanenti
1382 1730 1528 1778 sigillum
1548 1745 1640 1766 com-

165 1802 272 1823 mune
291 1789 432 1835 capituli
451 1789 536 1823 dieti
554 1787 749 1822 monasterii
768 1787 813 1822 est
831 1786 1029 1834 appensum,
1063 1793 1097 1821 et
1122 1788 1212 1834 parti
1230 1788 1389 1834 predicte
1408 1793 1501 1822 carte
1519 1788 1640 1823 inden-

165 1851 235 1879 tate
267 1858 346 1880 cum
378 1845 479 1879 dietis
508 1844 648 1879 Abbate
677 1850 711 1879 et
741 1849 918 1879 conventu
946 1845 1141 1878 remanenti
1167 1843 1315 1890 sigillum
1341 1857 1527 1879 commune
1554 1845 1639 1879 diffi

165 1901 265 1947 burgi
285 1902 327 1935 de
348 1900 465 1948 Passay
483 1900 529 1935 est
546 1900 746 1948 appensum.
799 1900 907 1947 Apud
925 1900 1171 1934 monasterium
1200 1906 1235 1935 et
1264 1900 1415 1947 burgum
1440 1901 1637 1948 prediemm

164 1957 315 1992 secundo
344 1958 398 1991 die
425 1956 547 1991 mensis
564 1956 662 1992 Junii
682 1969 774 1991 anno
793 1955 941 1990 Domini
959 1956 1140 1991 millefimo
1170 1955 1509 2003 quadringentesimo
1527 1969 1637 1991 nono-

162 2013 301 2060 gefimo.
355 2014 484 2048 Coram
502 2014 566 2047 hiis
583 2012 734 2053 testibus,
762 2013 924 2047 videlieet
941 2012 1074 2048 ,Iacobo
1106 2013 1230 2047 Schaw
1260 2013 1302 2047 de
1333 2013 1489 2060 Sawchy,
1519 2013 1636 2047 David

165 2070 288 2105 Schaw
306 2070 380 2117 ejus
397 2069 481 2110 filio,
510 2069 650 2104 Thoma
669 2069 818 2104 Stewart
837 2069 879 2103 de
911 2068 1156 2115 Craginfeoch,
1188 2069 1347 2103 Roberto
1378 2069 1546 2116 SympylL
1576 2069 1636 2104 Jo-

164 2127 278 2160 hanne
299 2125 444 2160 Ralston
463 2126 505 2160 de
524 2126 659 2166 eodem,
672 2125 835 2161 ,Iohanne
855 2124 988 2165 Schaw,
1010 2125 1153 2159 domino
1173 2125 1381 2160 Alexandro
1401 2124 1580 2171 Clugston,
1601 2132 1635 2160 et

162 2181 183 2216 J
187 2181 293 2216 acobo
312 2182 453 2229 Young,
481 2182 625 2216 notariis
643 2181 798 2229 publicis,
827 2194 905 2216 cum
925 2181 1044 2216 multis
1062 2181 1147 2215 aliis.
