1839 2652
736 285 807 320 DE
835 284 1104 320 PASSELET.
1594 290 1661 325 119

180 383 337 430 Hugone
356 381 529 429 Gomlay,
564 381 722 430 Hugone
742 381 902 429 Kenedy,
932 381 1140 416 Alexandro
1159 381 1201 416 de
1217 380 1447 422 Lamberton,
1480 381 1658 423 militibus,

180 439 345 474 Wilelmo
365 438 464 486 Baly,
494 437 654 474 Roberto
673 439 780 481 Bard‚
809 444 844 474 et
861 437 981 473 multis
999 437 1085 472 aliis.

180 607 412 642 Confirmatio
431 606 651 642 ecclesiarum
669 606 713 642 de
733 606 913 654 Innyrwic
938 612 974 643 et
992 607 1218 655 Lygardwod
1235 620 1298 655 per
1317 607 1436 643 David
1463 606 1661 655 episcopum

180 663 300 698 Sancti
320 663 478 698 Andree.

181 775 420 811 OMNIBUS
439 775 541 810 Cristi
558 775 719 810 fidelibus
736 779 808 809 tam
826 774 1042 821 presentibus
1060 787 1163 820 quam
1178 775 1305 809 futuris
1325 775 1444 810 David
1462 775 1533 810 Dei
1550 775 1664 822 gratia

180 832 359 880 episcopus
374 832 494 866 Sancti
509 832 655 866 Andree
671 836 827 865 eternam
845 830 881 864 in
901 831 1060 866 Domino
1074 831 1231 867 salutem.
1259 832 1440 867 Noveritis
1453 846 1529 874 nos,
1545 833 1662 868 divine

180 889 330 924 caritatis
362 888 505 929 intuitu,
536 888 581 922 ad
609 888 788 935 exemplar
815 887 923 922 felicis
954 888 1207 922 recordationis
1230 888 1386 923 Wilelmi
1416 887 1663 935 predecefforis

179 945 296 985 nostri,
317 943 510 979 concesfiffe
528 949 563 979 et
581 943 765 992 episcopali
783 944 971 979 autoritate
990 942 1206 978 confirmaffe
1226 944 1308 979 Deo
1327 950 1361 979 et
1380 945 1511 979 Sanc'to
1529 945 1552 980 J
1555 945 1663 979 acobo

180 1002 223 1036 de
243 999 391 1036 Paffelet
409 1006 444 1035 et
462 1001 642 1035 monachis
660 1001 789 1036 ibidem
808 1001 889 1036 Deo
908 1000 1137 1035 servientibus
1149 1006 1184 1035 et
1196 1001 1455 1048 imperpetuum
1473 999 1663 1041 servituris,

180 1058 223 1092 de
244 1057 424 1105 Innyrwic
442 1062 476 1092 et
494 1056 721 1104 Lygardwod
739 1056 905 1098 ecclesias,
934 1057 970 1091 in
997 1055 1076 1091 usus
1093 1058 1265 1104 proprios,
1294 1058 1342 1092 ita
1367 1057 1476 1092 libere
1495 1062 1529 1092 et
1547 1058 1663 1104 quiete

180 1112 263 1148 sicut
281 1113 388 1159 aliqui
405 1113 471 1148 viri
489 1112 639 1160 religiosi
656 1113 787 1160 aliquas
806 1112 962 1149 ecelesias
992 1113 1028 1147 in
1059 1112 1258 1160 episcopatu
1277 1113 1397 1148 Sancti
1417 1114 1564 1148 Andree
1582 1113 1665 1148 libe-

179 1171 251 1204 rius
269 1175 304 1204 et
321 1169 472 1216 quietius
489 1174 612 1204 tenent
630 1175 665 1204 et
682 1168 876 1217 possident3
906 1169 1015 1204 Salvis
1041 1169 1262 1217 portionibus
1288 1182 1355 1216 que
1382 1170 1426 1204 ad
1450 1168 1664 1204 sustentatio-

181 1238 262 1261 nem
280 1226 491 1261 vicariorum
509 1230 681 1273 perpetuo
713 1226 956 1266 remanebunt,
983 1238 1068 1272 quas
1086 1225 1178 1260 bone
1208 1226 1378 1260 memorie
1409 1226 1524 1260 dietus
1541 1226 1664 1273 prede-

182 1280 290 1317 ceffor
307 1282 423 1317 noster
440 1282 651 1316 auctoritate
670 1281 855 1330 episcopali
872 1282 940 1316 hoc
957 1282 1064 1316 modo
1083 1282 1216 1317 taxavit
1234 1287 1269 1317 et
1287 1282 1473 1323 ordinavit,
1501 1282 1666 1317 videlicet

180 1345 221 1375 ut
238 1339 387 1375 vicarius
405 1339 448 1374 de
468 1339 649 1386 Innyrwic
666 1339 873 1386 alteragium
891 1339 1015 1373 habeat
1033 1351 1112 1373 cum
1138 1352 1210 1373 una
1235 1352 1315 1373 acra
1331 1344 1425 1374 terre
1444 1352 1487 1373 ex
1505 1340 1666 1374 occiden-

182 1396 243 1431 tali
260 1400 359 1444 parte
378 1396 550 1436 cimiterii,
582 1395 763 1430 reddendo
795 1396 876 1430 Inde
904 1395 1044 1443 singulis
1075 1397 1175 1431 annis
1206 1397 1308 1431 dictis
1336 1397 1515 1432 monachis
1532 1396 1664 1445 septem

184 1465 318 1487 marcas
335 1453 473 1498 argenti
503 1452 646 1486 nomine
667 1450 851 1499 pensioniS‚
878 1452 1027 1487 vicarius
1045 1465 1130 1487 vero
1149 1453 1192 1488 de
1212 1452 1439 1500 Lygardwod
1458 1453 1583 1488 habeat
1601 1466 1664 1488 no-

183 1510 276 1545 mine
294 1510 422 1545 vicarie
440 1515 556 1544 totum
574 1509 780 1556 alteragium
798 1514 917 1556 preter
935 1514 1076 1543 terram.
1128 1509 1263 1543 Vicarii
1281 1513 1399 1544 autem
1418 1510 1477 1556 qui
1494 1522 1560 1557 pro
1579 1515 1666 1545 teni-

183 1579 268 1615 pore
287 1567 323 1601 in
342 1566 444 1601 dietis
463 1564 610 1601 ecclesiis
633 1565 839 1606 deservient,
871 1565 971 1599 nobis
988 1565 1045 1599 vel
1074 1563 1321 1600 successoribus
1350 1565 1474 1600 nostris
1492 1565 1666 1613 presenta-

183 1624 326 1664 buntur,
348 1628 382 1657 et
400 1621 661 1670 respondebunt
678 1622 722 1657 de
740 1621 990 1669 episcopalibus
1008 1626 1043 1656 et
1055 1621 1097 1656 de
1112 1621 1274 1656 omnibus
1289 1622 1453 1656 oneribus
1469 1622 1665 1657 ordinariis.

185 1680 233 1714 Et
249 1685 289 1714 ut
306 1679 371 1714 hec
389 1677 558 1714 conceffio
577 1683 612 1714 et
630 1678 849 1714 confirmatio
867 1677 983 1712 nostra
1000 1677 1108 1712 robur
1122 1678 1279 1725 optineat
1292 1683 1462 1726 perpetue
1480 1679 1665 1719 firmitatis,

184 1737 275 1771 hanc
293 1741 424 1771 cartam
442 1735 592 1770 nostram
620 1735 733 1782 gratia
760 1734 946 1770 testimonii
976 1733 1075 1769 scribi
1105 1734 1250 1769 fecimus
1281 1739 1316 1769 et
1344 1747 1420 1769 eam
1444 1733 1542 1781 figilli
1560 1735 1667 1769 nostri

186 1791 399 1840 appositione
416 1791 669 1826 roboravimus.
699 1791 779 1825 Hiis
793 1790 944 1832 testibus,
961 1790 1104 1825 domino
1118 1790 1325 1825 Alexandro
1337 1789 1522 1826 senescallo
1537 1790 1665 1831 Scotie,

187 1849 353 1884 lVilelmo
372 1849 415 1883 de
434 1848 598 1889 Brechin,
628 1847 769 1882 Thoma
785 1847 858 1882 filio
879 1847 1032 1894 Randyl,
1064 1847 1184 1882 David
1215 1847 1257 1882 de
1277 1846 1446 1888 Graham,
1478 1847 1667 1882 baronibus

188 1910 222 1940 et
248 1905 426 1946 militibus,
459 1904 630 1951 magistris
649 1904 858 1939 Alexandro
887 1903 930 1938 de
959 1903 1090 1938 Saneto
1123 1903 1294 1944 Martino,
1328 1903 1494 1938 lVilelmo
1521 1904 1564 1938 de
1596 1903 1667 1938 Cu-

186 1961 376 2009 nyngham,
410 1961 618 1996 Alexandro
649 1960 691 1995 de
724 1959 954 2007 Edynburgh,
985 1960 1128 1994 domino
1148 1959 1309 1994 Roberto
1327 1960 1370 1994 de
1390 1959 1559 2006 Meyffen,
1590 1959 1667 1994 Gil-

187 2018 287 2053 berto
306 2018 445 2059 clerico,
479 2022 514 2052 et
544 2017 630 2052 aliis.
683 2016 818 2051 Datum
837 2016 930 2063 apud
949 2016 1114 2050 SanGtam
1133 2028 1283 2056 crucem,
1317 2016 1372 2050 die
1390 2015 1489 2051 Jovis
1506 2015 1666 2062 proxima

188 2079 269 2108 ante
283 2073 405 2109 festum
421 2074 541 2110 Sancti
556 2073 703 2108 Andree
721 2085 814 2108 anno
829 2072 940 2120 gratie
959 2070 1138 2107 millesimo
1157 2069 1390 2106 ducentesimo
1405 2069 1664 2117 quadragefimo

187 2129 343 2178 septimo.
