1870 2683
196 277 266 312 436
588 275 901 311 REGISTRUM
929 275 1265 313 MONASTERII

199 385 305 407 mune
321 371 460 418 capituli
475 370 581 405 nostri
598 370 813 418 presentibus
827 370 873 405 est
886 370 1073 418 appensum
1091 373 1184 419 apud
1198 373 1442 409 monasterium
1455 376 1610 411 nostrum
1624 377 1667 411 de

202 428 334 463 Passeto
349 427 577 467 antedictum,
587 425 748 472 vigefimo
761 426 815 461 die
827 426 949 460 menfis
957 426 1115 462 Januarii
1128 427 1669 467 annoDominiM⁰cccceoxx1x.

201 554 330 589 Citatio
348 553 449 601 super
468 553 677 601 Episcopum
696 554 956 601 Glasguensem.

197 649 475 684 JOHANNES
493 649 595 684 abbas
613 650 809 684 monasterii
835 650 878 684 de
907 650 1039 697 Cupro,
1069 650 1201 685 ordinis
1228 650 1467 693 Cistercienfis,
1489 652 1669 688 Sanetian·

199 705 281 739 dree
300 704 449 745 dioeefis,
476 705 588 751 judex
606 711 640 740 et
659 705 880 740 conservator
910 718 931 739 a
955 704 1034 740 sede
1052 705 1237 752 apostolica
1254 706 1440 753 deputatus
1471 709 1669 755 privilegio-

198 772 276 794 rum
295 766 329 794 et
347 759 448 807 super
477 761 666 807 privilegiis
683 761 726 795 ab
745 761 862 796 eadem
882 761 961 795 sede
987 760 1150 795 conceffis
1177 762 1433 797 venerabilibus
1451 769 1486 798 et
1503 763 1667 810 religiofis

198 816 279 848 viris
299 815 427 849 Abbati
446 820 480 850 et
498 817 688 850 conventui
707 817 749 850 de
770 815 912 856 Passeto‚
934 816 1066 850 ordinis
1084 816 1330 859 Cluniacenfis,
1357 818 1578 865 Glasguenfis
1596 820 1669 855 dio-

199 870 288 911 cefis,
320 884 391 905 una
408 884 486 905 cum
505 871 705 917 quibusdam
724 872 798 906 aliis
817 872 852 905 in
869 872 933 906 hac
950 877 1047 918 parte
1065 871 1188 906 nostris
1216 873 1368 920 collegis,
1402 887 1479 909 cum
1498 875 1559 909 illa
1575 875 1668 910 clau-

197 927 278 967 sula,
320 927 504 969 Qaatenus
522 939 581 962 vos
598 928 652 962 vel
668 929 735 962 cluo
754 932 816 962 aut
833 939 928 962 unus
948 928 1106 974 vestrum,
1136 934 1241 975 prout
1270 930 1307 963 in
1336 930 1459 965 litteris
1476 930 1668 977 apostolicis

199 982 342 1030 desuper
373 984 540 1018 confectis
569 984 705 1030 plenius
736 984 946 1023 continetur,
984 984 1110 1017 curatis
1141 983 1359 1019 ecclesiarum
1391 985 1433 1020 de
1465 985 1598 1020 Passeto
1633 992 1668 1020 et

199 1038 341 1085 Glalgw
360 1052 497 1073 necnon
514 1038 680 1074 univerfis
699 1045 732 1074 et
750 1039 889 1086 lingulis
916 1038 1132 1073 ecclesiarum
1151 1040 1357 1081 rectoribus,
1378 1041 1524 1082 vicariis,
1544 1055 1665 1089 perpe-

197 1095 265 1129 tuis
283 1095 479 1141 capellanis,
513 1096 639 1129 curatis
657 1100 691 1129 et
709 1108 781 1129 non
812 1095 938 1129 curatis
964 1095 1054 1129 infra
1071 1108 1219 1141 regnum
1239 1096 1353 1131 Scotie
1383 1097 1529 1132 ubilibet
1547 1098 1667 1132 consti-

198 1151 281 1184 tutis
299 1156 333 1184 et
351 1149 451 1197 super
470 1151 676 1184 executione
694 1150 904 1197 presentium
923 1150 1038 1184 debite
1066 1150 1243 1196 requisitis,
1277 1150 1421 1186 salutem
1439 1153 1476 1186 111
1495 1153 1664 1194 Domino,

198 1213 231 1241 et
249 1206 371 1241 nostris
388 1207 623 1253 ymmoverius
641 1206 832 1253 apostolicis
850 1206 996 1240 firmiter
1014 1206 1156 1241 obedire
1182 1207 1364 1242 mandatis.
1416 1207 1527 1243 Vobis
1544 1214 1579 1243 et
1596 1209 1668 1244 ves-

198 1269 289 1296 trum
310 1262 461 1302 cuilibet,
482 1262 517 1296 in
536 1263 665 1296 virtute
683 1262 800 1296 sanae
819 1261 1015 1296 obedientie
1034 1267 1068 1296 et
1086 1262 1296 1298 au&oritate
1313 1263 1498 1310 apostolica
1514 1264 1613 1299 nobis
1630 1265 1668 1298 in

197 1319 260 1352 hac
278 1323 375 1365 parte
395 1316 579 1358 connniffa,
613 1317 673 1352 sub
691 1330 781 1364 pena
798 1315 1019 1364 suspensionis
1037 1330 1057 1351 a
1075 1318 1200 1352 divinis
1217 1331 1320 1364 quam
1338 1319 1375 1353 in
1392 1331 1454 1355 vos
1472 1325 1507 1354 et
1524 1320 1667 1366 quemli-

197 1375 255 1409 bet
273 1374 421 1409 vestrum
441 1374 582 1408 ferimus
601 1374 637 1407 in
655 1374 719 1408 hiis
737 1373 869 1420 seriptis
886 1372 910 1406 fi
927 1373 1049 1407 nostris
1075 1374 1111 1407 in
1137 1374 1201 1408 hac
1219 1379 1317 1420 parte
1331 1374 1502 1409 mandatis
1519 1387 1592 1410 non
1609 1389 1667 1422 pa-

198 1430 347 1470 rueritis,
377 1429 492 1464 st1·i&e
516 1430 742 1476 precipiendo
761 1430 966 1463 mandamus
984 1434 1156 1475 quatenus
1174 1430 1285 1464 citetis
1302 1430 1484 1477 legittime,
1502 1431 1560 1465 seu
1578 1431 1666 1465 alter

196 1487 345 1522 vestrum
364 1487 456 1526 citet,
477 1486 600 1532 primo,
635 1490 681 1526 9⁰,
714 1489 760 1525 3⁰,
792 1486 896 1519 unico
914 1490 1032 1520 tamen
1050 1490 1228 1526 contextu,
1260 1484 1321 1520 sub
1351 1487 1479 1533 triplici
1497 1487 1613 1522 edieco
1632 1493 1667 1521 et

196 1543 441 1590 peremptorie,
461 1540 782 1576 reverendisfimuin
802 1542 837 1574 111
859 1540 995 1575 Christo
1013 1547 1158 1588 patrem,
1190 1541 1236 1575 N.
1255 1542 1549 1589 archiepiscopum
1568 1541 1666 1577 Glas-

196 1598 369 1645 gwenlem
388 1610 490 1643 quem
510 1610 573 1631 nos
591 1603 714 1632 tenore
732 1596 943 1643 presentium
963 1597 1107 1631 citamus
1134 1597 1228 1643 quod
1254 1603 1451 1644 compareat
1470 1610 1586 1632 coram
1604 1610 1665 1631 no-

196 1656 247 1690 bis
265 1654 322 1689 seu
340 1653 569 1700 subdelegatis
583 1659 643 1687 aut
655 1651 888 1687 commiffiiriis
902 1652 1024 1686 nostris
1041 1652 1197 1699 pluribus
1215 1658 1275 1687 aut
1292 1665 1363 1687 uno
1378 1653 1470 1700 apud
1483 1653 1665 1688 8311611111]-

196 1712 361 1747 andream
387 1711 423 1744 in
459 1709 598 1745 ecclelia
629 1711 749 1745 Sancffi
781 1709 980 1749 salvatoris,
1023 1709 1078 1742 die
1115 1708 1369 1753 decimaquinta
1393 1708 1547 1755 juridica
1574 1709 1665 1743 diem

196 1768 410 1803 executionis
438 1767 649 1813 presentium
678 1779 786 1813 prope
805 1771 839 1799 et
858 1765 1054 1799 immediate
1072 1762 1247 1809 sequente,
1278 1764 1364 1798 hora
1388 1765 1565 1798 causarum
1585 1777 1666 1799 con-

195 1823 290 1859 sueta
307 1829 387 1857 ante
408 1822 598 1862 meridiem,
630 1822 771 1868 prefatis
791 1821 921 1854 Abbati
940 1826 973 1854 et
992 1820 1180 1854 conventui
1209 1819 1252 1853 de
1279 1819 1412 1854 Passeto
1430 1820 1485 1854 vel
1503 1819 1570 1854 suis
1588 1833 1667 1867 pro-

196 1879 412 1914 curatoribus
431 1877 531 1924 supcr
546 1876 601 1911 fibi
619 1877 820 1923 objiciendis
835 1875 1057 1922 responsurus
1076 1882 1109 1910 et
1122 1875 1195 1922 juri
1213 1877 1400 1922 pariturus,
1420 1875 1480 1910 sub
1498 1889 1589 1923 pena
1601 1875 1666 1910 sus-

195 1934 366 1983 pensionis
384 1947 404 1967 a
422 1934 557 1967 divinis.
611 1933 656 1966 Et
675 1932 850 1979 presentes
869 1931 983 1966 debite
1002 1936 1174 1971 executas,
1196 1931 1298 1971 diem,
1319 1932 1446 1971 locum,
1466 1932 1612 1965 formam
1632 1938 1666 1966 et

195 1991 337 2026 nomina
355 1989 489 2024 testium
508 1988 791 2022 iubscribentiuin
812 1988 1001 2021 earundem
1016 1987 1151 2021 reddite
1170 1986 1282 2021 latori.
1337 1987 1469 2022 Datum
1483 1986 1542 2022 sub
1558 1986 1665 2034 figillo

195 2047 310 2082 nostro
328 2046 420 2092 apud
440 2044 682 2079 monasterium
702 2043 854 2078 nostrum
875 2043 917 2077 de
938 2043 1069 2089 Cupro,
1090 2042 1144 2076 die

198 2175 441 2220 Subdelegatio
463 2173 609 2207 Abbatis
627 2173 669 2207 de
689 2173 820 2219 Cupro.

293 2270 395 2304 abbas
414 2270 483 2304 Dei
503 2270 670 2316 patientia
688 2269 886 2303 monasterii
905 2268 947 2303 de
967 2267 1101 2315 Cupro,
1123 2267 1253 2301 ordinis
1273 2266 1512 2307 Cistercieufis‚
1534 2266 1666 2301 8311611-

196 2327 323 2361 :iudree
351 2325 499 2366 (11000115,
523 2326 633 2371 judex
665 2332 698 2360 et
730 2323 952 2359 conservator
983 2337 1002 2358 a
1032 2323 1109 2358 sede
1140 2322 1324 2370 apostolica
1357 2323 1541 2370 deputatus
1566 2320 1666 2368 super
