1870 2683
196 266 267 304 370
600 257 915 294 REGISTRUM
944 257 1283 293 MONASTERII

197 357 394 403 buscunque
411 356 478 390 suis
495 356 531 389 in
550 356 613 390 hac
630 360 728 402 parte
747 354 931 400 deputatis,
953 352 1156 399 distringere
1173 358 1265 387 totas
1281 358 1392 388 terras
1410 365 1504 388 meas
1523 353 1565 389 de
1586 353 1670 389 Kel-

196 413 349 448 sowland
367 411 540 458 predictas
569 410 638 445 fine
669 409 948 445 contradictione
966 421 1054 449 mea,
1086 409 1256 443 heredum
1274 421 1435 444 meorum
1454 408 1513 443 seu
1531 408 1673 456 affigna-

196 475 324 508 torum,
344 465 520 513 quousque
538 467 581 501 de
599 466 694 501 dicta
711 465 854 500 dimidia
870 469 971 512 petra
988 477 1066 499 cere
1085 465 1133 499 eis
1151 464 1306 511 plenarie
1317 465 1423 499 fuerit
1434 464 1646 500 satisfactum
1661 480 1671 508 3

198 524 292 558 omni
303 523 393 570 juris
412 521 569 557 canonici
587 523 643 557 vel
662 522 770 557 civilis
788 521 944 556 remedio
962 520 1059 566 quod
1076 519 1161 554 mihi
1179 520 1366 555 heredibus
1384 521 1470 556 meis
1495 519 1554 555 seu
1580 519 1675 568 affig-

196 580 284 613 natis
301 576 458 626 prodefl'e
489 584 523 613 et
554 579 602 613 eis
630 575 743 613 obeffe
761 578 890 625 poterit
908 576 1157 623 quoquomodo
1176 588 1248 610 non
1266 576 1420 611 obstante
1437 576 1494 612 vel
1511 576 1674 611 valituro.

198 635 258 669 Ad
275 647 341 681 que
360 634 477 669 omnia
495 639 529 669 et
546 633 679 681 fingula
695 634 846 668 fideliter
864 632 1078 668 observanda
1102 630 1126 666 fi
1151 631 1285 667 neceffe
1302 633 1408 667 fuerit
1424 631 1588 667 submitto
1606 645 1674 673 me,

197 691 341 725 heredes
359 703 455 724 meos
473 695 508 724 et
525 688 708 737 assignatos
719 689 957 737 jurisdictioni
975 694 1009 723 et
1027 688 1227 723 cohercioni
1245 689 1378 723 domini
1397 688 1558 736 Episcopi
1576 687 1676 723 Glas-

196 745 342 793 guenfiS,
362 746 418 781 vel
438 746 575 781 Decani
593 751 628 781 et
645 746 787 794 capituli
806 745 958 792 ejusdem
976 744 1000 779 fi
1016 744 1112 779 sedes
1131 745 1317 785 vacaverit,
1345 750 1384 779 ut
1401 743 1536 792 poffent
1554 757 1675 780 omnes

197 801 257 837 seu
275 815 397 837 eorum
416 802 566 848 aliquem
585 802 864 836 contradicentes
881 802 963 837 huic
981 803 1162 837 donationi
1180 815 1256 837 mee
1282 815 1345 850 per
1372 802 1550 837 ceniuram
1569 802 1676 837 eccle-

197 857 356 892 siasticam
374 858 417 893 ad
435 857 641 893 solutionem
662 858 754 892 dicte
774 858 914 892 dimidie
932 864 1030 905 petre
1049 871 1127 893 cere
1157 865 1197 893 ut
1224 859 1438 906 premittitur
1466 859 1676 906 compellere

197 915 400 949 faciendam.
453 914 498 948 In
513 915 566 961 cuj
572 927 610 949 us
630 915 679 949 rei
697 914 929 950 testimonium
942 915 1090 962 figillum
1102 929 1219 951 meum
1233 917 1314 951 huic
1327 915 1477 963 presenti
1492 922 1585 951 carte
1599 929 1676 951 mee

197 970 244 1004 est
260 969 460 1017 appensum,
480 976 515 1004 et
532 971 577 1004 ad
594 970 762 1017 majorem
780 971 883 1017 hujus
901 972 951 1005 rei
968 971 1186 1007 securitatem
1205 971 1353 1019 sigillum
1366 972 1570 1007 officialatus
1581 973 1676 1007 curie

200 1024 419 1072 Glasguenfis
449 1040 469 1060 a
496 1026 686 1060 venerabili
704 1027 780 1061 viro
798 1027 958 1073 magistro
988 1027 1106 1062 David
1137 1028 1296 1072 Cadgow
1313 1034 1398 1063 tunc
1426 1028 1564 1063 officiali
1582 1029 1676 1063 dicte

199 1082 293 1116 curie
313 1081 532 1128 Glafiguenfis
550 1081 764 1129 presentibus
783 1095 861 1116 cum
881 1083 1040 1118 instantia
1057 1084 1185 1131 apponi
1202 1085 1398 1131 procuravi,
1430 1084 1524 1131 apud
1542 1083 1678 1118 Passeth

200 1137 323 1171 ultimo
342 1138 396 1172 die
416 1137 537 1172 mensis
558 1137 683 1172 Marcii
701 1151 794 1172 anno
814 1138 960 1172 Domini
981 1144 1023 1172 31⁰
1043 1144 1149 1174 cccc⁰
1168 1145 1301 1174 xxxn0.
1355 1140 1434 1174 Hiis
1451 1140 1601 1180 testibus,
1622 1153 1678 1174 ve-

201 1193 410 1227 nerabilibus
428 1194 510 1227 viris
529 1194 677 1227 dominis
697 1193 845 1228 Audi-ea
864 1194 1013 1229 Stewart
1041 1195 1157 1241 priore
1177 1196 1218 1229 de
1239 1195 1382 1236 Passet0‚
1415 1195 1575 1241 magistro
1594 1195 1679 1230 Wil-

201 1249 292 1283 elmo
312 1249 453 1283 Gowan
471 1250 639 1284 canonico
667 1248 883 1295 Glasguenfi,
918 1250 1077 1284 Roberto
1099 1250 1263 1297 Kingorn
1280 1251 1452 1286 monacho
1470 1251 1512 1285 de
1533 1251 1677 1292 Passeto,

202 1306 344 1339 domino
364 1305 503 1339 Thoma
522 1305 609 1339 Mur
626 1306 764 1339 notario
783 1305 934 1351 publico,
966 1306 1083 1340 Adam
1102 1306 1206 1353 Tayt,
1235 1312 1269 1341 et
1294 1307 1317 1343 J
1320 1307 1457 1342 ohanne
1477 1307 1618 1342 Walace
1637 1308 1679 1342 de

204 1361 383 1402 Ellerissie,
404 1360 583 1402 scutiferis,
604 1374 684 1396 cum
704 1361 822 1396 multis
834 1361 908 1395 aliis
926 1361 1065 1397 testibus
1079 1363 1122 1397 ad
1135 1361 1295 1410 premifl'a
1309 1364 1438 1398 vocatis
1452 1369 1487 1399 et
1500 1363 1678 1410 requifitis.

204 1530 434 1565 Confirmatio
455 1531 604 1565 Roberti
622 1531 712 1577 regis
732 1530 916 1565 Scotorum
937 1531 979 1565 de
999 1531 1244 1565 donationibus
1266 1532 1443 1578 quondam
1463 1531 1578 1566 Adam
1598 1531 1680 1565 Ful-

204 1587 320 1621 lerton
338 1587 381 1621 de
401 1586 544 1634 Corlby,
565 1587 607 1621 de
628 1586 828 1634 Ryssmlme,
849 1592 884 1621 et
902 1587 945 1621 de
966 1586 1204 1621 Kelsowland.

207 1697 483 1734 ROBERTUS
503 1698 573 1733 Dei
590 1699 703 1745 gratia
720 1711 782 1733 rex
801 1699 987 1733 Scotorum
1001 1699 1195 1733 reverendo
1213 1699 1249 1732 in
1268 1698 1404 1733 Christo
1415 1699 1505 1746 patri
1517 1698 1681 1734 Gilberto

207 1753 365 1802 episcopo
384 1753 619 1789 Abirdonenfi
637 1754 844 1789 cancellario
863 1754 978 1789 nostro
1004 1753 1160 1789 salutem.
1213 1754 1334 1789 Sciatis
1352 1756 1446 1801 quod
1464 1756 1614 1790 caritatis
1631 1756 1682 1789 in-

206 1810 298 1844 tuitu
316 1810 598 1845 confirmavimus
616 1810 840 1845 donationem
859 1816 894 1845 et
912 1810 1163 1845 eonceffionem
1180 1811 1255 1845 illas
1273 1824 1357 1857 quas
1374 1812 1550 1857 quondam
1566 1811 1683 1846 Adam

209 1866 378 1901 Folerton
397 1867 439 1901 de
458 1866 590 1914 Coriby
607 1867 706 1902 miles
725 1867 804 1901 fecit
823 1872 857 1901 et
888 1866 1049 1901 conceffit
1080 1867 1258 1902 caritative
1283 1866 1344 1901 sub
1371 1866 1480 1914 figillo
1511 1867 1571 1902 suo
1602 1868 1683 1902 Deo

209 1928 244 1956 et
261 1923 360 1958 beate
380 1923 496 1957 Marie
510 1923 662 1969 Virgini,
692 1923 799 1957 beatis
821 1923 955 1959 Jacobo
986 1929 1021 1958 et
1053 1922 1187 1957 Mirino
1217 1924 1259 1958 de
1292 1923 1424 1958 Passeto
1449 1929 1483 1958 et
1507 1924 1684 1958 monachis

211 1979 337 2013 ibidem
374 1979 454 2014 Deo
489 1979 716 2014 servientibus
747 1985 781 2013 et
812 1980 1069 2026 imperpetuum
1099 1979 1286 2021 servituris,
1323 1981 1366 2015 de
1400 1993 1518 2015 annuo
1546 1980 1686 2015 redditu

212 2035 441 2081 quadraginta
452 2035 678 2070 denariorum
695 2036 831 2081 argenti
846 2036 888 2070 de
905 2035 964 2069 illo
976 2048 1094 2070 annuo
1107 2036 1247 2070 redditu
1265 2036 1406 2070 dimidie
1420 2049 1536 2071 marce
1550 2038 1685 2082 argenti

212 2090 269 2124 fibi
294 2091 376 2137 jure
403 2092 615 2126 hereditario
634 2091 847 2138 competenti
876 2091 919 2125 de
951 2096 1154 2126 tenemento
1185 2092 1279 2137 quod
1307 2097 1453 2126 vocatur
1482 2090 1687 2126 Ruffelland

213 2147 248 2179 in
276 2147 431 2181 dominio
461 2146 522 2182 suo
551 2148 593 2183 de
625 2147 767 2195 Corsby.
821 2147 1079 2182 Confirmamus
1109 2148 1214 2181 etiam
1245 2148 1395 2182 caritatis
1422 2148 1552 2182 intuitu
1579 2148 1688 2182 dona-

213 2202 344 2235 tionem
363 2208 397 2236 et
415 2202 666 2238 conceffionem
685 2204 759 2238 illas
777 2216 860 2250 quas
881 2203 990 2249 Hugo
1010 2202 1114 2250 Boyll
1132 2204 1174 2238 de
1195 2203 1363 2250 Rtholm
1377 2204 1458 2238 fecit
1476 2208 1510 2238 et
1528 2202 1687 2237 conceffit

216 2258 392 2291 caritative
410 2257 470 2292 sub
487 2257 596 2305 figillo
614 2259 675 2293 suo
696 2259 787 2300 Deo,
807 2259 906 2294 beate
926 2259 1041 2294 Mau-ie
1061 2259 1212 2305 Virgini,
1234 2260 1370 2294 Sanctis
1383 2259 1516 2295 Jacobo
1535 2264 1569 2293 et
1588 2257 1688 2292 Miri-

215 2313 322 2361 node
342 2312 473 2348 Passeto
493 2321 526 2349 et
545 2316 721 2350 monachis
739 2316 866 2350 ibidem
885 2315 967 2350 Deo
985 2315 1211 2351 servientibus
1242 2321 1276 2350 et
1303 2316 1560 2362 imperpetuum
1586 2312 1687 2349 servi-
