1870 2683
752 274 821 308 DE
850 273 1119 309 PASSELET.
1606 277 1677 314 327

196 372 442 407 archidiacono
462 371 677 418 Glasguenfi‚
707 371 850 406 domino
871 371 916 406 R.
937 372 1069 406 domini
1100 371 1207 417 Regis
1239 371 1354 405 Scotie
1383 369 1577 417 capellano,
1609 383 1679 405 ma-

196 428 300 475 gistro
331 427 527 462 Christiano
558 428 601 462 de
633 428 836 469 Stradhern,
881 428 1025 463 domino
1056 428 1217 475 Philippo
1249 428 1291 462 de
1322 427 1481 467 Perthec,
1519 427 1679 474 magistro

199 485 245 519 R.
281 485 324 519 de
355 484 481 525 Brade,
516 484 674 525 Warino,
708 484 904 532 Benjamin,
935 489 970 519 et
999 484 1169 525 Waltero,
1200 484 1333 519 clericis
1365 483 1497 518 domini
1518 483 1679 532 Episcopi

198 539 431 587 Glasguenfis,
454 541 623 581 Radulfo,
645 541 763 582 Petro,
784 541 938 582 Simone,
959 541 1157 588 capellanis,
1186 547 1220 575 et
1238 541 1313 575 aliis
1330 541 1467 575 vicariis
1486 540 1680 587 Glasguen-

198 596 295 637 sibus,
316 610 394 631 cum
415 597 534 632 multis
553 598 638 631 aliis.

200 767 350 801 'saxatio
368 767 656 814 procurationum
677 767 768 800 inter
787 779 849 800 nos
868 771 903 800 et
922 766 1078 813 Glasgw.

201 879 441 915 OMNIBUS
469 878 595 914 Christi
613 878 774 913 fidelibus
792 884 863 913 tam
881 879 1098 926 presentibus
1124 893 1228 926 quam
1258 881 1385 915 futuris
1405 881 1588 916 VVilelmus
1607 895 1684 929 per-

201 934 357 970 missione
376 936 495 970 divina
521 934 745 982 Glaiguenfis
771 935 949 983 episcopus
976 934 1122 970 salutem
1150 937 1187 970 in
1218 936 1389 971 Domino.
1441 937 1592 972 Noverit
1609 940 1685 972 uni-

200 990 341 1026 verfitas
358 991 470 1026 vestra
486 992 581 1038 quod
608 1004 699 1032 cum,
720 998 879 1038 tempore
897 991 989 1026 bone
1008 993 1177 1027 memorie
1196 993 1330 1027 domini
1359 993 1506 1028 Walteri
1536 993 1684 1041 episcopi

202 1046 422 1083 antecefforis
448 1048 566 1089 nostri,
599 1048 774 1083 ordinatio
792 1048 885 1083 facta
912 1046 1026 1083 fuisset
1054 1049 1147 1084 inter
1177 1048 1353 1084 ecclesiam
1372 1049 1623 1096 Glasguensem
1643 1064 1686 1085 ex

201 1111 300 1152 parte
314 1118 385 1139 una
396 1110 431 1140 et
442 1104 689 1139 monasterium
703 1105 745 1139 de
766 1104 913 1139 Paffelet
931 1118 974 1139 ex
992 1105 1104 1140 altera
1120 1118 1183 1153 per
1200 1106 1294 1140 viros
1312 1106 1458 1140 idoneos
1477 1120 1520 1141 ex
1538 1112 1685 1153 utraque

201 1168 300 1209 parte
318 1162 362 1196 ad
379 1162 447 1197 hoc
465 1162 609 1203 electos,
638 1161 740 1209 super
758 1161 1065 1209 procurationibus
1093 1175 1161 1208 que
1194 1162 1367 1210 Episcopo
1398 1163 1617 1198 debebantur
1644 1164 1686 1197 de

203 1218 350 1253 ecclesiis
368 1219 404 1253 in
423 1218 653 1253 instrumento
672 1217 773 1265 ipsius
792 1218 1024 1252 ordinationis
1042 1219 1241 1259 nominatis,
1272 1219 1435 1254 videlicet
1466 1220 1508 1254 de
1540 1219 1687 1255 ecclesiis

203 1277 246 1310 (16
267 1276 457 1323 Kilpatrik,
477 1276 520 1310 de
539 1275 661 1316 Neuit‚
687 1276 730 1309 de
752 1275 925 1322 Innirkip,
946 1275 989 1308 de
1010 1274 1248 1315 Kilmalcolm‚
1270 1275 1312 1310 de
1333 1275 1487 1317 Kilelan,
1509 1277 1552 1311 de
1572 1276 1687 1311 Hous-

202 1338 277 1373 ton,
306 1333 348 1366 de
378 1332 606 1372 Kssberchan,
636 1332 678 1366 de
698 1331 869 1372 Neliston,
899 1331 942 1365 de
971 1330 1105 1371 Polloc‚
1134 1331 1177 1366 de
1205 1331 1355 1372 Mernis,
1384 1332 1427 1367 de
1458 1333 1685 1380 Ruthirglen,

204 1390 246 1424 de
266 1389 425 1430 Catkert,
456 1389 498 1424 de
519 1389 758 1429 Curmannoc,
779 1389 822 1423 de
842 1387 1005 1422 Prestwie
1023 1387 1288 1429 monachorum,
1318 1389 1360 1423 de
1390 1388 1553 1424 Prestwic
1572 1390 1685 1436 burgi,

204 1446 246 1480 de
266 1445 398 1492 Cragin
417 1451 452 1480 et
479 1446 522 1480 de
551 1445 775 1486 Turnebirie,
803 1445 947 1479 tandem
979 1444 1061 1478 dicti
1083 1444 1305 1479 ordinatores
1335 1445 1379 1479 ad
1406 1452 1612 1493 perpetuam
1630 1459 1688 1493 pa-

203 1514 278 1536 cem
297 1502 392 1543 inter>
406 1506 523 1549 partes
541 1501 738 1536 habendam
756 1500 974 1536 moderando
992 1500 1225 1547 providerunt
1240 1499 1369 1548 septem
1385 1502 1531 1549 hospitia
1544 1503 1688 1536 nomine

203 1558 493 1605 procurationum
513 1558 609 1593 dicto
629 1558 801 1605 Episcopo
821 1563 854 1592 et
874 1557 948 1604 ejus
966 1554 1214 1591 succefl’oribus
1233 1557 1275 1591 de
1303 1558 1405 1592 dictis
1429 1558 1576 1593 ecclefiis
1595 1560 1689 1593 exhi-

204 1614 301 1656 beri3
331 1619 365 1648 et
392 1615 430 1649 in
459 1614 564 1662 hujus
594 1614 845 1649 moderationis
864 1612 1225 1660 recompensationem
1256 1614 1510 1650 ordinaverunt
1540 1622 1580 1650 ut
1610 1629 1688 1663 pro-

204 1676 331 1705 ventus
350 1669 487 1705 ecclefie
507 1671 550 1705 de
570 1670 695 1717 Irssiyn
713 1683 780 1717 que
799 1676 885 1704 tunc
910 1670 976 1704 fuit
1007 1670 1260 1705 monachorum
1279 1677 1450 1719 perpetuo
1469 1673 1635 1707 cederent
1654 1674 1688 1706 in

205 1726 284 1760 usus
299 1727 384 1761 dicti
400 1726 562 1774 Episcopi
581 1733 615 1761 et
633 1727 708 1774 ejus
725 1724 967 1761 succefforum.
1020 1726 1245 1762 Postmodum
1264 1741 1361 1769 vero,
1382 1734 1541 1776 tempore
1559 1729 1686 1769 nostro,

206 1796 285 1817 cum
322 1783 416 1817 dicta
450 1783 579 1830 septem
615 1782 763 1830 hospitia
801 1782 901 1817 nobis
931 1783 1075 1817 nomine
1103 1785 1392 1830 procurationum
1424 1785 1565 1832 singulis
1591 1788 1690 1820 annis

207 1839 284 1872 fieri
301 1844 512 1885 peteremus,
540 1837 616 1885 ipfis
635 1839 814 1874 monachis
832 1839 1103 1874 reclamantibus
1133 1846 1167 1874 et
1196 1842 1428 1876 renitentibus
1451 1849 1615 1889 pretextu
1633 1856 1691 1877 cu-

201 1893 340 1941 jusdam
357 1894 579 1930 instrumenti
596 1908 616 1929 a
633 1896 796 1943 predicto
814 1894 1028 1931 anteceffore
1046 1896 1162 1931 nostro
1182 1899 1317 1945 optenti
1335 1911 1398 1945 per
1416 1899 1511 1945 quod
1529 1899 1690 1933 dicebant

207 1951 241 1986 se
260 1964 333 1985 non
351 1949 413 1985 nifi
430 1951 574 1986 alternis
592 1952 692 1986 annis
705 1952 750 1987 ad
763 1953 874 1988 dictas
887 1953 1154 2000 procurationes
1168 1953 1343 1988 faciendas
1356 1955 1481 1995 teneri,
1501 1955 1545 1989 ad
1558 1955 1690 2002 sopien-

209 2008 288 2042 dam
308 2020 448 2042 omnem
468 2009 731 2043 contentionem
751 2010 843 2044 inter
861 2008 1037 2044 ecclefiam
1056 2008 1308 2056 Glasguensem
1324 2016 1359 2044 et
1371 2011 1505 2045 dictum
1524 2011 1692 2045 monaste-

208 2066 300 2099 rium
316 2064 359 2099 de
375 2063 534 2105 Paffelet‚
551 2065 594 2100 de
608 2066 820 2100 auctoritate
838 2065 954 2100 nostra
968 2070 1004 2100 et
1021 2065 1191 2113 solempni
1209 2065 1340 2101 aflensu
1359 2067 1501 2114 capituli
1519 2067 1636 2107 nostri,
1656 2068 1692 2101 in

209 2122 303 2155 hunc
321 2120 465 2155 modum
481 2122 658 2162 convenit,
673 2122 835 2157 videlicet
847 2123 943 2169 quod
960 2135 1082 2156 omnes
1099 2122 1259 2169 predicte
1277 2122 1416 2157 ecclesie
1433 2123 1692 2170 imperpetuum

210 2183 314 2211 erunt
338 2177 511 2212 immunes
530 2183 565 2212 et
584 2184 744 2225 exempte
763 2180 908 2214 omnino
935 2193 955 2213 a
980 2179 1188 2227 prestatione
1206 2180 1494 2227 procurationum
1514 2181 1558 2215 ad
1575 2194 1640 2216 nos
1658 2188 1693 2217 et

208 2232 414 2268 successores
429 2233 563 2268 nostros
577 2235 842 2281 pertinentium,
858 2241 892 2270 et
905 2249 970 2270 nos
982 2241 1016 2270 et
1030 2234 1237 2270 successores
1250 2237 1356 2271 nostri
1371 2250 1449 2271 cum
1466 2238 1630 2285 expedire
1645 2240 1693 2273 vi-

210 2290 364 2324 derimus
377 2290 554 2337 predictas
569 2289 724 2325 ecclesias
735 2292 886 2338 propriis
897 2291 1088 2339 sumptibus
1099 2292 1222 2327 nostris
1236 2292 1446 2328 visitabimus
1460 2294 1503 2328 de
1517 2297 1693 2341 proventi-

209 2345 272 2380 bus
284 2346 443 2393 predi&e
458 2345 596 2382 ecclesie
609 2347 652 2381 de
669 2346 794 2394 Irskyn
809 2354 843 2382 et
859 2348 901 2383 de
918 2348 1058 2383 redditu
1073 2349 1196 2395 viginti
1216 2354 1430 2394 [marcarum
1443 2352 1477 2394 ?]
1496 2364 1692 2387 annuarum
