1870 2683
715 263 785 297 DE
814 262 1083 298 PASSELET.
1573 269 1640 301 3221

166 358 258 406 giose
276 358 421 406 persone
439 358 581 394 liberius
599 364 634 394 et
651 360 801 406 quietius
827 358 957 394 habent
986 360 1043 395 vel
1068 359 1240 408 possident
1269 360 1424 396 ecclesias
1455 362 1491 396 in
1523 362 1648 398 diocesi

167 414 373 462 lupraditfffl,
401 414 494 449 salva
511 415 719 449 vicariarum
738 415 915 450 taxatione
933 416 1131 464 subscripta,
1152 417 1194 451 de
1212 430 1280 463 qua
1300 418 1410 464 [post]
1430 418 1569 465 longam
1591 420 1648 454 de-

165 470 406 505 liberationem
426 470 527 518 super
546 471 759 506 estimatione
770 470 813 506 fic
827 471 990 506 duximus
1001 473 1265 520 providendum
1282 486 1291 508 ε
1312 474 1488 509 Videlicet
1502 480 1541 509 ut
1558 476 1648 510 vica-

165 528 236 561 rius
254 526 392 562 ecclesie
412 528 532 562 Sancti
551 527 738 562 Cuthberti
757 527 799 562 de
819 527 982 562 Prestwie
1001 528 1126 563 habeat
1138 529 1281 564 nomine
1294 530 1420 565 vicarie
1438 529 1496 564 sex
1514 531 1647 565 eeldras

165 583 274 617 farine
289 596 369 618 cum
381 583 549 629 altaragio
567 597 576 626 3
605 583 753 617 vicarius
772 583 814 617 de
834 583 966 630 Cragin
984 584 1109 619 habeat
1127 585 1334 631 alteragium
1353 599 1432 620 cum
1451 587 1561 621 tribus
1580 587 1646 622 cel-

165 639 236 673 dris
247 639 356 674 farine
371 640 427 674 vel
442 645 583 674 centum
597 638 724 673 solidos
738 654 748 682 3
768 639 916 674 vicarius
932 640 974 674 de
989 640 1210 675 Turneberie
1222 642 1346 676 habeat
1361 648 1501 677 centum
1516 643 1645 678 solidos

166 696 201 729 in
219 695 387 741 alteragio
405 695 461 730 vel
480 696 516 729 in
534 695 675 729 decimis
693 695 786 729 bladi
804 694 826 728 fi
844 694 1052 742 alteragium
1070 709 1143 730 non
1155 696 1322 740 sufficiat3
1351 699 1500 733 vicarius
1520 699 1563 734 de
1584 699 1643 734 In-

165 752 278 800 virkip
297 753 422 787 habeat
439 757 581 787 centum
607 751 734 786 solidos
752 753 788 786 in
816 752 983 797 alteragio
1001 767 1009 794 ;
1038 753 1186 787 vicarius
1205 753 1247 787 de
1269 753 1502 789 Kihnacolme
1519 755 1644 790 habeat

165 813 306 843 centum
325 807 452 843 solidos
470 808 506 842 in
524 808 692 854 alteragio
708 822 718 851 ;
747 808 896 842 vicarius
915 808 958 842 de
979 808 1144 843 Kilhelan
1156 809 1281 843 habeat
1300 814 1416 845 totum
1434 811 1643 857 alteragium

165 871 199 900 et
217 878 323 900 unam
342 865 494 900 celdram
512 864 622 899 farine
637 879 646 907 ;
674 864 823 899 vicarius
842 864 884 898 de
906 864 1069 898 Houston
1088 865 1212 899 habeat
1227 866 1433 912 alteragium
1447 872 1481 901 et
1496 872 1565 901 tres
1580 868 1646 902 cel-

165 922 243 956 dras
257 922 367 955 farine
383 935 392 963 3
413 921 561 955 vicarius
576 920 618 955 de
633 920 847 955 Kilberchan
861 919 985 954 habeat
999 926 1111 954 totum
1126 921 1331 967 alteragium
1345 923 1488 957 nomine
1500 924 1626 958 vicarie
1635 938 1644 966 3

164 978 312 1013 vicarius
330 978 372 1012 de
392 977 514 1012 Polloc
532 977 656 1011 habeat
674 977 881 1023 alteragium
902 981 936 1010 et
955 976 1040 1010 duas
1059 977 1193 1011 celdras
1211 978 1322 1012 farine
1337 984 1371 1012 et
1383 979 1536 1025 quinque
1551 992 1645 1014 acras

163 1041 257 1069 terre
269 1034 372 1081 juxta
389 1032 576 1074 ecclesiam,
596 1033 770 1068 residuum
788 1045 872 1067 vero
891 1037 985 1067 terre
1000 1033 1100 1067 cedat
1118 1034 1153 1067 in
1165 1033 1244 1068 usus
1259 1036 1512 1070 monachorum
1527 1050 1536 1079 3
1557 1036 1646 1071 vica-

164 1091 235 1125 rius
253 1090 296 1125 de
317 1089 493 1124 Kathkert
510 1089 635 1124 habeat
653 1089 860 1135 alteragium
892 1102 970 1123 cum
997 1089 1105 1124 tribus
1126 1090 1250 1124 celdris
1268 1091 1378 1126 farine
1398 1106 1407 1134 3
1435 1093 1585 1127 vicarius
1604 1093 1645 1127 de

165 1146 392 1181 Curmannoc
409 1145 533 1180 habeat
551 1145 757 1191 alteragium
777 1157 856 1179 cum
882 1145 992 1179 tribus
1010 1145 1135 1179 celdris
1153 1146 1285 1189 farine3
1319 1148 1467 1182 vicarius
1487 1149 1530 1183 de
1551 1149 1648 1183 Mer-

164 1215 225 1237 nes
243 1202 367 1236 habeat
392 1207 533 1236 centum
561 1200 688 1235 solidos
716 1201 769 1235 vel
790 1201 994 1247 alteragium
1015 1214 1094 1236 cum
1126 1202 1259 1236 duabus
1285 1203 1420 1238 bovatis
1438 1211 1531 1239 terre
1544 1205 1647 1251 juxta

165 1258 351 1299 ecclesiam,
382 1256 557 1292 residuum
587 1270 671 1292 vero
702 1263 795 1292 terre
826 1257 926 1292 cedat
955 1258 991 1291 in
1021 1257 1102 1292 usus
1128 1260 1381 1294 monachorum
1396 1275 1405 1303 ;
1436 1261 1584 1296 vicarius
1603 1262 1645 1296 de

166 1315 382 1361 Ruthirglen
399 1314 524 1348 habeat
551 1314 672 1348 decem
690 1314 847 1348 marchas
865 1313 921 1348 vel
940 1313 1147 1360 alteragium
1176 1321 1293 1362 preter
1322 1316 1472 1351 decimas
1489 1316 1644 1364 piscium,

164 1371 345 1406 reddendo
376 1371 458 1405 inde
486 1370 665 1405 monachis
693 1370 873 1404 annuatim
905 1369 990 1404 duas
1020 1383 1152 1405 marcas
1168 1386 1177 1413 ;
1211 1372 1361 1406 vicarius
1392 1373 1434 1407 de
1468 1373 1646 1420 Kilpatrik

165 1428 350 1462 duodecim
370 1427 525 1461 marchas
543 1426 667 1460 habeat
685 1426 721 1459 in
739 1425 908 1472 alteragio
926 1427 982 1461 vel
1000 1427 1036 1461 in
1055 1428 1197 1462 decimis
1211 1429 1303 1463 bladi
1317 1428 1341 1464 11
1355 1430 1560 1476 alteragium
1573 1443 1647 1465 non

165 1484 319 1519 sufficiat.
372 1482 524 1518 Ecclesia
543 1482 663 1517 Sanc'ti
681 1482 844 1516 Nieholai
864 1482 907 1517 de
927 1482 1101 1525 Prestwic,
1130 1485 1270 1519 ecclesia
1287 1486 1330 1520 de
1349 1486 1519 1527 Neliston,
1540 1493 1574 1521 et
1593 1500 1646 1522 ec-

165 1539 263 1575 clefia
280 1540 323 1574 de
342 1539 486 1574 Neueth
504 1539 630 1573 cedant
656 1539 693 1572 in
722 1537 802 1572 usus
821 1540 1085 1580 monachorum,
1120 1540 1313 1575 dummodo
1331 1543 1492 1577 monachi
1510 1544 1646 1590 presen-

165 1602 239 1631 tent
258 1595 416 1644 episcopo
435 1596 580 1630 idoneos
595 1594 791 1642 capellanos
808 1594 868 1640 qui
886 1594 928 1629 de
947 1594 1195 1642 episcopalibus
1213 1596 1456 1644 respondeant.
1509 1599 1554 1633 In
1571 1599 1646 1633 aliis

165 1658 280 1687 autem
299 1652 504 1699 supradictis
519 1650 677 1692 ecelefiis,
698 1663 777 1685 cum
790 1663 846 1684 eas
860 1664 982 1685 vacare
995 1653 1192 1698 contigerit,
1212 1652 1403 1689 secundum
1421 1654 1645 1702 prescriptam

165 1709 378 1743 taxationem
398 1708 541 1742 domino
560 1706 720 1755 episcopo
739 1706 944 1753 Glasguenfi
962 1707 1203 1755 representent
1230 1710 1377 1745 vicarios
1399 1712 1555 1753 idoneos,
1587 1712 1646 1758 qui

165 1772 235 1800 tam
255 1765 298 1799 de
316 1764 620 1811 procurationibus
638 1776 741 1810 quam
761 1763 803 1797 (10
822 1763 897 1797 aliis
915 1764 1076 1799 omnibus
1094 1766 1137 1799 ad
1155 1779 1222 1812 que
1240 1768 1486 1814 prenominate
1505 1767 1643 1802 00010110

166 1822 209 1856 (10
221 1821 303 1868 jure
321 1826 487 1855 tenentur
516 1819 759 1867 respondeant,
793 1825 827 1854 et
845 1820 981 1854 vicariis
998 1820 1225 1868 suprataxatis
1242 1823 1307 1858 fiut
1333 1825 1501 1866 contenti,
1531 1831 1566 1859 et
1583 1825 1645 1859 ho-

166 1877 295 1912 nestam
316 1882 350 1911 et
369 1876 518 1910 debitam
537 1876 664 1910 faciant
682 1875 911 1916 residentiam,
939 1877 1094 1923 alioquin
1112 1879 1237 1914 cadant
1256 1893 1275 1913 a
1288 1880 1370 1926 jure
1389 1880 1450 1915 suo
1469 1887 1503 1915 et
1521 1881 1579 1915 alii
1598 1881 1639 1915 de

166 1946 260 1967 novo
291 1931 546 1979 presentemur,
615 1932 650 1966 Si
680 1945 765 1966 vero
797 1932 881 1966 dicti
910 1933 1070 1967 monachi
1090 1934 1133 1968 de
1160 1935 1295 1969 vicariis
1313 1935 1355 1970 fic
1374 1938 1496 1971 taxatis
1514 1938 1645 1983 aliquid

166 1988 400 2025 subtraxerint
418 1987 473 2021 vel
492 1987 550 2021 fibi
568 1987 780 2021 retinuerint
798 1993 832 2021 ct
849 1986 950 2034 super
969 1989 1034 2023 hoc
1053 1991 1205 2025 0011111ἃί
1224 1992 1366 2033 fuerint,
1387 1993 1513 2027 cadant
1530 1993 1643 2040 ajure

166 2044 387 2092 presentandi
405 2057 445 2078 ea
462 2044 548 2083 vice,
574 2049 609 2077 et
627 2041 804 2090 episcopus
823 2044 961 2078 ordinet
979 2058 1019 2078 ea
1036 2046 1110 2080 vice
1128 2053 1233 2092 prout
1251 2048 1378 2082 viderit
1396 2049 1641 2083 ordinandum.

169 2101 274 2140 Hanc
292 2099 455 2146 liquidem
474 2100 688 2134 taxationem
706 2098 765 2133 seu
777 2098 1007 2146 provisionem
1026 2114 1088 2148 per
1102 2114 1166 2135 nos
1177 2103 1305 2137 factam
1324 2104 1485 2138 dominus
1504 2103 1643 2151 Episco-

166 2170 230 2204 pus
248 2162 283 2191 et
301 2156 490 2203 capitulum
511 2153 725 2202 Glaiguense
745 2160 779 2189 et
798 2155 917 2190 Abbas
936 2161 970 2190 et
996 2163 1190 2192 conventus
1207 2159 1356 2205 predicti
1374 2166 1643 2207 acceptaverunt

167 2218 201 2247 et
219 2218 424 2260 perpetuam
443 2211 569 2246 habere
596 2210 840 2258 promiserunt.
902 2212 949 2246 Et
978 2219 1018 2247 ut
1047 2213 1186 2260 presens
1212 2215 1397 2257 ordinatio,
1427 2217 1469 2250 ab
1494 2222 1642 2263 utraque

168 2275 265 2315 parte
283 2268 435 2303 fideliter
452 2267 643 2315 approbata
660 2272 695 2301 et
711 2267 819 2313 gratis
837 2274 988 2315 recepta,
1009 2270 1109 2303 firma
1123 2277 1262 2306 maneat
1277 2277 1311 2306 et
1323 2272 1578 2320 imperpetuum
1591 2275 1642 2308 in-

169 2323 340 2366 concussa,
361 2324 524 2360 dominus
543 2321 733 2371 Episcopus
751 2327 786 2358 et
805 2323 995 2370 capitulum
1015 2324 1230 2373 Glaliguense
1248 2333 1283 2363 et
1302 2328 1421 2364 Abbas
1439 2335 1474 2364 et
1491 2343 1642 2366 conven-

1753 1839 1812 1856 11018.
