1870 2683
194 266 264 297 434
591 258 906 294 REGISTRUM
934 257 1274 294 MONASTERII

197 364 291 393 terra
309 369 411 402 quam
429 355 531 402 supra
547 360 687 395 terram,
716 359 787 388 tam
805 354 929 400 procul
947 365 1049 400 quam
1068 366 1189 401 prope,
1219 355 1263 388 ad
1281 354 1414 388 dietum
1431 359 1670 391 tenementum

201 426 279 447 cum
298 411 516 459 pertinentiis
534 409 768 457 speetantibus
786 409 845 443 seu
857 409 947 456 juste
969 409 1125 457 speetare
1143 409 1339 444 valentibus
1356 410 1617 456 quomodolibet
1635 410 1671 445 in

199 470 367 508 futurum,
387 467 507 506 libere,
527 466 654 512 quiete,
673 465 840 512 plenarie,
860 465 1007 511 integre,
1028 465 1232 505 honorifice,
1263 464 1353 500 bene
1371 470 1406 499 et
1423 465 1459 499 in
1476 477 1572 511 pace,
1602 466 1672 500 fine

198 523 472 571 perturbatione,
501 521 766 567 inquietatione,
798 521 1043 560 retinemento,
1076 520 1301 555 revocatione
1317 525 1379 555 aut
1396 520 1673 555 contradiffione

197 578 313 619 nostri,
333 578 530 612 nostrorum
549 575 776 611 successorum
794 582 855 610 aut
873 576 1069 622 aliquorum
1081 575 1279 610 nostrorum
1291 575 1551 623 affignatorum.
1580 576 1674 611 Red-

199 635 313 670 dendo
331 635 412 668 inde
430 634 610 668 annuatim
629 633 744 667 dietus
764 632 901 666 Alanus
921 632 1080 666 Steward
1107 632 1149 666 de
1179 631 1382 666 Cardonald
1407 631 1553 667 heredes
1570 631 1622 667 sui
1639 637 1675 667 et

198 690 352 738 asfignati
370 690 469 724 nobis
489 689 620 724 Abbati
639 695 673 723 et
691 689 881 723 conventui
900 688 942 722 de
963 687 1095 722 Passeto
1115 693 1149 722 et
1166 685 1414 722 succefforibus
1434 687 1557 723 nostris
1574 688 1674 734 quin-

197 760 264 793 que
283 746 408 780 solidos
426 745 551 780 niualis
569 750 710 779 monete
734 744 833 790 regni
853 744 968 778 Scotie
998 743 1042 777 ad
1073 743 1161 777 duos
1191 744 1272 777 anni
1291 744 1460 778 terminos
1479 743 1672 785 consuetos,

196 803 358 837 videlieet
376 802 419 836 ad
437 801 558 836 festum
579 799 797 835 Pentecostes
824 805 858 834 et
886 799 1006 834 Sancti
1027 799 1175 833 Martini
1193 800 1229 834 in
1246 813 1347 846 yeme
1365 812 1428 846 per
1446 800 1585 846 equales
1602 813 1673 836 me-

198 859 270 893 dias
287 858 477 905 portiones,
509 857 651 891 nomine
680 856 785 890 annui
817 855 974 889 redditus
1004 855 1210 896 feodifirme,
1241 854 1311 890 fine
1328 855 1489 890 ulteriori
1506 856 1674 903 temporie

197 914 457 961 prorogatione,
477 926 540 960 pro
561 913 654 946 omui
673 912 740 945 alio
760 924 877 951 onere,
899 911 1095 951 exstetione,
1127 911 1315 957 questione,
1344 912 1516 946 demanda
1533 910 1592 946 seu
1605 911 1676 947 ser-

197 971 282 1004 vitio
301 968 444 1003 seculari
463 981 529 1014 que
548 969 590 1002 de
608 967 767 1014 predi6'w
794 973 997 1001 tenemento
1016 980 1096 1001 cum
1114 968 1334 1014 pertinentiis
1361 980 1425 1014 per
1453 966 1677 1014 quoscunque

199 1026 279 1060 inde
298 1025 390 1071 exigi
407 1029 574 1071 poterunt
592 1023 647 1057 vel
666 1022 806 1068 requiri.
859 1022 905 1056 Et
923 1021 946 1056 fi
965 1024 1145 1069 contingat
1164 1023 1298 1058 dietum
1323 1036 1480 1058 annuum
1499 1024 1675 1058 redditum

199 1081 282 1116 dieti
301 1080 504 1119 tenementi,
524 1092 586 1126 per
605 1078 737 1112 nostros
756 1078 938 1112 officiarios
956 1079 1001 1112 ad
1018 1079 1085 1112 hoc
1103 1091 1165 1125 per
1183 1091 1247 1112 nos
1266 1084 1301 1113 et
1319 1077 1523 1114 succeffores
1541 1079 1676 1114 nostros

200 1138 388 1177 ordinatos,
418 1149 438 1170 a
468 1136 563 1169 dieto
586 1135 702 1169 Alano
722 1134 891 1173 Steward‚
925 1134 1110 1168 heredibus
1137 1133 1203 1168 suis
1222 1139 1257 1168 et
1274 1133 1446 1180 aflignatis
1471 1135 1621 1181 juridice
1641 1140 1676 1170 et

199 1192 388 1228 secundum
407 1192 503 1226 usum
523 1192 624 1237 burgi
643 1191 677 1224 in
696 1191 854 1224 terminis
872 1189 1068 1237 prescriptis
1088 1190 1180 1236 exigi
1199 1196 1234 1224 et
1252 1191 1393 1236 requiri,
1408 1196 1442 1225 et
1459 1190 1534 1238 post
1545 1191 1674 1226 dietam

200 1249 420 1283 exafifionem
439 1253 498 1282 aut
516 1246 773 1293 requisitionem
793 1252 827 1281 et
845 1247 1015 1281 terminos
1034 1245 1280 1293 suprascriptos
1302 1246 1347 1280 ad
1363 1245 1509 1293 spatium
1531 1247 1679 1293 quadra-

199 1305 296 1351 ginta
314 1305 450 1339 dierum
468 1316 530 1350 per
549 1302 659 1350 ipsum
679 1302 847 1342 Alanum‚
867 1302 1014 1336 heredes
1029 1302 1107 1336 suos
1119 1307 1154 1337 et
1165 1301 1348 1349 affignatos
1359 1303 1501 1338 minime
1513 1302 1675 1351 persolvi,

200 1367 285 1395 tunc
301 1360 465 1395 volumus
483 1359 584 1408 quod*
596 1359 690 1393 dieta
708 1357 877 1392 eoneeflio
895 1358 1092 1393 feodifirme
1111 1358 1304 1393 tenementi
1322 1358 1452 1393 nullius
1477 1358 1517 1394 fit
1541 1359 1677 1394 roboris

200 1423 259 1451 aut
271 1416 412 1462 vigoris,
426 1415 483 1449 sed
496 1415 591 1461 quod
605 1415 739 1449 dietum
754 1420 996 1449 tenementum
1011 1428 1090 1449 cum
1105 1415 1325 1462 pertiuentiis
1338 1415 1382 1449 ad
1396 1427 1459 1449 nos
1474 1420 1508 1450 et
1521 1415 1678 1450 nostrum

201 1472 446 1507 monasterium
464 1471 572 1505 libere
591 1476 788 1506 revertatur
806 1471 842 1505 in
861 1471 965 1505 feodo
984 1476 1019 1505 et
1036 1471 1231 1505 hereditate
1249 1471 1519 1519 imperpetuum,
1551 1471 1678 1518 absque

203 1528 387 1568 obstaculo,
407 1527 657 1574 impedimento
672 1532 706 1561 et
721 1527 1000 1561 contradiffione
1023 1527 1295 1573 quibulcunque.
1347 1527 1395 1562 Et
1412 1540 1477 1562 nos
1493 1541 1578 1563 vero
1593 1528 1677 1563 dieti

206 1585 323 1619 Abbas
342 1589 376 1618 et
395 1589 589 1618 conventus
608 1582 804 1617 monasterii
825 1583 867 1617 de
887 1582 1021 1617 Passeto
1041 1589 1075 1618 et
1092 1582 1297 1618 successores
1318 1583 1424 1618 nostri
1441 1589 1556 1618 totum
1575 1589 1610 1619 et
1626 1585 1677 1618 in-

202 1648 341 1688 tegrum
360 1640 493 1674 dietum
512 1644 753 1674 tenementum
772 1638 917 1684 bui-gale
944 1652 1023 1673 cum
1040 1639 1260 1686 pertinentiis
1284 1639 1405 1686 jacens
1434 1640 1472 1673 in
1501 1639 1613 1687 burgo
1642 1646 1677 1675 et

204 1698 343 1733 civitate
362 1696 506 1742 Glasgw
525 1702 559 1730 et
577 1697 612 1729 in
631 1695 798 1729 limitibus
816 1700 855 1729 ut
873 1695 1075 1741 predicitur,
1095 1700 1201 1742 prout
1212 1695 1333 1742 jacent
1349 1696 1386 1730 in
1403 1695 1624 1742 longitudine
1643 1702 1678 1731 et

204 1754 400 1793 latitudine,
427 1752 562 1799 prefato
583 1752 701 1786 Alano
722 1751 889 1792 Steward,
910 1751 1095 1785 heredibus
1112 1750 1178 1785 suis
1197 1756 1232 1785 et
1249 1749 1431 1798 affignatis,
1451 1751 1538 1786 adeo
1556 1751 1675 1794 libere,

206 1810 320 1856 quiete
338 1810 375 1842 in
394 1808 554 1843 omnibus
572 1813 605 1842 et
624 1820 687 1854 per
706 1807 833 1847 omnia,
854 1807 971 1847 modo,
990 1807 1056 1847 via,
1078 1806 1200 1848 forma,
1215 1806 1298 1853 jure
1316 1812 1350 1841 et
1367 1806 1466 1841 causa
1483 1813 1523 1842 ut
1540 1808 1678 1855 premis-

204 1868 277 1901 sum
296 1865 342 1900 est
361 1871 482 1900 contra
500 1877 620 1899 omnes
638 1864 802 1898 mortales
820 1862 1121 1903 varantizabinms,
1151 1862 1422 1908 acquietabimus
1449 1868 1482 1897 et
1508 1863 1678 1911 imperpe—

204 1930 303 1957 tuum
324 1921 559 1956 defendemus.
613 1920 657 1954 In
675 1919 773 1966 cujus
803 1920 853 1954 rei
884 1919 1118 1954 testimonium
1145 1917 1293 1965 figillum
1321 1931 1507 1954 commune
1536 1920 1678 1966 capituli

204 1978 284 2012 huie
302 1976 451 2024 presenti
470 1982 563 2010 carte
581 1975 695 2009 nostre
714 1975 760 2010 est
779 1976 966 2022 appensum
985 1975 1078 2022 apud
1093 1974 1337 2009 monasterium
1355 1974 1510 2009 nostrum
1526 1975 1678 2010 antedic-

205 2041 291 2074 tum,
304 2038 364 2067 xx⁰
379 2033 434 2067 die
448 2031 570 2066 meniis
583 2031 750 2066 octobris
764 2044 856 2065 anno
873 2037 916 2065 M⁰
931 2035 1063 2066 ccccc⁰
1076 2035 1125 2071 νο,
1142 2043 1259 2065 coram
1274 2031 1339 2065 hiis
1352 2030 1503 2072 testibus,
1516 2030 1677 2078 magistro

207 2090 357 2124 Patricio
377 2089 511 2128 Schaw,
531 2089 674 2122 domino
695 2087 728 2121 T
730 2088 833 2121 homa
852 2087 944 2128 Scot,
966 2086 1161 2134 capellanis,
1183 2086 1343 2122 Roberto
1359 2086 1502 2123 Caveris
1517 2092 1552 2123 et
1565 2086 1678 2123 Geor-

207 2147 263 2191 gio
283 2145 481 2185 Crawfurd,
502 2157 579 2179 eum
601 2142 739 2178 diversis
757 2144 841 2178 aliis.
