1839 2652
192 248 236 278 14
582 238 895 275 REGISTRUM
923 238 1262 273 MONASTERII

189 345 260 374 tem
277 338 336 384 qui
354 337 480 371 dicitur
506 335 683 381 Cloghari‚
712 340 747 368 et
772 347 834 381 per
852 333 1001 368 eundem
1032 338 1225 367 torrentem
1254 332 1360 379 usque
1391 334 1434 368 ad
1461 347 1583 381 rupem
1611 335 1653 369 de

189 392 481 432 Bardristrenach,
495 396 530 426 et
543 403 605 438 per
618 390 815 436 proximum
826 387 931 423 ficum
944 387 1061 422 subtus
1079 388 1173 422 illam
1187 400 1310 434 rupem
1327 388 1432 434 usque
1449 389 1484 422 in
1503 390 1654 424 rivulum

189 449 232 483 de
250 448 385 494 Logan,
413 452 448 481 et
464 459 527 493 per
546 446 697 480 rivulum
716 445 815 478 illum
832 444 938 491 usque
955 445 999 478 ad
1017 444 1137 478 divisas
1156 444 1198 478 de
1218 444 1461 490 Cloghrodric,
1482 450 1516 479 et
1533 444 1576 479 fic
1592 459 1655 492 per

190 503 310 538 divisas
337 503 379 537 de
406 501 639 548 Cloghrodric
664 499 770 545 usque
796 501 839 533 ad
869 501 1065 547 predictum
1093 506 1286 535 torrentem
1316 500 1374 547 qui
1405 501 1513 535 currit
1538 500 1656 537 subtus

191 559 450 605 Craghenbroc.
504 557 669 591 Preterea
689 556 844 589 concedo
863 556 910 590 eis
928 562 967 590 ut
985 557 1111 591 faciant
1130 562 1164 590 et
1182 556 1330 590 habeant
1350 556 1526 590 dimidiam
1552 555 1656 603 pisca-

189 620 303 648 turam
321 614 356 647 in
375 614 470 647 exitu
489 612 583 646 lacus
602 612 644 645 de
663 610 918 656 Loghwinnoc‚
939 618 973 646 et
991 612 1146 646 concedo
1164 612 1212 646 eis
1230 612 1425 646 libertatem
1442 611 1594 658 piscandi
1619 614 1656 647 in

189 669 261 716 ipso
280 670 367 709 lacu,
383 669 544 714 quotiens
558 680 623 713 ego
636 666 693 701 vel
711 666 855 700 heredes
869 668 936 701 mei
950 669 986 701 in
1004 667 1075 714 ipso
1094 667 1212 714 piscari
1225 667 1399 702 faciemus.
1445 668 1524 702 Hec
1538 674 1653 703 autem

189 726 306 759 omnia
322 725 575 772 prenominata,
596 723 689 756 dono
708 727 743 756 et
761 723 915 756 concedo
937 723 1102 769 predictis
1121 724 1298 757 monachis
1323 723 1372 757 ita
1388 723 1507 764 libere,
1527 725 1652 769 quiete,

188 781 343 828 plenarie
361 786 396 814 et
412 779 616 818 honorifice,
644 776 727 812 ficut
745 778 827 811 alias
845 778 1046 813 elemosinas
1063 778 1148 819 suas,
1168 779 1320 819 liberius,
1340 779 1499 825 quietius,
1519 779 1655 826 plenius

189 842 225 871 et
253 835 550 875 honorificentius,
577 839 700 868 tenent
727 838 762 868 et
791 832 971 879 possident.
1025 835 1104 869 Hiis
1131 835 1281 875 testibus,
1312 835 1470 869 Henrico
1496 835 1539 869 de
1566 835 1654 870 Cur·

188 904 348 932 mannoc,
386 890 546 925 Roberto
575 889 679 929 Croc,
716 888 881 924 Wilelmo
909 888 1106 931 Pafl'elewe,
1145 891 1303 925 Henrico
1331 890 1374 924 de
1403 890 1486 931 Nes,
1521 891 1654 926 Jacobo

189 948 380 995 capellano,
420 946 573 980 Ricardo
607 945 745 986 clerico,
784 946 949 980 &Vilelmo
983 946 1056 980 filio
1098 946 1221 986 Maidi‚
1258 945 1417 980 Fulcono
1451 947 1651 987 camerario,

191 1003 347 1051 Hugone
365 1003 409 1037 de
428 1001 634 1041 Malleville,
661 1006 696 1036 et
713 1002 830 1037 multis
847 1003 932 1037 aliis.

191 1171 298 1205 Carta
316 1168 423 1202 Alani
440 1167 502 1202 filii
522 1167 678 1208 Walteri,
696 1168 901 1208 fundatoris,
921 1168 964 1202 de
984 1168 1124 1203 decimis
1142 1167 1290 1202 denariis
1308 1167 1350 1201 de
1370 1165 1564 1214 Maphelin.

191 1280 429 1316 OMNIBUS
456 1278 574 1312 sancte
606 1277 725 1311 matris
755 1277 893 1313 ecclesie
920 1279 1008 1318 filiis,
1045 1285 1114 1312 tam
1149 1277 1363 1326 presentibus
1390 1290 1493 1323 quam
1519 1278 1655 1319 futuris,

192 1338 328 1372 Alanus
345 1336 436 1369 filius
449 1334 605 1373 Walteri,
620 1333 824 1373 fundatoris,
841 1334 973 1381 dapifer
993 1334 1100 1380 Regis
1119 1334 1245 1373 Scotie,
1264 1332 1419 1367 salutem.
1471 1333 1592 1368 Sciatis
1602 1347 1657 1369 me

192 1391 331 1432 dediffe,
362 1388 554 1426 conceflifl'e
582 1395 617 1423 et
645 1389 708 1423 hac
726 1395 821 1423 carta
848 1402 925 1423 mea
952 1388 1165 1424 confirmasse
1195 1389 1276 1423 Deo
1306 1394 1341 1423 et
1371 1388 1508 1423 ecclesie
1539 1389 1658 1424 Sanzffi

191 1449 313 1485 Jacobi
332 1449 374 1482 de
390 1445 535 1482 Paffelet
553 1451 588 1479 et
606 1445 784 1479 monachis
801 1445 928 1479 ibidem
943 1445 1025 1479 Deo
1042 1445 1279 1484 servientibus,
1308 1456 1373 1490 pro
1400 1444 1658 1490 adquietatione

193 1505 317 1540 decimi
351 1503 484 1538 denarii
518 1501 718 1535 reddituum
753 1513 913 1535 meorum
941 1501 1208 1547 imperpetuum,
1240 1500 1316 1533 illas
1345 1500 1497 1545 quinque
1527 1512 1658 1534 marcas

192 1560 328 1606 argenti
362 1571 445 1605 quas
471 1557 631 1590 monachi
666 1556 709 1590 de
751 1556 886 1589 Meiros
916 1555 1070 1590 solebant
1104 1556 1251 1590 reddere
1281 1555 1383 1589 michi
1409 1555 1588 1589 annuatim
1615 1556 1658 1589 de

195 1615 400 1662 Maphelim‚
425 1618 457 1646 et
470 1625 534 1658 ego
554 1615 625 1656 [et]
643 1612 790 1646 heredes
807 1612 875 1645 mei
893 1612 1020 1645 erimus
1033 1612 1139 1657 quieti
1151 1612 1407 1657 imperpetuum
1420 1611 1512 1657 apud
1525 1611 1601 1644 illos
1615 1611 1658 1645 de

195 1672 329 1706 decimo
348 1669 490 1704 denario
508 1668 708 1702 reddituum
726 1667 933 1701 nostrorum.
987 1667 1034 1701 Et
1055 1666 1114 1713 ipfi
1139 1666 1299 1700 monachi
1318 1666 1360 1699 de
1390 1665 1526 1699 Melros
1556 1672 1659 1700 erunt

194 1727 295 1762 liberi
312 1739 395 1772 erga
412 1737 467 1759 me
485 1730 520 1758 et
537 1724 681 1758 heredes
699 1736 794 1757 meos
813 1723 855 1757 de
872 1723 973 1757 firma
989 1721 1140 1769 ipsorum
1160 1722 1393 1761 denariorum,
1425 1726 1460 1754 et
1477 1720 1660 1767 responde-

195 1783 284 1817 bunt
300 1782 426 1816 amodo
444 1780 621 1814 monachis
639 1779 681 1813 de
701 1777 846 1813 Paffelet
864 1779 906 1813 de
924 1777 998 1825 ipsis
1029 1777 1199 1819 denariis3
1229 1776 1386 1810 Libertas
1403 1781 1520 1810 autem
1537 1776 1660 1811 foreste

197 1839 240 1873 de
259 1837 443 1884 Maphelin
456 1835 648 1870 remanebit
662 1835 766 1869 michi
783 1840 818 1869 et
835 1834 1018 1869 heredibus
1029 1833 1124 1873 meis,
1144 1831 1284 1879 prefatis
1297 1831 1474 1866 monachis
1490 1831 1532 1866 de
1551 1830 1661 1866 Pafl'e-

197 1894 246 1928 let
256 1899 393 1927 tantum
408 1892 567 1926 denarios
580 1903 666 1937 quos
678 1903 743 1936 ego
758 1892 820 1937 [a]
836 1890 936 1924 dictis
950 1888 1127 1923 monachis
1141 1888 1183 1921 de
1197 1887 1237 1921 M
1242 1887 1332 1921 elros
1343 1887 1481 1934 percepi
1492 1887 1662 1934 imperpe-

198 1956 299 1984 tuum
316 1948 518 1995 recepturis.
570 1947 649 1980 Hiis
666 1946 816 1987 testibus,
837 1945 1000 1980 WVilelmo
1019 1943 1176 1990 episcopo
1192 1943 1312 1977 saneti
1331 1943 1487 1983 Andree,
1513 1941 1661 1977 Oiberto

199 2005 321 2040 abbate
339 2004 382 2038 de
403 2003 556 2043 Kelkou‚
585 2002 744 2037 Roberto
763 2002 866 2042 Croc,
897 2000 1064 2047 Magistro
1084 1999 1216 2040 Alwin‚
1243 1999 1361 2034 Alano
1380 1999 1422 2032 de
1441 1998 1662 2044 Mungumfi,

201 2060 366 2096 Wilelmo
385 2060 427 2094 de
447 2058 602 2099 Paflelet‚
634 2058 791 2093 Henrico
809 2058 852 2092 de
870 2057 955 2097 Nes,
984 2056 1102 2090 Alano
1130 2055 1202 2089 filio
1227 2053 1299 2095 suo,
1329 2054 1485 2088 Ranulfo
1511 2054 1554 2088 de
1579 2053 1664 2088 Ket-

200 2118 291 2157 kert,
319 2115 483 2151 Wilelmo
500 2115 572 2150 filio
593 2114 715 2155 Maidi,
743 2119 779 2149 et
795 2113 870 2148 aliis
885 2112 1035 2148 testibus.
1612 2129 1619 2135 -
