1870 2683
769 279 840 315 DE
868 277 1137 314 PASSELET.
1620 283 1692 314 423

212 378 255 413 de
273 377 452 413 monachis
470 376 665 412 monasterii
683 375 884 425 supradicti,
903 376 962 424 qui
979 375 1037 410 fibi
1055 387 1118 423 per
1132 374 1336 409 canonicam
1354 374 1564 409 electionem
1582 374 1691 410 libere

211 433 338 482 poffint
355 433 514 468 abbatem
535 433 674 480 eligere,
709 439 743 468 et
761 433 855 479 quod
874 432 1073 480 predictum
1092 430 1338 465 monasterium
1357 430 1473 465 taliter
1492 431 1691 466 construen-

213 491 296 525 dum
315 503 335 524 a
352 489 518 537 potestate
539 495 573 524 et
593 488 838 536 jurisdictione
868 489 1016 523 Abbatis
1035 494 1069 523 et
1088 492 1282 523 conventus
1309 487 1394 522 dicti
1425 487 1622 522 monasterii
1649 487 1692 522 de

215 546 362 582 Paffelet
380 547 417 580 in
435 546 597 580 omnibus
614 544 652 580 fit
671 551 885 593 exemptum,
916 544 978 579 nifi
995 546 1032 579 in
1051 545 1183 579 ordinis
1202 549 1236 578 et
1256 544 1393 578 habitus
1411 544 1691 579 conformatione

214 609 249 638 et
267 601 519 642 observatione,
540 608 574 636 et
592 602 687 648 quod
706 602 825 636 Abbas
854 602 896 636 de
916 600 1086 636 Paffeleto
1115 601 1174 648 qui
1204 613 1269 648 pro
1297 606 1457 648 tempore
1484 601 1589 635 fuerit
1614 613 1691 648 pre-

213 658 347 694 dictum
376 658 624 693 monasterium
656 659 698 693 de
731 658 955 705 Crosragmol
988 657 1093 692 semel
1119 655 1231 691 vifitet
1257 657 1448 691 annuatim.
1502 656 1692 692 Ordinavit

212 715 317 750 etiam
335 714 429 761 quod
449 715 566 748 onmia
583 714 676 748 bona
694 727 761 760 que
779 714 965 760 aliquando
986 713 1105 748 Abbas
1134 719 1168 748 et
1197 718 1391 748 conventus
1417 713 1542 760 prefati
1561 713 1694 748 monas-

212 772 291 808 terii
318 772 361 806 de
380 769 528 805 Paflelet
557 770 756 805 habuerunt
784 771 819 804 in
854 770 979 804 Karric
1006 774 1177 816 perpetuo
1197 769 1363 804 cederent
1390 770 1426 803 in
1445 769 1523 803 usus
1541 770 1692 816 predicti

213 828 411 865 monasterii
428 827 546 861 taliter
564 826 796 867 construendi,
829 832 864 861 et
892 826 987 872 quod
1006 826 1127 860 Abbas
1145 832 1180 860 et
1206 831 1401 860 conventus
1418 826 1477 872 qui
1504 825 1611 861 effent
1629 840 1693 874 pro

214 893 373 933 tempore
391 884 427 918 in
446 882 643 930 hujusmodi
661 882 869 917 monasterio
901 881 1027 917 eisdem
1048 882 1179 917 Abbati
1210 888 1245 916 et
1263 883 1453 916 conventui
1472 883 1514 916 de
1535 882 1692 925 Paffelet,

213 956 278 991 pro
292 940 452 976 omnibus
463 939 641 987 predictis,
661 938 801 985 fingulis
815 939 915 973 annis
933 939 1053 973 decem
1068 951 1265 973 mercarum
1279 938 1525 985 sterlingorum
1537 952 1694 976 annuum

214 999 391 1034 redditum
409 995 610 1038 solverent3
641 1000 675 1030 et
701 995 795 1041 quod
826 994 895 1042 ipse
927 994 1118 1042 Episcopus
1145 1000 1180 1029 et
1207 992 1412 1029 succefl'ores
1442 994 1492 1029 sui
1518 1002 1634 1043 partes
1652 998 1696 1032 ad

215 1053 492 1090 observationem
512 1051 742 1086 ordinationis
761 1050 958 1097 hujusmodi
977 1049 1112 1098 poffent
1131 1051 1174 1085 de
1188 1050 1293 1098 plano
1307 1056 1341 1085 et
1358 1050 1428 1086 fine
1446 1051 1589 1100 strepitu
1601 1053 1696 1100 judi-

215 1111 268 1151 cii,
297 1110 492 1144 monitione
522 1105 692 1156 premiffa,
729 1120 791 1154 per
818 1106 997 1141 censuram
1039 1106 1294 1142 ecclefiasticam
1333 1114 1503 1143 coartare.
1575 1110 1696 1151 Quare

215 1167 300 1202 dicti
320 1165 440 1200 Abbas
458 1169 493 1199 et
511 1168 707 1198 conventus
734 1162 931 1197 monasterii
959 1163 1001 1197 de
1024 1162 1170 1197 Paflelet
1196 1163 1297 1197 nobis
1329 1163 1508 1199 humiliter
1526 1164 1694 1213 supplica-

214 1228 298 1258 runt
316 1227 356 1256 ut
373 1234 452 1255 cum
470 1218 668 1267 hujusmodi
696 1219 870 1253 ordinatio
897 1219 1073 1253 redundet
1090 1219 1126 1253 in
1145 1218 1246 1266 ipfius
1272 1220 1469 1254 monasterii
1488 1221 1531 1255 de
1552 1221 1699 1258 Paffelet

214 1279 378 1314 lefionem
397 1289 589 1317 enormem,
610 1276 796 1323 providere
815 1275 916 1323 super
934 1275 999 1309 hiis
1017 1274 1092 1322 iplis
1110 1288 1173 1322 per
1191 1276 1399 1310 beneficium
1418 1276 1644 1312 restitutionis
1662 1279 1698 1314 in

216 1337 392 1381 integrum
412 1338 558 1381 paterna
588 1332 808 1366 solicitudine
838 1345 1051 1367 curaremus.
1105 1332 1261 1379 Ideoque
1289 1331 1488 1367 discretioni
1507 1334 1617 1370 vestre
1636 1349 1699 1383 per

215 1391 401 1439 apostolica
418 1390 543 1436 scripta
560 1389 766 1422 mandamus
784 1394 966 1434 quatenus,
987 1389 1119 1423 vocatis
1137 1390 1195 1436 qui
1213 1390 1345 1424 fuerint
1364 1391 1544 1431 evocandi,
1564 1390 1586 1425 fi
1603 1392 1700 1427 vobis

216 1446 408 1483 constiterit
434 1445 608 1493 prefatum
641 1444 885 1479 monasterium
922 1445 964 1479 de
997 1444 1143 1481 Paffelet
1174 1459 1217 1481 ex
1248 1447 1470 1482 ordinatione
1502 1448 1699 1494 hujusmodi

216 1515 398 1539 enormem
417 1501 582 1536 sustinere
593 1501 784 1548 jacturam,
817 1514 859 1535 eo
878 1506 913 1535 et
932 1501 1034 1537 dictis
1053 1503 1193 1538 Abbate
1213 1508 1246 1538 et
1265 1509 1444 1538 conventu
1462 1504 1626 1540 adversus
1645 1519 1700 1540 or-

216 1560 430 1595 dinationem
450 1558 608 1598 eandem,
638 1556 834 1604 hujusmodi
854 1559 1178 1593 renunciationibus
1196 1573 1235 1594 ac
1254 1559 1488 1594 instrumentis
1506 1560 1608 1608 super
1634 1562 1700 1597 hoc

217 1616 386 1652 confectis
416 1620 451 1650 et
482 1615 556 1649 aliis
587 1612 753 1662 premissis
783 1627 1003 1661 nequaquam
1022 1615 1245 1656 obstantibus,
1279 1615 1362 1650 ficut
1383 1616 1514 1663 justum
1532 1618 1638 1653 suerit
1664 1619 1700 1653 in

217 1673 394 1719 integrum
415 1670 588 1711 restitutis,
617 1670 764 1704 audiatis
792 1670 938 1712 causam,
967 1676 1002 1706 et
1020 1684 1095 1706 eam
1114 1672 1204 1706 infra
1221 1685 1351 1706 annum
1365 1672 1512 1719 judicio,
1544 1674 1601 1708 vel
1620 1687 1701 1709 con-

218 1728 338 1763 cordia
355 1726 377 1761 fi
396 1727 438 1761 de
457 1727 607 1774 partium
627 1726 811 1760 voluntate
829 1725 1042 1773 proeefferit,
1062 1729 1252 1763 terminare
1267 1729 1405 1769 curetis,
1426 1729 1590 1764 facientes
1605 1732 1701 1777 quod

219 1784 444 1819 decreveritis
461 1795 523 1830 per
535 1781 715 1817 censuram
735 1781 990 1818 ecclefiasticam
1009 1784 1156 1819 firmiter
1175 1784 1369 1827 observari;
1391 1785 1546 1831 alioquin
1565 1787 1700 1822 caulam

221 1840 325 1887 ipsam
344 1839 546 1873 instructam
566 1838 621 1873 vel
639 1851 713 1873 non
731 1838 933 1874 instructam
959 1841 1145 1875 remittatis
1171 1841 1214 1875 ad
1233 1841 1417 1888 apostolice
1436 1841 1523 1876 sedis
1542 1856 1700 1885 examen,

221 1896 355 1944 prefixo
374 1895 530 1942 partibus
548 1895 700 1929 termino
719 1896 958 1942 peremptorio
977 1898 1191 1944 competenti
1220 1910 1290 1944 quo
1308 1911 1371 1946 per
1401 1899 1433 1933 se
1464 1899 1519 1934 vel
1538 1913 1704 1946 procura-

221 1960 315 1988 tores
332 1952 500 1999 ydoneos,
521 1964 600 1985 cum
619 1951 781 1985 omnibus
807 1952 1035 1987 munimentis
1066 1959 1100 1988 et
1126 1954 1319 1989 rationibus
1349 1954 1416 1989 suis
1435 1954 1570 1990 causam
1589 1957 1704 2004 hujus-

221 2009 316 2043 modi
336 2007 631 2054 contingentibus,
665 2007 852 2054 apostolico
878 2008 911 2042 se
929 2008 1131 2057 conspectui
1151 2011 1400 2058 representent,
1430 2012 1566 2047 facture
1593 2026 1633 2048 ac
1652 2027 1703 2048 re-

222 2071 366 2112 cepture
384 2063 486 2111 super
503 2063 569 2097 hiis
587 2064 682 2109 quod
700 2064 787 2098 ordo
807 2064 993 2100 dictaverit
1012 2067 1168 2101 rationis.
1222 2067 1342 2102 Testes
1360 2073 1476 2102 autem
1496 2070 1555 2115 qui
1572 2070 1704 2105 fuerint
1756 2062 1757 2065 Ἴ

221 2120 405 2160 nominati,
425 2118 448 2153 fi
466 2119 499 2153 se
516 2120 639 2165 gratia,
669 2120 750 2154 odio
768 2120 825 2154 vel
843 2121 969 2156 timore
988 2122 1233 2164 subtraxerint,
1264 2137 1326 2171 per
1345 2124 1524 2159 censuram
1544 2127 1702 2168 eandem,

221 2176 454 2224 appellatione
473 2174 633 2216 celsante,
662 2176 793 2222 cogatis
811 2177 950 2211 veritati
969 2179 1203 2214 testimonium
1221 2180 1428 2227 perhibere3
1457 2194 1529 2216 non
1549 2182 1704 2218 obstante

222 2233 246 2268 fi
263 2232 435 2279 aliquibus
453 2231 562 2266 asede
576 2231 802 2266 fitindultum
818 2233 939 2267 eadem
957 2236 1052 2281 quod
1066 2236 1238 2277 interdici,
1259 2236 1416 2284 suspendi
1429 2238 1483 2273 vel
1504 2251 1707 2275 excommu-

221 2291 330 2325 nicari
345 2302 418 2324 non
435 2287 562 2337 poffint
579 2302 642 2337 per
660 2290 794 2324 litteras
812 2290 1013 2337 apostolicas
1032 2304 1105 2326 non
1122 2292 1288 2327 facientes
1306 2293 1447 2340 plenam
1463 2300 1497 2330 et
1514 2294 1704 2343 expressam

223 2347 265 2381 de
284 2346 422 2381 indulto
441 2345 638 2393 hujusmodi
658 2346 885 2388 mentionem,
919 2347 986 2383 five
1005 2348 1159 2395 qualibet
1185 2349 1252 2383 alia
1270 2349 1363 2385 dicte
1382 2349 1469 2386 sedis
1487 2352 1706 2399 indulgentia
