1870 2683
759 257 830 291 DE
859 256 1127 292 PASSELET.
1612 258 1683 295 369

202 359 377 394 natorum,
407 353 584 400 quousque
613 354 656 388 de
685 353 779 388 difflz
810 353 953 388 dimidia
982 359 1081 400 petra
1112 365 1189 387 cere
1221 353 1269 386 eis
1299 353 1454 400 plenarie
1472 353 1577 387 fuerit
1595 352 1684 387 satis-

201 410 333 444 fafitum
348 424 358 452 3
387 410 483 444 omni
495 410 586 457 juris
604 410 761 444 canonici
779 409 835 444 vel
855 409 964 444 civilis
982 410 1136 444 remedio
1155 409 1249 455 quod
1267 409 1362 449 mihi,
1394 410 1580 444 heredibus
1598 411 1683 444 meis

201 465 259 500 seu
278 464 450 512 affignatis
467 465 625 513 prodesse
656 471 691 500 et
719 466 767 500 eis
795 463 908 500 obesse
938 466 1068 512 poterit
1096 465 1345 511 quoquomodo
1364 478 1436 499 non
1455 465 1609 501 obstante
1627 467 1682 500 vel

202 521 365 556 valituro.
418 521 465 556 Et
483 522 527 556 ad
546 521 713 569 majorem
731 521 834 568 hujus
851 522 901 555 rei
919 520 1137 556 securitatem
1156 521 1306 555 fideliter
1325 521 1549 562 observande,
1577 521 1600 555 fi
1624 535 1683 556 ne-

202 575 288 611 ceffe
306 577 410 612 fuerit
429 576 593 612 submitto
612 590 678 617 me,
712 577 857 611 heredes
875 589 970 611 meos
1001 582 1035 611 et
1061 575 1243 623 assignatos
1256 575 1492 623 jurisdidffioni
1511 583 1545 612 et
1564 578 1683 612 coher-

201 632 294 667 cioni
321 633 453 667 domini
473 632 635 680 Episcopi
654 631 885 679 Glasguenfis,
918 633 973 667 vel
992 633 1112 667 decani
1144 638 1179 667 et
1205 633 1347 679 capituli
1378 633 1530 680 ejusdem
1548 632 1571 667 fi
1588 634 1682 668 sedes

200 690 387 730 vacaverit,
420 695 459 724 ut
486 687 621 736 poffent
639 701 760 723 omnes
777 688 836 722 seu
855 701 976 723 eorum
995 688 1144 734 aliquem
1163 689 1442 723 contradicentes
1469 689 1548 723 huic
1577 690 1682 723 dona-

200 745 289 779 tioni
304 757 380 780 mee
398 758 461 792 per
479 745 657 779 censuram
671 744 926 779 ecclesiasticam
943 745 987 779 ad
1005 744 1213 779 solutionem
1229 745 1322 778 diere
1337 745 1478 780 dimidie
1493 751 1591 792 petre
1604 758 1681 780 cere

199 806 239 835 ut
269 801 485 848 premittitur
515 801 726 848 compellere
744 801 951 835 faciendam.
1004 800 1049 834 In
1067 800 1166 847 cujus
1196 800 1246 834 rei
1272 800 1506 835 testimonium
1533 800 1680 848 sigillum

199 869 317 891 meum
335 856 416 891 huic
434 856 585 904 presenti
603 862 697 891 carte
716 869 792 891 mee
811 856 857 891 est
875 855 1064 903 appensum
1082 856 1176 903 apud
1194 855 1329 890 Passeth
1348 855 1492 903 septimo
1511 857 1566 891 die
1585 870 1680 892 men-

199 911 239 946 fis
258 912 439 946 Februarii
457 925 550 946 anno
570 912 718 946 Domini
736 911 917 946 millefimo
938 917 1021 946 ccc⁰
1038 911 1263 957 nonogesimo
1275 924 1382 946 nono.
1437 912 1517 946 Hiis
1528 913 1677 953 testibus

201 967 361 1002 Roberto
381 968 524 1015 Sympil,
557 967 721 1003 Johanne
741 968 783 1002 de
804 967 946 1002 Kelsow
963 973 1072 1015 patre,
1105 967 1268 1002 Johanne
1294 967 1366 1001 filio
1384 967 1456 1008 suo,
1489 969 1678 1014 armigeris,

200 1024 352 1058 diseretis
382 1024 466 1058 viris
496 1024 646 1058 dominis
669 1023 831 1058 Wilelmo
863 1024 906 1058 de
938 1023 1080 1058 Gowan
1110 1028 1277 1070 perpetue
1308 1023 1438 1058 vicario
1469 1023 1606 1058 ecclesie
1638 1024 1680 1058 de

201 1080 383 1116 Monkton
401 1086 435 1115 et
453 1080 616 1116 ,Iohanne
635 1080 678 1115 de
700 1080 866 1127 Kyrkton
885 1080 1076 1127 capellano,
1097 1092 1136 1113 ac
1156 1078 1273 1112 multis
1292 1079 1377 1113 aliis.

199 1251 356 1286 Donatio
375 1251 517 1286 dimidie
535 1256 633 1298 petre
651 1263 729 1285 cere
747 1262 810 1297 per
828 1249 1028 1285 ,Iohannem
1048 1250 1229 1284 dominum
1249 1250 1291 1284 de
1314 1249 1526 1284 Kelswland.

198 1362 478 1398 UNIVERSIS
498 1362 624 1397 Christi
652 1362 813 1397 fidelibus
830 1362 897 1396 hoc
914 1360 1053 1408 presens
1081 1360 1245 1408 scriptum
1275 1360 1397 1395 visuris
1426 1360 1482 1394 vel
1510 1361 1679 1394 audituris

196 1419 219 1454 J
222 1419 376 1453 ohannes
397 1418 539 1453 Kelsow
555 1419 716 1453 dominus
735 1418 778 1452 de
800 1416 1025 1452 Kelsowland
1043 1417 1187 1451 salutem
1201 1417 1237 1450 in
1249 1416 1408 1450 Domino
1422 1415 1677 1463 sempiternam.

197 1475 349 1510 Noverit
365 1474 569 1509 universitas
587 1474 698 1509 vestra
715 1487 770 1508 me
790 1474 907 1508 divine
926 1473 1077 1507 caritatis
1096 1473 1237 1512 intuitu,
1258 1485 1323 1519 pro
1342 1471 1450 1506 salute
1468 1472 1583 1506 anime
1601 1484 1677 1506 mee

197 1537 231 1566 et
248 1532 362 1566 anime
381 1530 576 1566 Christiane
595 1529 798 1564 Lewinston
815 1529 935 1563 uxoris
954 1541 1029 1563 mee
1048 1534 1083 1563 et
1101 1528 1296 1562 animarum
1315 1528 1472 1562 omnium
1491 1525 1677 1562 anteceffo-

197 1600 273 1622 rum
294 1593 329 1622 et
346 1585 574 1621 successorum
594 1598 765 1625 meorum,
798 1583 936 1625 dedisse,
968 1583 1161 1619 conceffiffe
1180 1590 1215 1618 et
1232 1585 1296 1618 hac
1321 1583 1472 1631 presenti
1490 1589 1584 1618 carta
1602 1597 1678 1618 mea

197 1641 412 1678 confirmafle
432 1642 513 1677 Deo
534 1651 569 1676 et
587 1642 686 1676 beate
706 1641 846 1687 Virgini
866 1640 982 1674 Marie
1001 1646 1035 1674 et
1054 1640 1161 1675 beatis
1179 1640 1202 1675 J
1204 1639 1312 1674 acobo
1331 1645 1366 1674 et
1386 1638 1520 1674 Mirino
1539 1640 1582 1674 de
1602 1639 1678 1673 Pas-

197 1699 270 1734 leth
288 1705 322 1734 et
340 1699 520 1733 monachis
538 1697 665 1732 ibidem
686 1696 768 1731 Deo
786 1697 1014 1731 servientibus
1032 1702 1066 1731 et
1084 1697 1342 1743 imperpetuum
1360 1694 1547 1736 servituris,
1576 1696 1611 1729 in
1639 1696 1677 1729 li-

196 1758 326 1798 beram,
354 1769 477 1804 puram
497 1762 531 1791 et
548 1760 755 1803 perpetuam
773 1753 1004 1794 elemosinam,
1038 1753 1216 1786 dimidiam
1245 1758 1380 1798 petram
1398 1764 1477 1786 cere
1495 1751 1539 1786 ad
1556 1750 1675 1785 festum

198 1814 317 1848 Sancti
337 1812 462 1847 Mirini
481 1812 523 1846 de
541 1811 650 1845 firmis
667 1816 842 1844 terrarum
857 1822 1014 1844 mearum
1033 1809 1076 1842 de
1097 1807 1323 1842 Kelsowland
1336 1820 1398 1854 per
1412 1820 1467 1841 me
1483 1813 1517 1841 et
1530 1807 1675 1841 heredes

195 1882 292 1904 meos
309 1868 368 1903 seu
385 1867 568 1915 affignatos
587 1866 720 1901 nostros
735 1866 836 1900 dietis
848 1865 1026 1899 monachis
1044 1870 1078 1898 et
1097 1876 1218 1898 eorum
1232 1862 1477 1897 successoribus
1495 1863 1674 1897 annuatim

195 1924 459 1972 persolvendam
490 1930 525 1958 et
554 1924 812 1969 imperpetuum
831 1934 893 1968 per
912 1921 1000 1968 ipsos
1031 1920 1300 1967 percipiendam.
1354 1919 1401 1953 Et
1427 1917 1486 1966 ipsi
1514 1918 1674 1952 monachi

197 1994 252 2016 me
265 1987 300 2015 et
314 1993 461 2015 uxorem
477 1992 589 2014 meam
601 1977 835 2025 supradictam
854 1982 888 2011 et
906 1975 1111 2011 successores
1125 1988 1231 2015 meOS,
1248 1976 1283 2008 in
1299 1975 1460 2009 omnibus
1475 1974 1673 2008 orationum

196 2037 362 2083 suffragiis
374 2048 440 2082 que
452 2047 515 2082 per
528 2040 643 2069 totum
657 2031 922 2068 Cluniacensem
935 2033 1094 2067 ordinem
1104 2032 1234 2066 fuerint
1248 2031 1304 2065 vel
1315 2031 1411 2070 fient,
1427 2030 1461 2063 in
1474 2030 1597 2064 fratres
1609 2027 1673 2063 sus-

197 2098 367 2139 ceperunt
378 2098 413 2126 et
426 2091 609 2138 suscipient
623 2096 657 2124 et
670 2090 928 2136 imperpetuum
940 2088 1147 2135 participare
1162 2085 1420 2121 consenserunt.
1466 2085 1511 2119 Et
1522 2083 1545 2118 fi
1556 2084 1672 2130 aliquo

197 2148 274 2183 casu
289 2149 324 2182 in
338 2147 510 2181 solutione
526 2147 619 2180 diete
635 2145 775 2179 dimidie
786 2150 884 2192 petre
902 2157 981 2178 cere
999 2144 1042 2177 ad
1060 2143 1227 2177 terminos
1241 2148 1280 2176 ut
1291 2141 1504 2188 premittitur
1516 2140 1673 2174 facienda

198 2212 233 2240 et
250 2203 474 2252 percipienda
492 2200 654 2237 ceffatum
673 2201 789 2240 fuerit,
809 2200 904 2246 quod
922 2198 1013 2239 absit,
1042 2198 1123 2233 volo
1142 2203 1175 2232 et
1194 2197 1348 2231 concedo
1366 2209 1430 2244 pro
1449 2209 1504 2230 me
1522 2202 1557 2230 et
1574 2196 1672 2230 here-

198 2261 297 2295 dibus
315 2259 400 2293 meis
417 2257 476 2292 seu
493 2257 665 2304 assignatis
683 2257 777 2303 quod
795 2256 882 2290 bene
901 2255 1018 2289 licebit
1049 2254 1150 2288 dietis
1178 2254 1259 2287 viris
1289 2252 1454 2299 religiosis
1484 2258 1518 2287 et
1549 2265 1670 2287 eorum

196 2313 442 2352 successoribus
460 2312 519 2349 seu
537 2326 660 2349 eorum
677 2312 812 2348 ballivis
829 2311 887 2358 qui
906 2323 969 2358 pro
988 2316 1146 2357 tempore
1164 2309 1294 2344 fuerint
1311 2321 1449 2343 necnon
1462 2314 1496 2343 et
1507 2309 1582 2343 aliis
1599 2310 1671 2355 qui-

899 2370 922 2401 3
940 2378 962 2400 A
