1839 2652
160 293 228 326 158
555 285 871 322 REGISTRUM
899 283 1237 321 MONASTERII

167 450 275 485 Carta
292 446 418 481 nobilis
436 446 502 481 viri
521 445 728 480 Maldoveni
748 444 882 479 comitis
909 444 952 479 de
983 443 1151 479 Levenax
1176 443 1280 491 super
1296 443 1484 481 collatione
1501 447 1640 482 ecclesie

166 505 209 539 de
230 502 419 550 Kilpatrik.

167 613 447 650 UNIVERSIS
473 611 592 646 sanese
610 612 730 646 matris
761 611 901 646 ecclefie
928 612 1007 646 filiis
1036 617 1106 646 tam
1135 611 1351 659 presentibus
1381 625 1485 659 quam
1515 613 1643 648 futuris

167 670 405 705 Maldovenus
423 681 540 703 comes
571 668 614 702 de
634 667 802 702 Levenax
820 667 975 702 ialutem.
1028 668 1150 702 Sciatis
1169 681 1235 708 me,
1265 669 1381 703 divine
1400 669 1575 703 charitatis
1592 669 1644 704 in-

167 726 260 761 tuitu
279 730 313 759 et
332 737 395 771 pro
413 724 522 758 lalute
541 724 673 758 domini
691 724 758 758 mei
778 723 974 757 Alexandri
993 725 1084 770 regis
1103 724 1229 765 Scene,
1246 737 1384 759 necnon
1400 731 1435 759 et
1452 737 1517 772 pro
1535 725 1644 761 salute

167 781 236 815 mei
253 779 354 827 ipsius
373 785 407 814 et
424 779 592 814 heredum
612 791 784 819 meorum,
813 784 848 813 et
864 792 929 826 pro
947 780 1126 814 animabus
1144 781 1251 827 patris
1269 782 1337 815 mei
1368 787 1403 815 et
1429 781 1550 816 matris
1567 793 1644 816 mee

167 842 203 871 et
220 836 378 870 omnium
397 841 583 882 parentum
602 847 761 869 meorum
781 835 1042 876 defiinfi‘corum,
1063 835 1201 878 dedifl'e,
1222 836 1416 872 concelliffe
1435 845 1470 872 et
1488 839 1551 872 hac
1568 851 1646 886 pre-

167 893 256 927 senti
274 898 368 926 carta
385 903 464 926 mea.
489 889 706 926 confirmasse
738 891 819 933 Deo
848 897 882 925 et
914 892 1044 926 83ηὸὶο
1061 892 1194 928 Jacobo
1225 899 1259 927 et
1288 894 1418 928 83ηᾶὶο
1439 894 1575 929 Mirino
1602 895 1644 930 de

170 948 304 983 Passeto
323 953 358 982 et
375 947 553 981 monachis
572 946 700 981 ibidem
720 946 801 981 Deo
819 947 1057 989 servientibus,
1086 948 1260 983 ecclesiam
1292 950 1335 983 de
1369 950 1546 997 Kilpatrik
1564 964 1644 985 cum

169 1005 330 1041 omnibus
342 1004 441 1052 justis
458 1004 680 1052 pertinentiis
697 1002 791 1038 suis:
820 1004 1027 1039 Tenendam
1056 1010 1091 1039 et
1120 1004 1354 1052 poffidendain
1375 1006 1409 1039 in
1440 1006 1582 1040 liberam
1610 1011 1644 1041 et

169 1066 375 1109 perpetuam
394 1060 625 1100 elemofinam,
646 1060 734 1094 adeo
752 1060 871 1101 libere,
899 1062 1015 1107 quiete
1034 1066 1068 1095 et
1094 1061 1287 1096 honorifice
1304 1060 1388 1096 ficut
1406 1062 1520 1108 aliqua
1538 1063 1645 1097 eccle-

169 1116 215 1152 fia
232 1117 268 1151 in
286 1122 363 1151 toto
382 1130 493 1163 regno
513 1117 629 1151 Scotie
649 1129 693 1150 ex
712 1117 806 1151 dono
825 1123 1055 1163 patronorum
1073 1116 1225 1157 liberius,
1246 1117 1395 1163 quietius
1427 1124 1462 1152 et
1479 1119 1645 1153 honorifi-

170 1173 306 1208 centius
323 1178 464 1211 tenetur
495 1178 530 1206 et
557 1171 757 1219 poflidetur.
811 1172 890 1206 Hiis
909 1172 1058 1213 testibus,
1088 1172 1245 1207 VValtero
1272 1174 1345 1207 filio
1376 1174 1484 1208 Alani
1513 1175 1645 1208 domini

173 1228 282 1274 Regis
302 1228 416 1262 Scotie
445 1227 643 1268 senescallo,
676 1228 831 1262 Radulfo
861 1227 1040 1275 capellano
1071 1228 1203 1262 domini
1236 1229 1354 1275 Regis,
1385 1230 1502 1263 Alano
1535 1230 1643 1270 Crok,

173 1284 331 1330 Rogerio
350 1284 422 1318 filio
441 1283 549 1324 Glaii‚
580 1283 762 1318 Macolmo
782 1284 867 1330 Beg,
888 1284 1074 1318 Nicholaio
1093 1284 1238 1325 Cochet,
1261 1283 1426 1319 VVilehno
1445 1286 1517 1319 filio
1537 1285 1643 1326 Bede,

173 1345 208 1376 et
225 1341 344 1375 multis
362 1340 447 1374 aliis.

174 1509 282 1545 Carta
300 1508 507 1543 Maidoveni
526 1509 662 1543 comitis
680 1509 723 1543 de
744 1508 922 1549 Levenax,
956 1508 999 1542 de
1026 1508 1128 1542 terris
1157 1508 1403 1544 Drumthoker
1424 1515 1460 1544 et
1478 1510 1650 1545 Drumth-

172 1565 316 1611 glunan.

180 1675 459 1712 UNIVERSIS
487 1675 613 1709 Christi
631 1676 790 1710 fidelibus
808 1681 879 1710 tam
905 1674 1121 1722 presentibus
1138 1688 1242 1721 quam
1259 1676 1385 1710 futuris
1413 1676 1650 1712 Maldovenus

177 1745 293 1768 comes
311 1732 354 1766 de
373 1731 542 1765 Levenax
560 1737 716 1765 eternam
743 1732 780 1766 in
807 1731 966 1765 Domino
983 1731 1139 1765 salutem.
1194 1732 1344 1767 Noverit
1361 1733 1564 1768 univerfitas
1581 1733 1652 1768 ves-

178 1795 234 1824 tra
251 1801 306 1823 me
332 1789 461 1823 intuitu
480 1787 774 1835 pietatisdedifl'e,
803 1786 996 1823 conceffiffe
1027 1793 1062 1821 et
1092 1788 1156 1822 hac
1186 1787 1337 1834 presenti
1365 1795 1460 1823 carta
1478 1802 1554 1823 mea
1572 1803 1652 1824 con-

178 1842 337 1884 firmaffe,
366 1844 447 1878 Deo
467 1850 501 1878 et
519 1843 658 1878 ecclelie
678 1844 889 1878 Sanfflmrum
907 1843 1030 1878 Jacobi
1049 1849 1084 1877 et
1103 1843 1227 1878 Mirini
1246 1845 1288 1879 de
1316 1844 1463 1880 Paffelet
1481 1852 1515 1880 et
1535 1859 1652 1880 mona-

180 1901 252 1935 chis
270 1900 397 1934 ibidem
417 1900 497 1934 Deo
515 1899 754 1941 servientibus,
782 1913 846 1947 pro
872 1900 980 1934 ialute
1009 1900 1139 1934 domini
1159 1902 1227 1935 mei
1249 1901 1444 1936 Alexandri
1463 1903 1553 1948 regis
1572 1902 1653 1936 Seo-

179 1957 238 1997 tie,
259 1962 294 1990 et
311 1969 374 2003 pro
392 1955 501 1991 salute
520 1957 587 1990 mei
606 1955 707 2003 ipsius
726 1962 760 1991 et
779 1956 947 1991 heredum
968 1969 1139 1997 meorum,
1167 1963 1202 1991 et
1229 1971 1294 2005 pro
1326 1958 1441 1992 anima
1472 1958 1651 1993 Elizabeth

180 2012 299 2060 sponse
318 2025 405 2053 mee,
434 2018 469 2047 et
486 2025 550 2059 pro
569 2013 749 2047 animabus
767 2014 924 2047 omnium
950 2019 1136 2060 parentum
1165 2026 1335 2054 meorum,
1363 2015 1399 2048 in
1418 2027 1552 2061 puram,
1572 2014 1654 2048 libe-

180 2083 253 2104 ram
273 2075 308 2104 et
325 2075 529 2117 perpetuam
562 2068 793 2110 elemosinam,
820 2074 931 2103 totam
957 2069 1052 2103 illam
1082 2075 1211 2103 terram
1244 2070 1286 2104 de
1316 2070 1591 2111 Drumthocher,
1620 2075 1653 2105 et

180 2131 291 2160 totam
310 2126 404 2160 illam
422 2131 551 2160 terram
570 2125 612 2159 de
631 2125 964 2172 Drumtheeglunan
983 2138 1061 2159 cum
1082 2126 1241 2159 omnibus
1261 2127 1451 2161 earundem
1479 2127 1654 2174 pertinen-

184 2181 240 2214 tiis
258 2187 292 2215 et
310 2182 415 2215 reetis
433 2180 545 2215 divifis
571 2181 619 2215 ita
633 2181 735 2228 plene
749 2180 833 2216 ficut
853 2181 1026 2216 Radulfus
1041 2183 1238 2230 capellanus
1259 2183 1390 2217 domiui
1413 2183 1520 2229 Regis
1539 2183 1653 2217 Scotie

184 2237 299 2282 aliquo
317 2242 476 2284 tempore
495 2237 570 2271 illas
596 2242 707 2272 terras
733 2237 870 2284 plenius
898 2239 1033 2273 tenuit:
1063 2239 1252 2273 Tenendas
1270 2239 1525 2286 imperpetuum
1545 2244 1579 2272 et
1597 2239 1653 2272 ha-

186 2294 325 2334 bendas,
345 2294 380 2327 in
399 2294 524 2340 stagnis
543 2300 577 2328 et
596 2295 817 2336 molendinis,
845 2295 882 2329 in
900 2295 1017 2342 pratis,
1036 2294 1169 2342 pascuis
1194 2301 1227 2329 et
1246 2294 1406 2341 piscariis,
1427 2295 1461 2328 in
1492 2293 1593 2328 bosco
1620 2299 1653 2327 et

186 2350 305 2398 plano,
330 2350 366 2384 in
384 2350 458 2391 viis,
478 2350 615 2391 semitis,
635 2352 670 2385 in
689 2352 795 2385 moris
813 2356 847 2385 et
865 2349 1024 2392 mamfiis,
1053 2356 1088 2386 et
1105 2351 1140 2385 in
1169 2350 1330 2384 omnibus
1358 2350 1432 2384 aliis
1451 2348 1653 2384 aifiamentis
