1839 2652
189 277 260 308 2230
584 268 900 305 REGISTRUM
929 266 1266 303 MONASTERII

190 370 318 405 dictam
338 365 511 402 ecclefiam
531 366 573 399 de
593 365 756 400 Prestwic
773 370 939 410 tanquam
969 364 1151 398 matricem
1170 362 1343 397 ecclefiam
1361 375 1423 409 per
1438 363 1666 409 quadraginta

190 437 300 460 annos
318 430 352 458 et
369 421 517 469 amplius
544 422 711 455 continue
742 426 776 455 et
805 418 1005 455 inconcuffe
1023 417 1254 466 pofl'edifl'ent,
1282 431 1357 459 nos,
1384 418 1503 452 habito
1530 417 1669 453 confilio

193 493 271 515 cum
289 479 371 513 viris
388 477 619 524 prudentibus
638 483 673 511 et
690 477 821 523 peritis,
849 475 955 523 ipsam
974 474 1149 510 ecclefiam
1168 475 1347 509 monachis
1364 473 1439 521 ipfis
1462 475 1671 509 auctoritate

192 534 376 583 apostolica
393 538 564 580 perpetuo
583 532 869 579 adjudicavimus,
896 532 957 580 11111
973 545 1058 567 vero
1080 531 1246 566 Wilelmo
1277 537 1312 565 et
1338 531 1411 578 ejus
1428 529 1673 565 succefforibus

193 591 403 626 auctoritate
438 588 624 636 apostolica
653 593 865 635 perpetuum
895 588 1114 635 imponentes
1141 586 1325 621 filentium.
1379 587 1430 622 Ut
1459 593 1575 621 autem
1610 586 1674 621 hec

192 647 364 682 sententia
380 645 496 679 nostra
513 646 549 679 in
567 644 742 692 posterum
760 650 930 691 perpetue
949 644 1215 679 commendetur
1232 644 1412 683 memorie,
1438 650 1473 678 et
1491 656 1535 677 ne
1553 643 1674 689 aliquis

193 705 229 737 111
246 702 420 750 [1011611101
439 700 627 748 prescripte
645 699 816 735 sententie
835 700 949 736 nostre
968 701 1168 735 diffinitioni
1187 699 1328 734 obviare
1346 697 1457 746 possit,
1485 698 1593 745 figilla
1615 699 1675 733 do-

194 759 369 793 minorum
389 756 621 804 Glasgwenfis
640 762 674 791 et
695 756 954 791 Dunkeldenfis
973 757 1226 805 Episcoporum
1246 769 1325 791 cum
1356 755 1484 802 singnis
1502 754 1625 790 nostris
1643 755 1674 789 ei

194 815 322 861 apponi
357 814 511 848 fecimus.
570 813 646 846 Hiis
672 812 823 853 testibus,
859 813 1002 859 Nigello
1038 813 1160 847 abbate
1190 813 1246 847 de<
1266 812 1484 858 Kikvynnin,
1515 811 1675 845 Roberto

196 870 439 905 archidiacono
466 867 691 915 Glasgwenfi,
720 868 881 915 magistro
901 869 1066 903 XVilelmo
1096 869 1139 903 de
1167 868 1349 907 Grenlaw,
1381 866 1550 914 Magistro
1570 865 1676 901 Yihae

197 927 238 960 de
258 926 447 965 Ferteviet,
476 925 617 959 Thoma
634 925 806 959 monacho
835 925 877 959 de
907 925 1112 971 Abyrbroit‚
1134 924 1294 971 magistro
1315 924 1480 958 Wilelmo
1511 924 1553 958 de
1586 922 1677 957 Μ61-

197 981 291 1021 roiss,
321 981 481 1027 magistro
503 980 674 1020 Henrico,
703 986 737 1014 et
756 980 874 1014 multis
892 981 978 1015 aliis.

201 1150 304 1184 Bulla
322 1150 364 1184 de
384 1149 548 1188 Sanc-har,
569 1154 603 1182 et
622 1148 663 1182 de
684 1148 902 1189 chhinlec,
924 1162 988 1195 pro
1006 1148 1274 1195 presentatione.

201 1260 443 1296 CLEMENS
463 1261 640 1308 episeopus
658 1260 775 1295 servus
792 1260 971 1295 servorum
1005 1260 1075 1295 Dei
1106 1261 1243 1295 (11166115
1269 1261 1348 1295 filiis
1378 1261 1509 1296 Abbati
1537 1267 1571 1296 et
1599 1274 1680 1296 con‹

200 1318 321 1351 ventui
349 1316 545 1351 monasterii
574 1317 616 1350 de
650 1315 807 1356 Paffelet,
841 1316 1076 1351 Cluniacenfis
1106 1317 1248 1358 ordinis,
1269 1316 1500 1364 Glasgwenfis
1528 1317 1678 1358 (11006115,

200 1372 344 1407 salutem
375 1378 409 1407 et
441 1372 661 1419 apostolicam
692 1372 985 1407 benedietionem.
1040 1372 1220 1407 Inducunt
1250 1386 1314 1407 nos
1345 1374 1456 1408 vestre
1485 1374 1680 1409 devotionis

201 1430 325 1463 merita
343 1436 382 1463 ut
399 1441 461 1463 vos
479 1426 728 1475 prosequamur
746 1428 992 1463 benevolentia
1008 1429 1168 1475 gratiola.
1223 1429 1312 1464 Sane
1324 1430 1447 1476 petitio
1461 1430 1571 1465 vestra
1582 1431 1681 1465 nobis

203 1485 355 1519 exhibita
372 1484 573 1519 continebat
592 1485 686 1530 quod
704 1484 794 1519 bone
813 1485 982 1519 memorie
1010 1485 1211 1520 Gulielmus
1230 1486 1408 1533 episcopus
1439 1486 1679 1533 Glasgwenfis,

203 1541 252 1575 sui
271 1541 412 1588 capituli
431 1541 475 1575 ad
493 1541 527 1574 id
546 1541 733 1575 accedente
748 1540 926 1581 consensu,
947 1541 989 1575 de
1009 1541 1162 1575 Sanchar
1180 1548 1214 1576 et
1233 1542 1275 1576 de
1295 1543 1502 1577 chhinlec
1514 1542 1680 1583 ecclelias,

205 1595 435 1642 Glasgwenfis
454 1595 605 1636 diocesis,
639 1609 719 1630 cum
743 1596 882 1643 juribus
901 1602 934 1631 61
953 1598 1171 1643 pertinentiis
1188 1598 1255 1633 suis
1285 1600 1322 1632 in
1347 1598 1471 1644 quibus
1491 1599 1550 1646 jus
1567 1605 1682 1646 patro-

204 1659 307 1687 natus
325 1652 457 1687 habetis
474 1652 570 1686 vobis
602 1653 635 1686 in
665 1653 824 1699 proprios
842 1652 921 1686 usus
939 1652 1100 1688 concellit
1115 1669 1124 1696 3
1154 1655 1202 1688 ita
1219 1659 1338 1688 tamen
1364 1655 1459 1700 quod
1477 1667 1538 1689 vos
1557 1654 1682 1702 episco-

205 1710 297 1756 palia
327 1715 361 1743 et
389 1709 456 1742 alia
473 1721 581 1743 onera
598 1708 835 1742 incumbentia
852 1707 927 1754 ipfis
956 1708 1102 1743 ecclefiis
1130 1708 1328 1750 sustineatis,
1361 1717 1396 1744 et
1422 1723 1485 1757 per
1514 1711 1684 1745 ministros

205 1767 351 1800 idoneos
368 1763 437 1799 fine
454 1764 710 1811 presentatione
729 1763 937 1798 vicariorum
956 1764 1087 1799 faciatis
1116 1766 1152 1798 in
1183 1765 1308 1799 eisdem
1335 1765 1481 1800 ecclefiis
1507 1765 1682 1807 deserviri,

207 1828 313 1869 prout
343 1822 378 1854 in
404 1821 529 1854 litteris
546 1820 627 1854 inde
646 1819 814 1854 0011166115
832 1819 968 1866 plenius
987 1820 1113 1855 dicitur
1131 1822 1327 1863 contineri3
1356 1821 1484 1868 vosque
1509 1822 1684 1869 predictas

209 1876 364 1913 ecclefias
380 1875 449 1910 fine
467 1875 528 1909 lite
559 1876 594 1908 in
625 1873 704 1909 usus
722 1874 918 1922 hujuiinodi
937 1876 1099 1911 detinetis
1114 1892 1124 1919 ;
1153 1890 1217 1912 nos
1235 1878 1350 1924 itaque
1377 1878 1494 1912 vestris
1519 1877 1685 1925 supplica-

208 1935 360 1970 tionibus
378 1933 545 1972 inclinati,
566 1931 817 1967 conceffionem
836 1932 1032 1979 hujufinodi
1062 1934 1104 1981 ab
1123 1934 1245 1968 eodem
1267 1934 1437 1981 Episcopo
1454 1935 1600 1981 provide
1618 1935 1685 1969 fac-

211 1999 281 2027 tam
300 1997 410 2026 ratam
438 1996 471 2024 et
499 1990 634 2024 firmam
652 1989 829 2029 habentes,
863 2001 937 2023 eam
957 1989 1166 2024 auctoritate
1185 1990 1370 2036 apostolica
1387 1991 1633 2025 confirmamus
1651 1998 1686 2025 et

211 2047 377 2095 presentis
404 2045 530 2093 scripto
561 2045 755 2092 patrocinio
785 2046 1052 2079 communimus.
1104 2045 1204 2079 Nulli
1232 2059 1316 2092 ergo
1341 2047 1524 2081 hominum
1542 2048 1687 2081 omnino

212 2107 313 2139 liceat
330 2104 418 2137 hanc
438 2102 599 2149 paginam
616 2100 731 2135 nostre
750 2101 1023 2135 confirmationis
1040 2101 1230 2148 infringere
1249 2102 1304 2136 vel
1331 2103 1362 2136 61
1392 2102 1475 2136 ausu
1501 2104 1687 2137 temerario

214 2160 397 2194 contraire.
451 2158 486 2192 Si
503 2158 579 2203 quis
596 2162 712 2191 autem
731 2157 797 2191 hoc
815 2162 1021 2203 attemptare
1039 2156 1292 2204 presumpserit,
1320 2158 1596 2204 indignationem
1617 2172 1688 2193 om-

213 2210 402 2262 nipotentis
420 2214 491 2248 Dei
509 2219 543 2248 et
560 2213 742 2247 beatorum
762 2212 857 2247 Petri
885 2219 918 2247 et
950 2212 1050 2247 Pauli
1067 2212 1301 2260 apostolorum
1321 2214 1394 2260 ejus
1423 2213 1457 2248 se
1483 2216 1620 2249 noverit
1638 2216 1687 2249 in-

216 2270 406 2306 cursurum.
460 2269 593 2304 Datum
614 2268 742 2303 Perusli
761 2268 875 2304 Nonis
894 2268 982 2303 Maii
1000 2269 1222 2315 pontificatus
1240 2269 1344 2303 nostri
1363 2282 1455 2304 anno
1474 2270 1596 2316 primo.
