<?xml version="1.0" encoding="UTF-8"?>
<!DOCTYPE html PUBLIC "-//W3C//DTD XHTML 1.0 Transitional//EN"
    "http://www.w3.org/TR/xhtml1/DTD/xhtml1-transitional.dtd">
<html xmlns="http://www.w3.org/1999/xhtml" xml:lang="en" lang="en">
 <head>
  <title>
</title>
<meta http-equiv="Content-Type" content="text/html;charset=utf-8" />
  <meta name='ocr-system' content='tesseract 3.04.00' />
  <meta name='ocr-capabilities' content='ocr_page ocr_carea ocr_par ocr_line ocrx_word'/>
</head>
<body>
  <div class='ocr_page' id='page_1' title='image "./registrummonaste00mait_0258.png"; bbox 0 0 1839 2652; ppageno 0'>
   <div class='ocr_carea' id='block_1_1' title="bbox 183 292 1268 331">
    <p class='ocr_par' dir='ltr' id='par_1_1' title="bbox 183 292 1268 331">
     <span class='ocr_line' id='line_1_1' title="bbox 183 292 1268 331; baseline 0 0"><span class='ocrx_word' id='word_1_1' title='bbox 183 300 255 331; x_wconf 64' lang='lat' dir='ltr'>L202</span> <span class='ocrx_word' id='word_1_2' title='bbox 586 292 902 329; x_wconf 87' lang='lat' dir='ltr'><strong>REGISTRUM</strong></span> <span class='ocrx_word' id='word_1_3' title='bbox 929 293 1268 331; x_wconf 88' lang='lat' dir='ltr'><strong>MONASTERII</strong></span> 
     </span>
    </p>
   </div>
   <div class='ocr_carea' id='block_1_2' title="bbox 187 390 1675 2236">
    <p class='ocr_par' dir='ltr' id='par_1_2' title="bbox 187 390 1675 2236">
     <span class='ocr_line' id='line_1_2' title="bbox 187 390 1667 439; baseline 0 -11"><span class='ocrx_word' id='word_1_4' title='bbox 187 391 290 428; x_wconf 83' lang='lat' dir='ltr'>miffis</span> <span class='ocrx_word' id='word_1_5' title='bbox 306 392 419 432; x_wconf 87' lang='lat' dir='ltr'>terris,</span> <span class='ocrx_word' id='word_1_6' title='bbox 438 403 503 425; x_wconf 89' lang='lat' dir='ltr'>nos</span> <span class='ocrx_word' id='word_1_7' title='bbox 520 403 584 438; x_wconf 89' lang='lat' dir='ltr'>pro</span> <span class='ocrx_word' id='word_1_8' title='bbox 602 391 702 425; x_wconf 86' lang='lat' dir='ltr'>nobis</span> <span class='ocrx_word' id='word_1_9' title='bbox 721 395 755 425; x_wconf 82' lang='lat' dir='ltr'>et</span> <span class='ocrx_word' id='word_1_10' title='bbox 772 390 960 425; x_wconf 85' lang='lat' dir='ltr'>heredibus</span> <span class='ocrx_word' id='word_1_11' title='bbox 977 391 1100 425; x_wconf 86' lang='lat' dir='ltr'>nostris</span> <span class='ocrx_word' id='word_1_12' title='bbox 1117 392 1162 425; x_wconf 91' lang='lat' dir='ltr'>ad</span> <span class='ocrx_word' id='word_1_13' title='bbox 1180 392 1400 426; x_wconf 86' lang='lat' dir='ltr'>voluntatem</span> <span class='ocrx_word' id='word_1_14' title='bbox 1418 392 1572 439; x_wconf 86' lang='lat' dir='ltr'>ipsorum</span> <span class='ocrx_word' id='word_1_15' title='bbox 1592 393 1667 428; x_wconf 84' lang='lat' dir='ltr'>Ab-</span> 
     </span>
     <span class='ocr_line' id='line_1_3' title="bbox 188 445 1669 494; baseline 0 -11"><span class='ocrx_word' id='word_1_16' title='bbox 188 449 275 484; x_wconf 89' lang='lat' dir='ltr'>batis</span> <span class='ocrx_word' id='word_1_17' title='bbox 293 453 328 482; x_wconf 80' lang='lat' dir='ltr'>et</span> <span class='ocrx_word' id='word_1_18' title='bbox 345 452 551 487; x_wconf 85' lang='lat' dir='ltr'>conventus,</span> <span class='ocrx_word' id='word_1_19' title='bbox 580 447 623 481; x_wconf 90' lang='lat' dir='ltr'>de</span> <span class='ocrx_word' id='word_1_20' title='bbox 649 447 755 493; x_wconf 87' lang='lat' dir='ltr'>plano</span> <span class='ocrx_word' id='word_1_21' title='bbox 789 451 824 480; x_wconf 86' lang='lat' dir='ltr'>et</span> <span class='ocrx_word' id='word_1_22' title='bbox 852 445 922 480; x_wconf 86' lang='lat' dir='ltr'>fine</span> <span class='ocrx_word' id='word_1_23' title='bbox 949 446 1092 494; x_wconf 87' lang='lat' dir='ltr'>strepitu</span> <span class='ocrx_word' id='word_1_24' title='bbox 1118 447 1290 494; x_wconf 83' lang='lat' dir='ltr'>judiciali,</span> <span class='ocrx_word' id='word_1_25' title='bbox 1321 448 1497 483; x_wconf 89' lang='lat' dir='ltr'>faciemus.</span> <span class='ocrx_word' id='word_1_26' title='bbox 1550 449 1598 483; x_wconf 80' lang='lat' dir='ltr'>Et</span> <span class='ocrx_word' id='word_1_27' title='bbox 1624 449 1669 483; x_wconf 89' lang='lat' dir='ltr'>ad</span> 
     </span>
     <span class='ocr_line' id='line_1_4' title="bbox 191 501 1669 550; baseline 0 -11"><span class='ocrx_word' id='word_1_28' title='bbox 191 504 307 539; x_wconf 88' lang='lat' dir='ltr'>omnia</span> <span class='ocrx_word' id='word_1_29' title='bbox 324 509 358 537; x_wconf 88' lang='lat' dir='ltr'>et</span> <span class='ocrx_word' id='word_1_30' title='bbox 376 502 509 549; x_wconf 84' lang='lat' dir='ltr'>fingula</span> <span class='ocrx_word' id='word_1_31' title='bbox 526 501 687 550; x_wconf 73' lang='lat' dir='ltr'>premifl&#39;a</span> <span class='ocrx_word' id='word_1_32' title='bbox 703 502 862 536; x_wconf 87' lang='lat' dir='ltr'>facienda</span> <span class='ocrx_word' id='word_1_33' title='bbox 876 508 910 537; x_wconf 92' lang='lat' dir='ltr'>et</span> <span class='ocrx_word' id='word_1_34' title='bbox 922 503 1156 550; x_wconf 86' lang='lat' dir='ltr'>adimplenda,</span> <span class='ocrx_word' id='word_1_35' title='bbox 1173 504 1403 550; x_wconf 82' lang='lat' dir='ltr'>obligavimus</span> <span class='ocrx_word' id='word_1_36' title='bbox 1421 509 1456 538; x_wconf 82' lang='lat' dir='ltr'>et</span> <span class='ocrx_word' id='word_1_37' title='bbox 1475 504 1669 550; x_wconf 85' lang='lat' dir='ltr'>obligamus</span> 
     </span>
     <span class='ocr_line' id='line_1_5' title="bbox 190 558 1671 607; baseline -0.001 -11"><span class='ocrx_word' id='word_1_38' title='bbox 190 574 254 596; x_wconf 87' lang='lat' dir='ltr'>nos</span> <span class='ocrx_word' id='word_1_39' title='bbox 272 567 307 595; x_wconf 94' lang='lat' dir='ltr'>et</span> <span class='ocrx_word' id='word_1_40' title='bbox 325 560 515 607; x_wconf 84' lang='lat' dir='ltr'>quemlibet</span> <span class='ocrx_word' id='word_1_41' title='bbox 534 559 699 599; x_wconf 87' lang='lat' dir='ltr'>nostrum,</span> <span class='ocrx_word' id='word_1_42' title='bbox 720 571 783 605; x_wconf 83' lang='lat' dir='ltr'>per</span> <span class='ocrx_word' id='word_1_43' title='bbox 800 558 1054 593; x_wconf 84' lang='lat' dir='ltr'>sacramentum</span> <span class='ocrx_word' id='word_1_44' title='bbox 1072 559 1227 594; x_wconf 86' lang='lat' dir='ltr'>nostrum</span> <span class='ocrx_word' id='word_1_45' title='bbox 1243 560 1472 606; x_wconf 86' lang='lat' dir='ltr'>corporaliter</span> <span class='ocrx_word' id='word_1_46' title='bbox 1489 560 1533 594; x_wconf 84' lang='lat' dir='ltr'>ad</span> <span class='ocrx_word' id='word_1_47' title='bbox 1552 559 1671 595; x_wconf 67' lang='lat' dir='ltr'>saneta</span> 
     </span>
     <span class='ocr_line' id='line_1_6' title="bbox 192 614 1671 662; baseline -0.001 -10"><span class='ocrx_word' id='word_1_48' title='bbox 192 617 262 652; x_wconf 81' lang='lat' dir='ltr'>Dei</span> <span class='ocrx_word' id='word_1_49' title='bbox 281 616 461 662; x_wconf 80' lang='lat' dir='ltr'>evangelia</span> <span class='ocrx_word' id='word_1_50' title='bbox 479 615 670 662; x_wconf 83' lang='lat' dir='ltr'>prestitum,</span> <span class='ocrx_word' id='word_1_51' title='bbox 699 614 760 649; x_wconf 85' lang='lat' dir='ltr'>sub</span> <span class='ocrx_word' id='word_1_52' title='bbox 778 628 869 662; x_wconf 88' lang='lat' dir='ltr'>pena</span> <span class='ocrx_word' id='word_1_53' title='bbox 886 615 1117 661; x_wconf 84' lang='lat' dir='ltr'>quadraginta</span> <span class='ocrx_word' id='word_1_54' title='bbox 1135 616 1302 650; x_wconf 88' lang='lat' dir='ltr'>librarum</span> <span class='ocrx_word' id='word_1_55' title='bbox 1332 616 1507 650; x_wconf 89' lang='lat' dir='ltr'>bonorum</span> <span class='ocrx_word' id='word_1_56' title='bbox 1526 621 1561 650; x_wconf 82' lang='lat' dir='ltr'>et</span> <span class='ocrx_word' id='word_1_57' title='bbox 1578 616 1671 662; x_wconf 87' lang='lat' dir='ltr'>lega-</span> 
     </span>
     <span class='ocr_line' id='line_1_7' title="bbox 192 670 1670 719; baseline -0.002 -11"><span class='ocrx_word' id='word_1_58' title='bbox 192 675 277 708; x_wconf 89' lang='lat' dir='ltr'>lium</span> <span class='ocrx_word' id='word_1_59' title='bbox 307 673 551 719; x_wconf 85' lang='lat' dir='ltr'>sterlingorum</span> <span class='ocrx_word' id='word_1_60' title='bbox 581 671 735 717; x_wconf 89' lang='lat' dir='ltr'>qualibet</span> <span class='ocrx_word' id='word_1_61' title='bbox 766 670 957 718; x_wconf 79' lang='lat' dir='ltr'>septimana</span> <span class='ocrx_word' id='word_1_62' title='bbox 985 670 1243 712; x_wconf 86' lang='lat' dir='ltr'>solvendarum,</span> <span class='ocrx_word' id='word_1_63' title='bbox 1272 672 1493 706; x_wconf 83' lang='lat' dir='ltr'>medietatem</span> <span class='ocrx_word' id='word_1_64' title='bbox 1527 671 1670 706; x_wconf 91' lang='lat' dir='ltr'>domino</span> 
     </span>
     <span class='ocr_line' id='line_1_8' title="bbox 195 726 1672 777; baseline -0.003 -12"><span class='ocrx_word' id='word_1_65' title='bbox 195 729 365 777; x_wconf 87' lang='lat' dir='ltr'>Episcopo</span> <span class='ocrx_word' id='word_1_66' title='bbox 384 726 599 774; x_wconf 86' lang='lat' dir='ltr'>Glasgwenfi</span> <span class='ocrx_word' id='word_1_67' title='bbox 618 733 652 762; x_wconf 84' lang='lat' dir='ltr'>et</span> <span class='ocrx_word' id='word_1_68' title='bbox 671 728 894 762; x_wconf 88' lang='lat' dir='ltr'>medietatem</span> <span class='ocrx_word' id='word_1_69' title='bbox 912 727 1041 762; x_wconf 81' lang='lat' dir='ltr'>fabrice</span> <span class='ocrx_word' id='word_1_70' title='bbox 1059 727 1198 762; x_wconf 87' lang='lat' dir='ltr'>ecclelie</span> <span class='ocrx_word' id='word_1_71' title='bbox 1216 727 1370 775; x_wconf 85' lang='lat' dir='ltr'>ejusdem</span> <span class='ocrx_word' id='word_1_72' title='bbox 1397 727 1477 767; x_wconf 88' lang='lat' dir='ltr'>loci,</span> <span class='ocrx_word' id='word_1_73' title='bbox 1505 727 1672 773; x_wconf 89' lang='lat' dir='ltr'>quamdiu</span> 
     </span>
     <span class='ocr_line' id='line_1_9' title="bbox 192 782 1673 834; baseline -0.003 -13"><span class='ocrx_word' id='word_1_74' title='bbox 192 786 266 834; x_wconf 87' lang='lat' dir='ltr'>post</span> <span class='ocrx_word' id='word_1_75' title='bbox 283 784 458 834; x_wconf 85' lang='lat' dir='ltr'>premiffas</span> <span class='ocrx_word' id='word_1_76' title='bbox 476 785 659 819; x_wconf 83' lang='lat' dir='ltr'>citationes</span> <span class='ocrx_word' id='word_1_77' title='bbox 676 784 776 818; x_wconf 88' lang='lat' dir='ltr'>nobis</span> <span class='ocrx_word' id='word_1_78' title='bbox 793 784 902 818; x_wconf 60' lang='lat' dir='ltr'>fafitas</span> <span class='ocrx_word' id='word_1_79' title='bbox 919 782 1079 830; x_wconf 78' lang='lat' dir='ltr'>premifl&#39;a</span> <span class='ocrx_word' id='word_1_80' title='bbox 1097 784 1215 818; x_wconf 87' lang='lat' dir='ltr'>omnia</span> <span class='ocrx_word' id='word_1_81' title='bbox 1246 790 1280 818; x_wconf 90' lang='lat' dir='ltr'>et</span> <span class='ocrx_word' id='word_1_82' title='bbox 1310 783 1444 830; x_wconf 77' lang='lat' dir='ltr'>lingula</span> <span class='ocrx_word' id='word_1_83' title='bbox 1462 784 1498 817; x_wconf 90' lang='lat' dir='ltr'>in</span> <span class='ocrx_word' id='word_1_84' title='bbox 1516 783 1673 829; x_wconf 87' lang='lat' dir='ltr'>quolibet</span> 
     </span>
     <span class='ocr_line' id='line_1_10' title="bbox 194 839 1672 889; baseline -0.003 -12"><span class='ocrx_word' id='word_1_85' title='bbox 194 843 342 877; x_wconf 87' lang='lat' dir='ltr'>articulo</span> <span class='ocrx_word' id='word_1_86' title='bbox 376 842 479 889; x_wconf 85' lang='lat' dir='ltr'>plene</span> <span class='ocrx_word' id='word_1_87' title='bbox 513 841 682 888; x_wconf 86' lang='lat' dir='ltr'>perficere</span> <span class='ocrx_word' id='word_1_88' title='bbox 717 845 751 874; x_wconf 90' lang='lat' dir='ltr'>et</span> <span class='ocrx_word' id='word_1_89' title='bbox 785 840 962 886; x_wconf 84' lang='lat' dir='ltr'>complere</span> <span class='ocrx_word' id='word_1_90' title='bbox 995 840 1314 886; x_wconf 84' lang='lat' dir='ltr'>prorogaverimus,</span> <span class='ocrx_word' id='word_1_91' title='bbox 1359 839 1575 874; x_wconf 89' lang='lat' dir='ltr'>omiserimus</span> <span class='ocrx_word' id='word_1_92' title='bbox 1613 839 1672 874; x_wconf 89' lang='lat' dir='ltr'>seu</span> 
     </span>
     <span class='ocr_line' id='line_1_11' title="bbox 195 895 1673 945; baseline -0.002 -12"><span class='ocrx_word' id='word_1_93' title='bbox 195 898 485 945; x_wconf 87' lang='lat' dir='ltr'>necglexerimus,</span> <span class='ocrx_word' id='word_1_94' title='bbox 512 897 629 943; x_wconf 90' lang='lat' dir='ltr'>aliquo</span> <span class='ocrx_word' id='word_1_95' title='bbox 656 895 733 930; x_wconf 88' lang='lat' dir='ltr'>casu</span> <span class='ocrx_word' id='word_1_96' title='bbox 751 896 990 941; x_wconf 83' lang='lat' dir='ltr'>contingente.</span> <span class='ocrx_word' id='word_1_97' title='bbox 1043 895 1090 929; x_wconf 83' lang='lat' dir='ltr'>Et</span> <span class='ocrx_word' id='word_1_98' title='bbox 1108 895 1247 943; x_wconf 88' lang='lat' dir='ltr'>insuper</span> <span class='ocrx_word' id='word_1_99' title='bbox 1265 895 1505 943; x_wconf 84' lang='lat' dir='ltr'>supposuimus</span> <span class='ocrx_word' id='word_1_100' title='bbox 1532 902 1567 930; x_wconf 88' lang='lat' dir='ltr'>et</span> <span class='ocrx_word' id='word_1_101' title='bbox 1596 895 1673 943; x_wconf 92' lang='lat' dir='ltr'>sup-</span> 
     </span>
     <span class='ocr_line' id='line_1_12' title="bbox 194 950 1673 1002; baseline -0.002 -13"><span class='ocrx_word' id='word_1_102' title='bbox 194 955 357 1002; x_wconf 85' lang='lat' dir='ltr'>ponimus</span> <span class='ocrx_word' id='word_1_103' title='bbox 375 967 439 988; x_wconf 89' lang='lat' dir='ltr'>nos</span> <span class='ocrx_word' id='word_1_104' title='bbox 458 959 492 988; x_wconf 91' lang='lat' dir='ltr'>et</span> <span class='ocrx_word' id='word_1_105' title='bbox 510 952 700 999; x_wconf 83' lang='lat' dir='ltr'>quemlibet</span> <span class='ocrx_word' id='word_1_106' title='bbox 726 951 879 986; x_wconf 85' lang='lat' dir='ltr'>nostrum</span> <span class='ocrx_word' id='word_1_107' title='bbox 893 950 1131 998; x_wconf 58' lang='lat' dir='ltr'>jurisdictioni</span> <span class='ocrx_word' id='word_1_108' title='bbox 1150 958 1184 986; x_wconf 91' lang='lat' dir='ltr'>et</span> <span class='ocrx_word' id='word_1_109' title='bbox 1211 952 1406 986; x_wconf 87' lang='lat' dir='ltr'>cohertioni</span> <span class='ocrx_word' id='word_1_110' title='bbox 1425 952 1558 986; x_wconf 90' lang='lat' dir='ltr'>domini</span> <span class='ocrx_word' id='word_1_111' title='bbox 1577 951 1673 999; x_wconf 91' lang='lat' dir='ltr'>Epis-</span> 
     </span>
     <span class='ocr_line' id='line_1_13' title="bbox 196 1007 1673 1058; baseline -0.003 -12"><span class='ocrx_word' id='word_1_112' title='bbox 196 1011 274 1058; x_wconf 82' lang='lat' dir='ltr'>copi</span> <span class='ocrx_word' id='word_1_113' title='bbox 292 1008 523 1056; x_wconf 78' lang='lat' dir='ltr'>Glalgwenfis</span> <span class='ocrx_word' id='word_1_114' title='bbox 550 1015 584 1043; x_wconf 92' lang='lat' dir='ltr'>et</span> <span class='ocrx_word' id='word_1_115' title='bbox 616 1008 689 1055; x_wconf 87' lang='lat' dir='ltr'>ejus</span> <span class='ocrx_word' id='word_1_116' title='bbox 720 1007 886 1047; x_wconf 82' lang='lat' dir='ltr'>officialis,</span> <span class='ocrx_word' id='word_1_117' title='bbox 914 1013 954 1041; x_wconf 90' lang='lat' dir='ltr'>ut</span> <span class='ocrx_word' id='word_1_118' title='bbox 981 1008 1083 1041; x_wconf 87' lang='lat' dir='ltr'>ambo</span> <span class='ocrx_word' id='word_1_119' title='bbox 1113 1008 1169 1041; x_wconf 86' lang='lat' dir='ltr'>vel</span> <span class='ocrx_word' id='word_1_120' title='bbox 1202 1008 1291 1042; x_wconf 91' lang='lat' dir='ltr'>alter</span> <span class='ocrx_word' id='word_1_121' title='bbox 1319 1021 1440 1042; x_wconf 90' lang='lat' dir='ltr'>eorum</span> <span class='ocrx_word' id='word_1_122' title='bbox 1473 1007 1599 1055; x_wconf 88' lang='lat' dir='ltr'>possint</span> <span class='ocrx_word' id='word_1_123' title='bbox 1616 1009 1673 1042; x_wconf 87' lang='lat' dir='ltr'>vel</span> 
     </span>
     <span class='ocr_line' id='line_1_14' title="bbox 196 1062 1670 1115; baseline -0.002 -14"><span class='ocrx_word' id='word_1_124' title='bbox 196 1065 297 1115; x_wconf 83' lang='lat' dir='ltr'>poffit</span> <span class='ocrx_word' id='word_1_125' title='bbox 315 1079 378 1100; x_wconf 89' lang='lat' dir='ltr'>nos</span> <span class='ocrx_word' id='word_1_126' title='bbox 397 1072 431 1100; x_wconf 87' lang='lat' dir='ltr'>et</span> <span class='ocrx_word' id='word_1_127' title='bbox 448 1064 638 1111; x_wconf 86' lang='lat' dir='ltr'>quemlibet</span> <span class='ocrx_word' id='word_1_128' title='bbox 657 1064 811 1098; x_wconf 87' lang='lat' dir='ltr'>nostrum</span> <span class='ocrx_word' id='word_1_129' title='bbox 840 1070 910 1098; x_wconf 84' lang='lat' dir='ltr'>tam</span> <span class='ocrx_word' id='word_1_130' title='bbox 940 1063 984 1097; x_wconf 89' lang='lat' dir='ltr'>ad</span> <span class='ocrx_word' id='word_1_131' title='bbox 1014 1062 1222 1098; x_wconf 87' lang='lat' dir='ltr'>solutionem</span> <span class='ocrx_word' id='word_1_132' title='bbox 1251 1076 1340 1110; x_wconf 88' lang='lat' dir='ltr'>pene</span> <span class='ocrx_word' id='word_1_133' title='bbox 1368 1063 1390 1097; x_wconf 83' lang='lat' dir='ltr'>fi</span> <span class='ocrx_word' id='word_1_134' title='bbox 1419 1065 1670 1104; x_wconf 82' lang='lat' dir='ltr'>committatur,</span> 
     </span>
     <span class='ocr_line' id='line_1_15' title="bbox 197 1118 1670 1170; baseline -0.002 -12"><span class='ocrx_word' id='word_1_135' title='bbox 197 1136 300 1170; x_wconf 90' lang='lat' dir='ltr'>quam</span> <span class='ocrx_word' id='word_1_136' title='bbox 319 1123 362 1157; x_wconf 88' lang='lat' dir='ltr'>ad</span> <span class='ocrx_word' id='word_1_137' title='bbox 379 1120 540 1170; x_wconf 70' lang='lat' dir='ltr'>premifl&#39;a</span> <span class='ocrx_word' id='word_1_138' title='bbox 557 1121 675 1155; x_wconf 85' lang='lat' dir='ltr'>onmia</span> <span class='ocrx_word' id='word_1_139' title='bbox 692 1126 726 1155; x_wconf 89' lang='lat' dir='ltr'>et</span> <span class='ocrx_word' id='word_1_140' title='bbox 743 1119 876 1166; x_wconf 83' lang='lat' dir='ltr'>fingula</span> <span class='ocrx_word' id='word_1_141' title='bbox 901 1118 1116 1154; x_wconf 88' lang='lat' dir='ltr'>observanda</span> <span class='ocrx_word' id='word_1_142' title='bbox 1143 1125 1178 1154; x_wconf 89' lang='lat' dir='ltr'>et</span> <span class='ocrx_word' id='word_1_143' title='bbox 1206 1120 1430 1166; x_wconf 87' lang='lat' dir='ltr'>adimplenda</span> <span class='ocrx_word' id='word_1_144' title='bbox 1448 1120 1670 1167; x_wconf 78' lang='lat' dir='ltr'>compellere,</span> 
     </span>
     <span class='ocr_line' id='line_1_16' title="bbox 196 1175 1673 1228; baseline -0.003 -13"><span class='ocrx_word' id='word_1_145' title='bbox 196 1193 259 1228; x_wconf 89' lang='lat' dir='ltr'>per</span> <span class='ocrx_word' id='word_1_146' title='bbox 277 1179 515 1214; x_wconf 84' lang='lat' dir='ltr'>omnimodam</span> <span class='ocrx_word' id='word_1_147' title='bbox 533 1176 713 1212; x_wconf 84' lang='lat' dir='ltr'>censuram</span> <span class='ocrx_word' id='word_1_148' title='bbox 731 1176 988 1211; x_wconf 86' lang='lat' dir='ltr'>ecclefiasticam</span> <span class='ocrx_word' id='word_1_149' title='bbox 1006 1181 1077 1210; x_wconf 88' lang='lat' dir='ltr'>tam</span> <span class='ocrx_word' id='word_1_150' title='bbox 1104 1176 1140 1209; x_wconf 87' lang='lat' dir='ltr'>in</span> <span class='ocrx_word' id='word_1_151' title='bbox 1166 1175 1322 1223; x_wconf 83' lang='lat' dir='ltr'>personis</span> <span class='ocrx_word' id='word_1_152' title='bbox 1352 1176 1476 1210; x_wconf 83' lang='lat' dir='ltr'>nostris</span> <span class='ocrx_word' id='word_1_153' title='bbox 1505 1189 1610 1222; x_wconf 89' lang='lat' dir='ltr'>quam</span> <span class='ocrx_word' id='word_1_154' title='bbox 1636 1177 1673 1210; x_wconf 92' lang='lat' dir='ltr'>in</span> 
     </span>
     <span class='ocr_line' id='line_1_17' title="bbox 196 1231 1674 1279; baseline -0.003 -9"><span class='ocrx_word' id='word_1_155' title='bbox 196 1237 297 1271; x_wconf 83' lang='lat' dir='ltr'>terris</span> <span class='ocrx_word' id='word_1_156' title='bbox 316 1241 350 1270; x_wconf 93' lang='lat' dir='ltr'>et</span> <span class='ocrx_word' id='word_1_157' title='bbox 368 1235 442 1269; x_wconf 89' lang='lat' dir='ltr'>aliis</span> <span class='ocrx_word' id='word_1_158' title='bbox 459 1234 622 1274; x_wconf 85' lang='lat' dir='ltr'>ferendis,</span> <span class='ocrx_word' id='word_1_159' title='bbox 642 1233 759 1267; x_wconf 84' lang='lat' dir='ltr'>habita</span> <span class='ocrx_word' id='word_1_160' title='bbox 775 1232 960 1267; x_wconf 85' lang='lat' dir='ltr'>summaria</span> <span class='ocrx_word' id='word_1_161' title='bbox 977 1232 1179 1277; x_wconf 83' lang='lat' dir='ltr'>cognitione</span> <span class='ocrx_word' id='word_1_162' title='bbox 1197 1244 1241 1266; x_wconf 79' lang='lat' dir='ltr'>ex</span> <span class='ocrx_word' id='word_1_163' title='bbox 1257 1231 1328 1265; x_wconf 83' lang='lat' dir='ltr'>sola</span> <span class='ocrx_word' id='word_1_164' title='bbox 1343 1231 1557 1278; x_wconf 72' lang='lat' dir='ltr'>inspectione</span> <span class='ocrx_word' id='word_1_165' title='bbox 1571 1232 1674 1279; x_wconf 85' lang='lat' dir='ltr'>hujus</span> 
     </span>
     <span class='ocr_line' id='line_1_18' title="bbox 195 1287 1673 1335; baseline -0.003 -8"><span class='ocrx_word' id='word_1_166' title='bbox 195 1292 424 1331; x_wconf 87' lang='lat' dir='ltr'>instrumenti,</span> <span class='ocrx_word' id='word_1_167' title='bbox 452 1290 522 1325; x_wconf 89' lang='lat' dir='ltr'>fine</span> <span class='ocrx_word' id='word_1_168' title='bbox 551 1290 619 1324; x_wconf 85' lang='lat' dir='ltr'>alia</span> <span class='ocrx_word' id='word_1_169' title='bbox 648 1288 747 1324; x_wconf 88' lang='lat' dir='ltr'>cause</span> <span class='ocrx_word' id='word_1_170' title='bbox 765 1288 978 1335; x_wconf 84' lang='lat' dir='ltr'>cognitione,</span> <span class='ocrx_word' id='word_1_171' title='bbox 1005 1287 1106 1321; x_wconf 92' lang='lat' dir='ltr'>nullo</span> <span class='ocrx_word' id='word_1_172' title='bbox 1128 1287 1218 1334; x_wconf 87' lang='lat' dir='ltr'>juris</span> <span class='ocrx_word' id='word_1_173' title='bbox 1248 1288 1404 1321; x_wconf 88' lang='lat' dir='ltr'>remedio</span> <span class='ocrx_word' id='word_1_174' title='bbox 1433 1288 1591 1322; x_wconf 89' lang='lat' dir='ltr'>canonici</span> <span class='ocrx_word' id='word_1_175' title='bbox 1616 1287 1673 1322; x_wconf 87' lang='lat' dir='ltr'>vel</span> 
     </span>
     <span class='ocr_line' id='line_1_19' title="bbox 197 1343 1674 1389; baseline -0.003 -6"><span class='ocrx_word' id='word_1_176' title='bbox 197 1349 318 1389; x_wconf 83' lang='lat' dir='ltr'>civilis,</span> <span class='ocrx_word' id='word_1_177' title='bbox 346 1348 446 1382; x_wconf 91' lang='lat' dir='ltr'>nobis</span> <span class='ocrx_word' id='word_1_178' title='bbox 463 1347 519 1382; x_wconf 89' lang='lat' dir='ltr'>vel</span> <span class='ocrx_word' id='word_1_179' title='bbox 537 1347 640 1381; x_wconf 88' lang='lat' dir='ltr'>alicui</span> <span class='ocrx_word' id='word_1_180' title='bbox 658 1346 813 1381; x_wconf 86' lang='lat' dir='ltr'>nostrum</span> <span class='ocrx_word' id='word_1_181' title='bbox 832 1345 935 1379; x_wconf 80' lang='lat' dir='ltr'>reniti</span> <span class='ocrx_word' id='word_1_182' title='bbox 953 1344 1152 1379; x_wconf 83' lang='lat' dir='ltr'>volentibus</span> <span class='ocrx_word' id='word_1_183' title='bbox 1170 1343 1226 1378; x_wconf 90' lang='lat' dir='ltr'>vel</span> <span class='ocrx_word' id='word_1_184' title='bbox 1243 1344 1387 1384; x_wconf 83' lang='lat' dir='ltr'>volenti,</span> <span class='ocrx_word' id='word_1_185' title='bbox 1411 1344 1574 1378; x_wconf 80' lang='lat' dir='ltr'>valituro.</span> <span class='ocrx_word' id='word_1_186' title='bbox 1626 1343 1674 1378; x_wconf 80' lang='lat' dir='ltr'>Et</span> 
     </span>
     <span class='ocr_line' id='line_1_20' title="bbox 196 1399 1675 1448; baseline -0.003 -9"><span class='ocrx_word' id='word_1_187' title='bbox 196 1405 480 1440; x_wconf 81' lang='lat' dir='ltr'>renunciavimus</span> <span class='ocrx_word' id='word_1_188' title='bbox 497 1416 536 1437; x_wconf 89' lang='lat' dir='ltr'>ac</span> <span class='ocrx_word' id='word_1_189' title='bbox 556 1402 802 1437; x_wconf 86' lang='lat' dir='ltr'>renunciamus</span> <span class='ocrx_word' id='word_1_190' title='bbox 820 1399 973 1448; x_wconf 84' lang='lat' dir='ltr'>expreffe</span> <span class='ocrx_word' id='word_1_191' title='bbox 1002 1401 1040 1434; x_wconf 91' lang='lat' dir='ltr'>in</span> <span class='ocrx_word' id='word_1_192' title='bbox 1067 1401 1134 1435; x_wconf 86' lang='lat' dir='ltr'>hoc</span> <span class='ocrx_word' id='word_1_193' title='bbox 1152 1400 1246 1435; x_wconf 74' lang='lat' dir='ltr'>facto</span> <span class='ocrx_word' id='word_1_194' title='bbox 1265 1413 1329 1447; x_wconf 80' lang='lat' dir='ltr'>pro</span> <span class='ocrx_word' id='word_1_195' title='bbox 1348 1400 1448 1434; x_wconf 88' lang='lat' dir='ltr'>nobis</span> <span class='ocrx_word' id='word_1_196' title='bbox 1466 1406 1501 1435; x_wconf 86' lang='lat' dir='ltr'>et</span> <span class='ocrx_word' id='word_1_197' title='bbox 1519 1399 1675 1446; x_wconf 88' lang='lat' dir='ltr'>quolibet</span> 
     </span>
     <span class='ocr_line' id='line_1_21' title="bbox 195 1454 1674 1506; baseline -0.003 -11"><span class='ocrx_word' id='word_1_198' title='bbox 195 1460 361 1500; x_wconf 87' lang='lat' dir='ltr'>nostrum,</span> <span class='ocrx_word' id='word_1_199' title='bbox 389 1473 459 1506; x_wconf 89' lang='lat' dir='ltr'>quo</span> <span class='ocrx_word' id='word_1_200' title='bbox 477 1459 520 1493; x_wconf 87' lang='lat' dir='ltr'>ad</span> <span class='ocrx_word' id='word_1_201' title='bbox 539 1458 788 1493; x_wconf 87' lang='lat' dir='ltr'>infirmandum</span> <span class='ocrx_word' id='word_1_202' title='bbox 806 1455 966 1505; x_wconf 86' lang='lat' dir='ltr'>premiffa</span> <span class='ocrx_word' id='word_1_203' title='bbox 983 1456 1040 1491; x_wconf 82' lang='lat' dir='ltr'>vel</span> <span class='ocrx_word' id='word_1_204' title='bbox 1057 1456 1198 1502; x_wconf 92' lang='lat' dir='ltr'>aliquod</span> <span class='ocrx_word' id='word_1_205' title='bbox 1220 1454 1474 1503; x_wconf 82' lang='lat' dir='ltr'>premifforum,</span> <span class='ocrx_word' id='word_1_206' title='bbox 1503 1456 1674 1490; x_wconf 90' lang='lat' dir='ltr'>omnimo-</span> 
     </span>
     <span class='ocr_line' id='line_1_22' title="bbox 197 1512 1673 1564; baseline -0.003 -13"><span class='ocrx_word' id='word_1_207' title='bbox 197 1518 248 1552; x_wconf 90' lang='lat' dir='ltr'>dis</span> <span class='ocrx_word' id='word_1_208' title='bbox 265 1517 401 1564; x_wconf 86' lang='lat' dir='ltr'>placitis</span> <span class='ocrx_word' id='word_1_209' title='bbox 419 1522 454 1550; x_wconf 91' lang='lat' dir='ltr'>et</span> <span class='ocrx_word' id='word_1_210' title='bbox 471 1516 595 1550; x_wconf 83' lang='lat' dir='ltr'>litteris</span> <span class='ocrx_word' id='word_1_211' title='bbox 621 1521 691 1549; x_wconf 85' lang='lat' dir='ltr'>tam</span> <span class='ocrx_word' id='word_1_212' title='bbox 719 1528 740 1549; x_wconf 89' lang='lat' dir='ltr'>a</span> <span class='ocrx_word' id='word_1_213' title='bbox 766 1515 910 1549; x_wconf 90' lang='lat' dir='ltr'>domino</span> <span class='ocrx_word' id='word_1_214' title='bbox 930 1513 1030 1559; x_wconf 86' lang='lat' dir='ltr'>Rege</span> <span class='ocrx_word' id='word_1_215' title='bbox 1050 1513 1166 1547; x_wconf 86' lang='lat' dir='ltr'>Scotie</span> <span class='ocrx_word' id='word_1_216' title='bbox 1185 1526 1289 1559; x_wconf 88' lang='lat' dir='ltr'>quam</span> <span class='ocrx_word' id='word_1_217' title='bbox 1319 1526 1339 1547; x_wconf 92' lang='lat' dir='ltr'>a</span> <span class='ocrx_word' id='word_1_218' title='bbox 1368 1525 1579 1558; x_wconf 90' lang='lat' dir='ltr'>quocunque</span> <span class='ocrx_word' id='word_1_219' title='bbox 1604 1512 1673 1546; x_wconf 87' lang='lat' dir='ltr'>alio</span> 
     </span>
     <span class='ocr_line' id='line_1_23' title="bbox 194 1568 1672 1617; baseline -0.003 -10"><span class='ocrx_word' id='word_1_220' title='bbox 194 1573 274 1608; x_wconf 91' lang='lat' dir='ltr'>loco</span> <span class='ocrx_word' id='word_1_221' title='bbox 293 1578 327 1607; x_wconf 82' lang='lat' dir='ltr'>et</span> <span class='ocrx_word' id='word_1_222' title='bbox 345 1573 422 1607; x_wconf 89' lang='lat' dir='ltr'>foro</span> <span class='ocrx_word' id='word_1_223' title='bbox 441 1571 662 1606; x_wconf 81' lang='lat' dir='ltr'>ecclesiastico</span> <span class='ocrx_word' id='word_1_224' title='bbox 680 1571 737 1606; x_wconf 81' lang='lat' dir='ltr'>vel</span> <span class='ocrx_word' id='word_1_225' title='bbox 755 1570 899 1605; x_wconf 88' lang='lat' dir='ltr'>seculari</span> <span class='ocrx_word' id='word_1_226' title='bbox 917 1570 1111 1616; x_wconf 83' lang='lat' dir='ltr'>impetratis</span> <span class='ocrx_word' id='word_1_227' title='bbox 1128 1568 1186 1604; x_wconf 91' lang='lat' dir='ltr'>seu</span> <span class='ocrx_word' id='word_1_228' title='bbox 1201 1570 1438 1617; x_wconf 84' lang='lat' dir='ltr'>impetrandis,</span> <span class='ocrx_word' id='word_1_229' title='bbox 1459 1575 1494 1604; x_wconf 90' lang='lat' dir='ltr'>et</span> <span class='ocrx_word' id='word_1_230' title='bbox 1511 1569 1672 1604; x_wconf 87' lang='lat' dir='ltr'>omnibus</span> 
     </span>
     <span class='ocr_line' id='line_1_24' title="bbox 189 1627 1673 1676; baseline -0.001 -12"><span class='ocrx_word' id='word_1_231' title='bbox 189 1629 339 1676; x_wconf 87' lang='lat' dir='ltr'>juribus,</span> <span class='ocrx_word' id='word_1_232' title='bbox 378 1627 696 1667; x_wconf 87' lang='lat' dir='ltr'>consuetudinibus,</span> <span class='ocrx_word' id='word_1_233' title='bbox 728 1627 880 1674; x_wconf 83' lang='lat' dir='ltr'>judiciis,</span> <span class='ocrx_word' id='word_1_234' title='bbox 919 1627 1062 1667; x_wconf 87' lang='lat' dir='ltr'>statutis,</span> <span class='ocrx_word' id='word_1_235' title='bbox 1103 1627 1301 1668; x_wconf 86' lang='lat' dir='ltr'>statuendis,</span> <span class='ocrx_word' id='word_1_236' title='bbox 1340 1627 1602 1674; x_wconf 86' lang='lat' dir='ltr'>exceptionibus</span> <span class='ocrx_word' id='word_1_237' title='bbox 1638 1633 1673 1662; x_wconf 82' lang='lat' dir='ltr'>et</span> 
     </span>
     <span class='ocr_line' id='line_1_25' title="bbox 191 1682 1673 1732; baseline -0.001 -13"><span class='ocrx_word' id='word_1_238' title='bbox 191 1686 281 1732; x_wconf 86' lang='lat' dir='ltr'>juris</span> <span class='ocrx_word' id='word_1_239' title='bbox 300 1684 459 1719; x_wconf 82' lang='lat' dir='ltr'>canonici</span> <span class='ocrx_word' id='word_1_240' title='bbox 477 1689 512 1718; x_wconf 87' lang='lat' dir='ltr'>et</span> <span class='ocrx_word' id='word_1_241' title='bbox 529 1683 638 1717; x_wconf 84' lang='lat' dir='ltr'>civilis</span> <span class='ocrx_word' id='word_1_242' title='bbox 657 1683 829 1723; x_wconf 79' lang='lat' dir='ltr'>remediis,</span> <span class='ocrx_word' id='word_1_243' title='bbox 848 1683 962 1717; x_wconf 76' lang='lat' dir='ltr'>viduis</span> <span class='ocrx_word' id='word_1_244' title='bbox 980 1689 1014 1717; x_wconf 90' lang='lat' dir='ltr'>et</span> <span class='ocrx_word' id='word_1_245' title='bbox 1026 1683 1227 1730; x_wconf 71' lang='lat' dir='ltr'>,conjugatis</span> <span class='ocrx_word' id='word_1_246' title='bbox 1245 1682 1407 1717; x_wconf 89' lang='lat' dir='ltr'>conceflis</span> <span class='ocrx_word' id='word_1_247' title='bbox 1426 1688 1461 1717; x_wconf 86' lang='lat' dir='ltr'>et</span> <span class='ocrx_word' id='word_1_248' title='bbox 1478 1683 1673 1717; x_wconf 88' lang='lat' dir='ltr'>conceden-</span> 
     </span>
     <span class='ocr_line' id='line_1_26' title="bbox 196 1737 1672 1787; baseline -0.002 -11"><span class='ocrx_word' id='word_1_249' title='bbox 196 1742 259 1782; x_wconf 86' lang='lat' dir='ltr'>dis,</span> <span class='ocrx_word' id='word_1_250' title='bbox 288 1747 323 1775; x_wconf 87' lang='lat' dir='ltr'>et</span> <span class='ocrx_word' id='word_1_251' title='bbox 352 1740 549 1787; x_wconf 82' lang='lat' dir='ltr'>exceptioni</span> <span class='ocrx_word' id='word_1_252' title='bbox 567 1739 674 1773; x_wconf 80' lang='lat' dir='ltr'>virilis</span> <span class='ocrx_word' id='word_1_253' title='bbox 700 1737 954 1786; x_wconf 80' lang='lat' dir='ltr'>compulsionis,</span> <span class='ocrx_word' id='word_1_254' title='bbox 987 1744 1022 1773; x_wconf 89' lang='lat' dir='ltr'>et</span> <span class='ocrx_word' id='word_1_255' title='bbox 1048 1738 1241 1785; x_wconf 83' lang='lat' dir='ltr'>specialiter</span> <span class='ocrx_word' id='word_1_256' title='bbox 1259 1739 1428 1773; x_wconf 87' lang='lat' dir='ltr'>beneficio</span> <span class='ocrx_word' id='word_1_257' title='bbox 1447 1738 1672 1773; x_wconf 86' lang='lat' dir='ltr'>restitutionis</span> 
     </span>
     <span class='ocr_line' id='line_1_27' title="bbox 195 1793 1671 1844; baseline -0.003 -12"><span class='ocrx_word' id='word_1_258' title='bbox 195 1799 232 1832; x_wconf 88' lang='lat' dir='ltr'>in</span> <span class='ocrx_word' id='word_1_259' title='bbox 249 1798 437 1844; x_wconf 79' lang='lat' dir='ltr'>integrum,</span> <span class='ocrx_word' id='word_1_260' title='bbox 458 1802 493 1831; x_wconf 89' lang='lat' dir='ltr'>et</span> <span class='ocrx_word' id='word_1_261' title='bbox 510 1796 606 1830; x_wconf 87' lang='lat' dir='ltr'>omni</span> <span class='ocrx_word' id='word_1_262' title='bbox 619 1795 803 1842; x_wconf 84' lang='lat' dir='ltr'>privilegio</span> <span class='ocrx_word' id='word_1_263' title='bbox 822 1793 1089 1841; x_wconf 84' lang='lat' dir='ltr'>crucefingnatis</span> <span class='ocrx_word' id='word_1_264' title='bbox 1107 1794 1163 1829; x_wconf 88' lang='lat' dir='ltr'>vel</span> <span class='ocrx_word' id='word_1_265' title='bbox 1193 1793 1495 1841; x_wconf 85' lang='lat' dir='ltr'>crucefingnandis</span> <span class='ocrx_word' id='word_1_266' title='bbox 1513 1793 1671 1829; x_wconf 83' lang='lat' dir='ltr'>conceffo</span> 
     </span>
     <span class='ocr_line' id='line_1_28' title="bbox 197 1850 1671 1897; baseline -0.003 -9"><span class='ocrx_word' id='word_1_267' title='bbox 197 1859 231 1888; x_wconf 88' lang='lat' dir='ltr'>et</span> <span class='ocrx_word' id='word_1_268' title='bbox 249 1853 487 1892; x_wconf 89' lang='lat' dir='ltr'>concedendo,</span> <span class='ocrx_word' id='word_1_269' title='bbox 517 1858 551 1886; x_wconf 86' lang='lat' dir='ltr'>et</span> <span class='ocrx_word' id='word_1_270' title='bbox 582 1851 743 1885; x_wconf 90' lang='lat' dir='ltr'>omnibus</span> <span class='ocrx_word' id='word_1_271' title='bbox 761 1851 836 1884; x_wconf 89' lang='lat' dir='ltr'>aliis</span> <span class='ocrx_word' id='word_1_272' title='bbox 853 1851 1091 1896; x_wconf 85' lang='lat' dir='ltr'>indulgentiis,</span> <span class='ocrx_word' id='word_1_273' title='bbox 1122 1851 1253 1896; x_wconf 86' lang='lat' dir='ltr'>gratiis,</span> <span class='ocrx_word' id='word_1_274' title='bbox 1280 1851 1471 1897; x_wconf 85' lang='lat' dir='ltr'>privilegiis</span> <span class='ocrx_word' id='word_1_275' title='bbox 1500 1850 1671 1897; x_wconf 85' lang='lat' dir='ltr'>generali-</span> 
     </span>
     <span class='ocr_line' id='line_1_29' title="bbox 196 1906 1671 1956; baseline -0.003 -12"><span class='ocrx_word' id='word_1_276' title='bbox 196 1910 259 1944; x_wconf 87' lang='lat' dir='ltr'>bus</span> <span class='ocrx_word' id='word_1_277' title='bbox 277 1910 333 1944; x_wconf 85' lang='lat' dir='ltr'>vel</span> <span class='ocrx_word' id='word_1_278' title='bbox 350 1908 563 1956; x_wconf 85' lang='lat' dir='ltr'>specialibus,</span> <span class='ocrx_word' id='word_1_279' title='bbox 592 1913 627 1942; x_wconf 86' lang='lat' dir='ltr'>et</span> <span class='ocrx_word' id='word_1_280' title='bbox 649 1907 810 1941; x_wconf 87' lang='lat' dir='ltr'>omnibus</span> <span class='ocrx_word' id='word_1_281' title='bbox 827 1906 1128 1953; x_wconf 81' lang='lat' dir='ltr'>appellationibuS,</span> <span class='ocrx_word' id='word_1_282' title='bbox 1157 1907 1505 1947; x_wconf 67' lang='lat' dir='ltr'>contradictionibus,</span> <span class='ocrx_word' id='word_1_283' title='bbox 1533 1906 1671 1941; x_wconf 91' lang='lat' dir='ltr'>cavilla-</span> 
     </span>
     <span class='ocr_line' id='line_1_30' title="bbox 195 1961 1670 2011; baseline -0.003 -10"><span class='ocrx_word' id='word_1_284' title='bbox 195 1966 348 2001; x_wconf 85' lang='lat' dir='ltr'>tionibus</span> <span class='ocrx_word' id='word_1_285' title='bbox 367 1971 401 2000; x_wconf 87' lang='lat' dir='ltr'>et</span> <span class='ocrx_word' id='word_1_286' title='bbox 419 1965 493 1999; x_wconf 88' lang='lat' dir='ltr'>aliis</span> <span class='ocrx_word' id='word_1_287' title='bbox 510 1976 573 2011; x_wconf 91' lang='lat' dir='ltr'>per</span> <span class='ocrx_word' id='word_1_288' title='bbox 590 1976 658 2010; x_wconf 89' lang='lat' dir='ltr'>que</span> <span class='ocrx_word' id='word_1_289' title='bbox 676 1964 824 1998; x_wconf 87' lang='lat' dir='ltr'>intentio</span> <span class='ocrx_word' id='word_1_290' title='bbox 850 1962 909 1997; x_wconf 87' lang='lat' dir='ltr'>seu</span> <span class='ocrx_word' id='word_1_291' title='bbox 935 1968 1039 1997; x_wconf 84' lang='lat' dir='ltr'>tenor</span> <span class='ocrx_word' id='word_1_292' title='bbox 1064 1961 1231 2009; x_wconf 84' lang='lat' dir='ltr'>presentis</span> <span class='ocrx_word' id='word_1_293' title='bbox 1257 1961 1373 2009; x_wconf 83' lang='lat' dir='ltr'>scripti</span> <span class='ocrx_word' id='word_1_294' title='bbox 1391 1963 1426 1996; x_wconf 91' lang='lat' dir='ltr'>in</span> <span class='ocrx_word' id='word_1_295' title='bbox 1444 1968 1543 2010; x_wconf 87' lang='lat' dir='ltr'>parte</span> <span class='ocrx_word' id='word_1_296' title='bbox 1560 1962 1615 1997; x_wconf 90' lang='lat' dir='ltr'>vel</span> <span class='ocrx_word' id='word_1_297' title='bbox 1633 1963 1670 1996; x_wconf 91' lang='lat' dir='ltr'>in</span> 
     </span>
     <span class='ocr_line' id='line_1_31' title="bbox 195 2017 1671 2068; baseline -0.002 -12"><span class='ocrx_word' id='word_1_298' title='bbox 195 2028 272 2057; x_wconf 88' lang='lat' dir='ltr'>toto</span> <span class='ocrx_word' id='word_1_299' title='bbox 300 2021 461 2068; x_wconf 88' lang='lat' dir='ltr'>impediri</span> <span class='ocrx_word' id='word_1_300' title='bbox 487 2018 589 2067; x_wconf 86' lang='lat' dir='ltr'>poffit</span> <span class='ocrx_word' id='word_1_301' title='bbox 618 2019 674 2054; x_wconf 90' lang='lat' dir='ltr'>vel</span> <span class='ocrx_word' id='word_1_302' title='bbox 701 2019 909 2066; x_wconf 89' lang='lat' dir='ltr'>impugnari.</span> <span class='ocrx_word' id='word_1_303' title='bbox 962 2018 1007 2052; x_wconf 91' lang='lat' dir='ltr'>In</span> <span class='ocrx_word' id='word_1_304' title='bbox 1039 2018 1138 2065; x_wconf 86' lang='lat' dir='ltr'>cujus</span> <span class='ocrx_word' id='word_1_305' title='bbox 1167 2018 1217 2052; x_wconf 88' lang='lat' dir='ltr'>rei</span> <span class='ocrx_word' id='word_1_306' title='bbox 1247 2017 1493 2058; x_wconf 85' lang='lat' dir='ltr'>testimonium,</span> <span class='ocrx_word' id='word_1_307' title='bbox 1521 2017 1671 2065; x_wconf 87' lang='lat' dir='ltr'>presenti</span> 
     </span>
     <span class='ocr_line' id='line_1_32' title="bbox 195 2073 1669 2126; baseline -0.003 -13"><span class='ocrx_word' id='word_1_308' title='bbox 195 2078 332 2126; x_wconf 86' lang='lat' dir='ltr'>scripto,</span> <span class='ocrx_word' id='word_1_309' title='bbox 362 2077 474 2124; x_wconf 84' lang='lat' dir='ltr'>gratia</span> <span class='ocrx_word' id='word_1_310' title='bbox 491 2076 632 2123; x_wconf 86' lang='lat' dir='ltr'>majoris</span> <span class='ocrx_word' id='word_1_311' title='bbox 649 2075 845 2115; x_wconf 88' lang='lat' dir='ltr'>testimonii,</span> <span class='ocrx_word' id='word_1_312' title='bbox 866 2073 1056 2122; x_wconf 85' lang='lat' dir='ltr'>appensum</span> <span class='ocrx_word' id='word_1_313' title='bbox 1074 2073 1122 2108; x_wconf 87' lang='lat' dir='ltr'>est</span> <span class='ocrx_word' id='word_1_314' title='bbox 1138 2073 1285 2120; x_wconf 73' lang='lat' dir='ltr'>sigillum</span> <span class='ocrx_word' id='word_1_315' title='bbox 1303 2074 1454 2120; x_wconf 81' lang='lat' dir='ltr'>magistri</span> <span class='ocrx_word' id='word_1_316' title='bbox 1469 2074 1608 2109; x_wconf 90' lang='lat' dir='ltr'>Thome</span> <span class='ocrx_word' id='word_1_317' title='bbox 1627 2075 1669 2109; x_wconf 86' lang='lat' dir='ltr'>de</span> 
     </span>
     <span class='ocr_line' id='line_1_33' title="bbox 198 2128 1668 2181; baseline -0.004 -12"><span class='ocrx_word' id='word_1_318' title='bbox 198 2135 368 2181; x_wconf 88' lang='lat' dir='ltr'>Abyrden</span> <span class='ocrx_word' id='word_1_319' title='bbox 386 2139 471 2168; x_wconf 89' lang='lat' dir='ltr'>tunc</span> <span class='ocrx_word' id='word_1_320' title='bbox 489 2132 644 2166; x_wconf 83' lang='lat' dir='ltr'>officialis</span> <span class='ocrx_word' id='word_1_321' title='bbox 667 2131 800 2166; x_wconf 91' lang='lat' dir='ltr'>domini</span> <span class='ocrx_word' id='word_1_322' title='bbox 831 2130 981 2165; x_wconf 87' lang='lat' dir='ltr'>Roberti</span> <span class='ocrx_word' id='word_1_323' title='bbox 1009 2129 1080 2164; x_wconf 92' lang='lat' dir='ltr'>Dei</span> <span class='ocrx_word' id='word_1_324' title='bbox 1108 2130 1222 2176; x_wconf 84' lang='lat' dir='ltr'>gratia</span> <span class='ocrx_word' id='word_1_325' title='bbox 1249 2129 1480 2176; x_wconf 78' lang='lat' dir='ltr'>Glalgwenfis</span> <span class='ocrx_word' id='word_1_326' title='bbox 1508 2128 1668 2177; x_wconf 88' lang='lat' dir='ltr'>episcopi,</span> 
     </span>
     <span class='ocr_line' id='line_1_34' title="bbox 196 2186 951 2236; baseline -0.007 -11"><span class='ocrx_word' id='word_1_327' title='bbox 196 2203 266 2225; x_wconf 87' lang='lat' dir='ltr'>una</span> <span class='ocrx_word' id='word_1_328' title='bbox 283 2203 363 2225; x_wconf 88' lang='lat' dir='ltr'>cum</span> <span class='ocrx_word' id='word_1_329' title='bbox 380 2188 496 2236; x_wconf 86' lang='lat' dir='ltr'>figillis</span> <span class='ocrx_word' id='word_1_330' title='bbox 513 2187 647 2223; x_wconf 84' lang='lat' dir='ltr'>nostris.</span> <span class='ocrx_word' id='word_1_331' title='bbox 702 2187 783 2222; x_wconf 87' lang='lat' dir='ltr'>Hiis</span> <span class='ocrx_word' id='word_1_332' title='bbox 799 2186 951 2222; x_wconf 85' lang='lat' dir='ltr'>testibus.</span> 
     </span>
    </p>
   </div>
  </div>
 </body>
</html>
