1839 2652
729 265 800 302 DE
827 265 1095 302 PASSELET.
1607 275 1652 306 15

178 416 410 455 Confirmatio
429 417 472 452 de
490 416 652 458 Fultone,
681 422 716 452 et
745 418 888 452 donatio
916 417 1053 454 ecclefie
1084 424 1118 453 et
1148 419 1360 466 capellarum
1390 420 1434 456 de
1452 420 1553 462 Bote,
1582 434 1645 468 per

177 480 307 510 cartam
326 475 435 510 Alani
451 475 514 510 filii
536 475 691 515 Walteri,
717 474 923 509 fundatoris.

178 585 370 621 SCIANT
394 584 569 632 presentes
599 591 633 619 et
659 585 780 625 futuri,
809 585 904 631 quod
933 597 998 630 ego
1030 585 1167 619 Alanus
1196 586 1287 620 filius
1316 586 1473 628 Walteri,
1512 589 1645 635 dapifer

177 642 287 687 Regis
317 641 443 681 Scotie‚
475 640 630 675 concedo
657 645 691 675 et
718 640 782 674 hac
800 653 877 673 mea
894 645 989 674 carta
1006 640 1175 675 confirmo
1202 641 1322 676 domui
1341 655 1416 678 mee
1435 644 1478 678 de
1498 642 1645 679 Paffelet

176 702 211 732 et
228 696 406 730 monachis
422 696 551 730 ibidem
581 696 663 730 Deo
680 695 907 730 servientibus
933 701 968 729 et
992 696 1251 742 imperpetuum
1268 696 1454 739 servituris,
1487 700 1645 734 donatio-

175 765 256 788 nem
273 752 368 786 illam
398 764 502 797 quam
522 751 700 785 Hem-icus
718 751 760 785 de
779 751 910 785 saneto
930 750 1089 785 Martino
1103 752 1151 785 eis
1163 752 1245 786 fecit
1258 765 1320 798 per
1334 753 1511 789 confilium
1529 768 1646 790 meum

177 813 212 842 et
228 808 458 847 voluntatem,
487 812 521 841 et
550 805 716 841 consensu
735 805 889 841 Gilberti
918 807 980 840 filii
1009 805 1059 840 sui
1090 812 1124 841 et
1149 807 1296 847 heredis,
1325 809 1367 843 de
1386 814 1460 843 tota
1476 816 1571 845 terra
1587 811 1647 846 sua

177 864 269 898 inter
289 862 378 897 Kert
405 868 440 897 et
468 863 559 904 Grif,
588 863 624 896 in
654 862 797 896 liberam
825 867 859 896 et
888 868 1093 909 perpetuam
1113 862 1332 898 elemosinam
1363 865 1411 899 eis
1437 865 1571 913 semper
1589 868 1647 901 ha-

177 919 302 959 benda,
329 919 378 953 ita
407 919 509 966 plene
538 924 573 953 et
600 919 748 964 integre,
779 917 864 952 ficut
893 918 986 952 idem
1007 917 1184 952 Henricus
1207 919 1334 954 dictam
1354 925 1483 955 terram
1509 923 1646 968 plenius

178 980 213 1010 et
230 974 399 1020 integrius
416 975 530 1009 tenuit
547 974 603 1009 vel
620 981 740 1008 tenere
755 974 875 1008 debuit
900 987 944 1008 ex
961 974 1055 1008 dono
1076 974 1219 1009 Walteri
1236 975 1298 1009 filii
1318 976 1425 1011 Alani
1443 979 1549 1024 patris
1567 980 1646 1014 mei.

179 1030 345 1065 Preterea
362 1042 427 1076 ego
445 1029 514 1077 ipse
532 1043 595 1077 pro
613 1030 729 1064 anima
754 1030 845 1075 regis
864 1029 982 1064 David
1008 1036 1042 1064 et
1069 1043 1133 1077 pro
1161 1031 1277 1065 anima
1303 1033 1393 1078 regis
1425 1032 1596 1069 Macolmi
1614 1042 1648 1069 et

178 1099 242 1133 pro
259 1085 373 1120 anima
389 1086 496 1132 patris
514 1086 582 1120 mei
604 1085 747 1120 Walteri
766 1090 800 1119 et
818 1086 937 1120 matris
954 1099 1030 1120 mee
1050 1085 1217 1127 Eschene,
1246 1092 1280 1121 et
1305 1101 1369 1134 pro
1387 1087 1496 1124 salute
1514 1091 1647 1126 domini

178 1141 283 1175 nostri
302 1140 456 1175 Wilelmi
472 1142 563 1187 regis
582 1141 697 1176 Scotie
717 1146 751 1175 et
768 1141 937 1175 heredum
963 1140 1116 1182 suorum,
1145 1148 1179 1177 et
1196 1155 1260 1189 pro
1290 1142 1398 1178 salute
1425 1145 1596 1192 meiipfius
1613 1154 1649 1182 et

180 1197 348 1232 heredum
368 1210 538 1238 meorum,
560 1198 665 1237 dono,
685 1197 840 1231 concedo
859 1202 893 1231 et
911 1197 975 1231 hac
994 1210 1071 1231 mea
1088 1203 1183 1232 carta
1209 1199 1378 1233 confirmo
1397 1201 1508 1234 eidem
1528 1202 1647 1237 domui

180 1252 222 1286 de
243 1251 399 1293 Paffelet,
427 1259 462 1287 et
480 1253 657 1287 monachis
675 1253 802 1286 ibidem
822 1252 902 1286 Deo
920 1252 1158 1293 servientibus
1182 1254 1357 1288 eccleliam
1376 1256 1419 1289 de
1440 1255 1597 1302 Kengaif
1613 1259 1649 1293 in

180 1307 290 1342 insula
308 1308 350 1342 de
370 1308 471 1349 Bote,
501 1322 580 1343 cuni
599 1308 758 1342 omnibus
776 1309 916 1355 capellis
945 1313 980 1342 et
1005 1314 1079 1342 tota
1096 1309 1260 1355 parochia
1287 1310 1438 1356 ejusdem
1466 1311 1586 1353 insule,
1614 1321 1650 1349 et

181 1376 260 1397 cum
277 1369 352 1398 tota
382 1370 476 1399 terra
504 1377 607 1410 quam
639 1364 788 1398 8111161115
818 1362 1040 1398 Blanifficum
1068 1364 1205 1405 dieitur,
1241 1365 1412 1411 [Sanctus
1439 1367 1570 1402 Blanus
1588 1383 1650 1416 per

180 1417 294 1459 ficum,
314 1425 354 1453 ut
371 1420 507 1460 dicitur,
522 1421 558 1465 ?]
586 1420 668 1453 olim
687 1420 795 1454 cinxit
821 1432 841 1453 a
858 1420 945 1454 mari
962 1419 1068 1465 usque
1086 1420 1130 1454 ad
1148 1433 1254 1461 mare,
1281 1434 1343 1467 per
1361 1428 1469 1456 metas
1486 1430 1597 1458 certas
1615 1432 1650 1460 et

180 1480 396 1521 apparenter„
423 1475 472 1509 ita
488 1475 595 1510 libere
623 1481 658 1509 et
685 1475 802 1521 quiete
831 1473 916 1509 ficut
946 1474 1061 1520 aliqua
1078 1474 1218 1510 ecclesia
1247 1477 1284 1510 111
1315 1483 1390 1511 toto
1406 1490 1514 1524 regno
1534 1479 1649 1516 Scotie

180 1536 320 1564 tenetur
336 1530 478 1565 liberius
497 1536 531 1565 et
548 1531 709 1577 quietius.
762 1530 841 1564 Hiis
859 1530 1009 1570 testibus,
1035 1530 1193 1565 Waltero
1217 1531 1260 1566 de
1285 1532 1478 1574 Costentin,
1507 1534 1649 1581 Nigello

178 1587 285 1621 fratre
313 1586 475 1634 ejusdem,
503 1587 662 1621 Roberto
679 1587 751 1621 filio
770 1586 939 1626 Fulberti,
972 1586 1078 1621 Petro
1096 1587 1202 1621 fratre
1229 1587 1391 1634 ejusdem,
1419 1589 1581 1626 GalfrIdo
1608 1593 1651 1627 de

181 1642 372 1683 Costentin,
401 1643 561 1678 Roberto
580 1643 685 1683 Croc,
714 1642 879 1678 Rolando
906 1643 949 1677 de
969 1642 1116 1682 Merme„
1139 1642 1283 1689 Rogero
1302 1644 1345 1678 de
1365 1644 1448 1685 Nes,
1471 1645 1650 1682 Macolmo

180 1698 346 1740 Lockart,
366 1704 400 1734 et
418 1700 535 1734 multis
551 1699 638 1734 aliis.

182 1865 239 1900 De
257 1865 378 1900 eadem
396 1866 606 1901 auctoritate
623 1866 773 1901 faciendi
791 1865 967 1901 Abbatem
984 1865 1181 1900 monasterii
1200 1867 1242 1901 de
1262 1866 1420 1903 Paffelet.

182 1976 511 2012 VENERABILI
528 1978 618 2024 patri
636 1977 832 2012 reverendo
850 1982 885 2011 et
903 1976 1081 2022 diligendo
1098 1975 1233 2024 semper
1251 1978 1287 2012 in
1306 1978 1453 2019 Christo,
1474 1979 1650 2027 Stephano

182 2032 252 2067 Dei
280 2034 393 2079 gratia
423 2032 641 2068 Cluniacenfi
666 2033 792 2074 abbati,
821 2032 1005 2066 Wilelmus
1038 2031 1256 2079 permissione
1287 2034 1404 2068 divina
1431 2034 1651 2081 Glasguenfis

182 2088 319 2123 ecclesie
336 2089 498 2129 minister,
530 2102 610 2124 cum
639 2088 769 2124 sincera
785 2089 928 2123 caritate
946 2094 981 2122 et
998 2089 1195 2122 reverentia
1224 2095 1258 2122 et
1287 2089 1432 2130 honore,
1452 2089 1597 2125 salutem
1615 2093 1651 2126 in

183 2143 339 2178 Domino
357 2144 612 2191 lempiternam.
664 2145 756 2179 Cum
774 2145 950 2190 quondam
971 2143 1194 2178 Humbaldus
1211 2145 1307 2190 prior
1335 2150 1370 2179 et
1397 2152 1590 2181 conventus
1608 2148 1651 2182 de

183 2197 342 2239 Wenloc,
369 2197 602 2233 conceffiffent
620 2199 711 2234 bone
744 2200 912 2234 memorie
927 2199 1085 2234 Waltero
1104 2199 1175 2233 filio
1196 2200 1303 2233 Alani
1320 2199 1503 2236 senescallo
1523 2202 1650 2243 Scotie,

182 2253 314 2288 volenti
332 2254 474 2288 domum
502 2255 679 2301 religionis
704 2255 741 2289 in
769 2256 913 2302 propria
929 2260 1024 2289 terra
1049 2253 1109 2288 sua
1138 2255 1336 2290 construere
1364 2262 1400 2291 et
1427 2257 1586 2298 fundare,
1617 2265 1652 2293 et

183 2308 358 2344 libertates
388 2315 422 2344 et
451 2310 686 2345 immunitates
702 2309 921 2351 sufficientes,
948 2309 1032 2345 ficut
1058 2323 1100 2345 eo
1130 2316 1288 2357 tempore
1316 2312 1346 2346 ei
1365 2312 1558 2354 videbatur,
1589 2327 1652 2361 per
