<?xml version="1.0" encoding="UTF-8"?>
<!DOCTYPE html PUBLIC "-//W3C//DTD XHTML 1.0 Transitional//EN"
    "http://www.w3.org/TR/xhtml1/DTD/xhtml1-transitional.dtd">
<html xmlns="http://www.w3.org/1999/xhtml" xml:lang="en" lang="en">
 <head>
  <title>
</title>
<meta http-equiv="Content-Type" content="text/html;charset=utf-8" />
  <meta name='ocr-system' content='tesseract 3.04.00' />
  <meta name='ocr-capabilities' content='ocr_page ocr_carea ocr_par ocr_line ocrx_word'/>
</head>
<body>
  <div class='ocr_page' id='page_1' title='image "./registrummonaste00mait_0352.png"; bbox 0 0 1870 2683; ppageno 0'>
   <div class='ocr_carea' id='block_1_1' title="bbox 101 1123 246 1145">
    <p class='ocr_par' dir='ltr' id='par_1_1' title="bbox 101 1123 246 1145">
     <span class='ocr_line' id='line_1_1' title="bbox 101 1123 246 1145; baseline 0.028 -4"><span class='ocrx_word' id='word_1_1' title='bbox 101 1123 246 1145; x_wconf 63' lang='lat' dir='ltr'>(ii-:immina-</span> 
     </span>
    </p>
   </div>
   <div class='ocr_carea' id='block_1_2' title="bbox 258 283 1337 324">
    <p class='ocr_par' dir='ltr' id='par_1_2' title="bbox 258 283 1337 324">
     <span class='ocr_line' id='line_1_2' title="bbox 258 283 1337 324; baseline 0 -4"><span class='ocrx_word' id='word_1_2' title='bbox 258 289 328 324; x_wconf 64' lang='lat'>99¹2</span> <span class='ocrx_word' id='word_1_3' title='bbox 657 284 970 320; x_wconf 87' lang='lat' dir='ltr'><strong>REGISTRUM</strong></span> <span class='ocrx_word' id='word_1_4' title='bbox 1000 283 1337 320; x_wconf 86' lang='lat' dir='ltr'>MONASTERII</span> 
     </span>
    </p>
   </div>
   <div class='ocr_carea' id='block_1_3' title="bbox 256 380 1737 2396">
    <p class='ocr_par' dir='ltr' id='par_1_3' title="bbox 256 380 1737 2396">
     <span class='ocr_line' id='line_1_3' title="bbox 258 380 1733 430; baseline 0.002 -14"><span class='ocrx_word' id='word_1_5' title='bbox 258 381 391 429; x_wconf 86' lang='lat' dir='ltr'>cepiffe,</span> <span class='ocrx_word' id='word_1_6' title='bbox 420 382 566 415; x_wconf 85' lang='lat' dir='ltr'>formam</span> <span class='ocrx_word' id='word_1_7' title='bbox 594 394 661 427; x_wconf 90' lang='lat' dir='ltr'>que</span> <span class='ocrx_word' id='word_1_8' title='bbox 687 380 842 427; x_wconf 85' lang='lat' dir='ltr'>sequitur</span> <span class='ocrx_word' id='word_1_9' title='bbox 860 382 1105 425; x_wconf 83' lang='lat' dir='ltr'>continentes;</span> <span class='ocrx_word' id='word_1_10' title='bbox 1140 381 1383 417; x_wconf 85' lang='lat' dir='ltr'>CLEMENS</span> <span class='ocrx_word' id='word_1_11' title='bbox 1410 381 1587 430; x_wconf 88' lang='lat' dir='ltr'>episcopus</span> <span class='ocrx_word' id='word_1_12' title='bbox 1612 383 1733 419; x_wconf 78' lang='lat' dir='ltr'>servus</span> 
     </span>
     <span class='ocr_line' id='line_1_4' title="bbox 258 437 1733 485; baseline 0.003 -15"><span class='ocrx_word' id='word_1_13' title='bbox 258 438 436 471; x_wconf 83' lang='lat' dir='ltr'>servorum</span> <span class='ocrx_word' id='word_1_14' title='bbox 458 437 527 470; x_wconf 86' lang='lat' dir='ltr'>Dei</span> <span class='ocrx_word' id='word_1_15' title='bbox 546 437 682 471; x_wconf 64' lang='lat' dir='ltr'>dilectis</span> <span class='ocrx_word' id='word_1_16' title='bbox 701 437 779 471; x_wconf 86' lang='lat' dir='ltr'>filiis</span> <span class='ocrx_word' id='word_1_17' title='bbox 798 438 917 472; x_wconf 69' lang='lat' dir='ltr'>Samffi</span> <span class='ocrx_word' id='word_1_18' title='bbox 939 437 1035 472; x_wconf 81' lang='lat' dir='ltr'>Ruffi</span> <span class='ocrx_word' id='word_1_19' title='bbox 1054 451 1163 485; x_wconf 84' lang='lat' dir='ltr'>prope</span> <span class='ocrx_word' id='word_1_20' title='bbox 1176 439 1377 473; x_wconf 84' lang='lat' dir='ltr'>Valentiam</span> <span class='ocrx_word' id='word_1_21' title='bbox 1396 445 1430 473; x_wconf 85' lang='lat' dir='ltr'>et</span> <span class='ocrx_word' id='word_1_22' title='bbox 1448 439 1733 475; x_wconf 82' lang='lat' dir='ltr'>Trenorchienfis</span> 
     </span>
     <span class='ocr_line' id='line_1_5' title="bbox 259 491 1735 536; baseline 0.003 -9"><span class='ocrx_word' id='word_1_23' title='bbox 259 506 298 527; x_wconf 87' lang='lat' dir='ltr'>ac</span> <span class='ocrx_word' id='word_1_24' title='bbox 314 492 574 532; x_wconf 68' lang='lat' dir='ltr'>Sanctiandree,</span> <span class='ocrx_word' id='word_1_25' title='bbox 597 491 833 526; x_wconf 83' lang='lat' dir='ltr'>Cabilonenfis</span> <span class='ocrx_word' id='word_1_26' title='bbox 846 498 880 526; x_wconf 84' lang='lat' dir='ltr'>et</span> <span class='ocrx_word' id='word_1_27' title='bbox 893 493 1139 529; x_wconf 88' lang='lat' dir='ltr'>Avinionenfis</span> <span class='ocrx_word' id='word_1_28' title='bbox 1155 494 1340 536; x_wconf 85' lang='lat' dir='ltr'>diocesum,</span> <span class='ocrx_word' id='word_1_29' title='bbox 1362 495 1648 531; x_wconf 85' lang='lat' dir='ltr'>monasteriorum</span> <span class='ocrx_word' id='word_1_30' title='bbox 1663 497 1735 531; x_wconf 80' lang='lat' dir='ltr'>Ab·</span> 
     </span>
     <span class='ocr_line' id='line_1_6' title="bbox 259 547 1734 599; baseline 0.003 -17"><span class='ocrx_word' id='word_1_31' title='bbox 259 549 394 582; x_wconf 86' lang='lat' dir='ltr'>batibus</span> <span class='ocrx_word' id='word_1_32' title='bbox 412 547 555 582; x_wconf 88' lang='lat' dir='ltr'>salutem</span> <span class='ocrx_word' id='word_1_33' title='bbox 575 554 609 582; x_wconf 90' lang='lat' dir='ltr'>et</span> <span class='ocrx_word' id='word_1_34' title='bbox 627 548 847 595; x_wconf 86' lang='lat' dir='ltr'>apostolicam</span> <span class='ocrx_word' id='word_1_35' title='bbox 866 549 1159 585; x_wconf 68' lang='lat' dir='ltr'>benedictionem.</span> <span class='ocrx_word' id='word_1_36' title='bbox 1212 551 1259 586; x_wconf 90' lang='lat' dir='ltr'>Et</span> <span class='ocrx_word' id='word_1_37' title='bbox 1288 551 1311 585; x_wconf 82' lang='lat' dir='ltr'>fi</span> <span class='ocrx_word' id='word_1_38' title='bbox 1339 551 1543 598; x_wconf 89' lang='lat' dir='ltr'>quibussibet</span> <span class='ocrx_word' id='word_1_39' title='bbox 1569 551 1734 599; x_wconf 77' lang='lat' dir='ltr'>religiosis</span> 
     </span>
     <span class='ocr_line' id='line_1_7' title="bbox 260 604 1737 656; baseline 0.004 -19"><span class='ocrx_word' id='word_1_40' title='bbox 260 604 413 652; x_wconf 77' lang='lat' dir='ltr'>personis</span> <span class='ocrx_word' id='word_1_41' title='bbox 432 609 466 638; x_wconf 87' lang='lat' dir='ltr'>et</span> <span class='ocrx_word' id='word_1_42' title='bbox 484 604 567 638; x_wconf 88' lang='lat' dir='ltr'>locis</span> <span class='ocrx_word' id='word_1_43' title='bbox 586 618 629 638; x_wconf 81' lang='lat' dir='ltr'>ex</span> <span class='ocrx_word' id='word_1_44' title='bbox 646 605 805 652; x_wconf 68' lang='lat' dir='ltr'>injuncte</span> <span class='ocrx_word' id='word_1_45' title='bbox 825 605 923 639; x_wconf 90' lang='lat' dir='ltr'>nobis</span> <span class='ocrx_word' id='word_1_46' title='bbox 942 605 1115 641; x_wconf 87' lang='lat' dir='ltr'>servitutis</span> <span class='ocrx_word' id='word_1_47' title='bbox 1133 607 1247 642; x_wconf 88' lang='lat' dir='ltr'>officio</span> <span class='ocrx_word' id='word_1_48' title='bbox 1266 607 1411 642; x_wconf 85' lang='lat' dir='ltr'>assistere</span> <span class='ocrx_word' id='word_1_49' title='bbox 1438 607 1643 643; x_wconf 81' lang='lat' dir='ltr'>defenfionis</span> <span class='ocrx_word' id='word_1_50' title='bbox 1661 621 1737 656; x_wconf 87' lang='lat' dir='ltr'>pre-</span> 
     </span>
     <span class='ocr_line' id='line_1_8' title="bbox 260 660 1737 711; baseline 0.003 -17"><span class='ocrx_word' id='word_1_51' title='bbox 260 660 341 695; x_wconf 79' lang='lat' dir='ltr'>sidio</span> <span class='ocrx_word' id='word_1_52' title='bbox 361 667 554 700; x_wconf 77' lang='lat' dir='ltr'>teneamur,</span> <span class='ocrx_word' id='word_1_53' title='bbox 587 661 654 694; x_wconf 89' lang='lat' dir='ltr'>illis</span> <span class='ocrx_word' id='word_1_54' title='bbox 680 667 796 695; x_wconf 87' lang='lat' dir='ltr'>tamen</span> <span class='ocrx_word' id='word_1_55' title='bbox 823 661 1003 708; x_wconf 75' lang='lat' dir='ltr'>specialius</span> <span class='ocrx_word' id='word_1_56' title='bbox 1032 668 1066 697; x_wconf 83' lang='lat' dir='ltr'>et</span> <span class='ocrx_word' id='word_1_57' title='bbox 1094 663 1266 698; x_wconf 86' lang='lat' dir='ltr'>efficacius</span> <span class='ocrx_word' id='word_1_58' title='bbox 1284 663 1395 699; x_wconf 83' lang='lat' dir='ltr'>adeffe</span> <span class='ocrx_word' id='word_1_59' title='bbox 1414 677 1477 698; x_wconf 91' lang='lat' dir='ltr'>nos</span> <span class='ocrx_word' id='word_1_60' title='bbox 1496 666 1660 699; x_wconf 88' lang='lat' dir='ltr'>convenit</span> <span class='ocrx_word' id='word_1_61' title='bbox 1679 665 1737 711; x_wconf 90' lang='lat' dir='ltr'>qui</span> 
     </span>
     <span class='ocr_line' id='line_1_9' title="bbox 260 716 1737 766; baseline 0.003 -16"><span class='ocrx_word' id='word_1_62' title='bbox 260 717 328 751; x_wconf 80' lang='lat' dir='ltr'>sedi</span> <span class='ocrx_word' id='word_1_63' title='bbox 347 716 531 763; x_wconf 85' lang='lat' dir='ltr'>apostolice</span> <span class='ocrx_word' id='word_1_64' title='bbox 549 717 747 751; x_wconf 81' lang='lat' dir='ltr'>immediate</span> <span class='ocrx_word' id='word_1_65' title='bbox 769 717 913 764; x_wconf 64' lang='lat' dir='ltr'>subjecti</span> <span class='ocrx_word' id='word_1_66' title='bbox 932 731 1004 753; x_wconf 91' lang='lat' dir='ltr'>non</span> <span class='ocrx_word' id='word_1_67' title='bbox 1023 719 1151 753; x_wconf 86' lang='lat' dir='ltr'>habent</span> <span class='ocrx_word' id='word_1_68' title='bbox 1169 726 1286 766; x_wconf 88' lang='lat' dir='ltr'>preter</span> <span class='ocrx_word' id='word_1_69' title='bbox 1307 720 1509 755; x_wconf 86' lang='lat' dir='ltr'>Romanum</span> <span class='ocrx_word' id='word_1_70' title='bbox 1530 721 1737 756; x_wconf 86' lang='lat' dir='ltr'>Pontificem</span> 
     </span>
     <span class='ocr_line' id='line_1_10' title="bbox 259 772 1737 811; baseline 0.003 -4"><span class='ocrx_word' id='word_1_71' title='bbox 259 774 365 808; x_wconf 87' lang='lat' dir='ltr'>alium</span> <span class='ocrx_word' id='word_1_72' title='bbox 385 772 612 807; x_wconf 73' lang='lat' dir='ltr'>defensorem.</span> <span class='ocrx_word' id='word_1_73' title='bbox 666 773 756 808; x_wconf 86' lang='lat' dir='ltr'>Sane</span> <span class='ocrx_word' id='word_1_74' title='bbox 788 775 998 809; x_wconf 70' lang='lat' dir='ltr'>dile&amp;orum</span> <span class='ocrx_word' id='word_1_75' title='bbox 1030 775 1182 810; x_wconf 86' lang='lat' dir='ltr'>filiorum</span> <span class='ocrx_word' id='word_1_76' title='bbox 1216 776 1364 810; x_wconf 81' lang='lat' dir='ltr'>Abbatis</span> <span class='ocrx_word' id='word_1_77' title='bbox 1390 782 1424 811; x_wconf 91' lang='lat' dir='ltr'>et</span> <span class='ocrx_word' id='word_1_78' title='bbox 1451 783 1645 811; x_wconf 87' lang='lat' dir='ltr'>conventus</span> <span class='ocrx_word' id='word_1_79' title='bbox 1663 790 1737 811; x_wconf 88' lang='lat' dir='ltr'>mo-</span> 
     </span>
     <span class='ocr_line' id='line_1_11' title="bbox 260 829 1736 880; baseline 0.003 -17"><span class='ocrx_word' id='word_1_80' title='bbox 260 829 395 864; x_wconf 85' lang='lat' dir='ltr'>nasterii</span> <span class='ocrx_word' id='word_1_81' title='bbox 416 829 651 864; x_wconf 83' lang='lat' dir='ltr'>Cluniacenfis</span> <span class='ocrx_word' id='word_1_82' title='bbox 669 830 711 863; x_wconf 88' lang='lat' dir='ltr'>ad</span> <span class='ocrx_word' id='word_1_83' title='bbox 732 829 929 864; x_wconf 80' lang='lat' dir='ltr'>Romanam</span> <span class='ocrx_word' id='word_1_84' title='bbox 946 831 1121 866; x_wconf 70' lang='lat' dir='ltr'>ecclesiam</span> <span class='ocrx_word' id='word_1_85' title='bbox 1140 832 1240 866; x_wconf 91' lang='lat' dir='ltr'>nullo</span> <span class='ocrx_word' id='word_1_86' title='bbox 1264 833 1379 867; x_wconf 88' lang='lat' dir='ltr'>medio</span> <span class='ocrx_word' id='word_1_87' title='bbox 1406 833 1623 880; x_wconf 87' lang='lat' dir='ltr'>pertinentis,</span> <span class='ocrx_word' id='word_1_88' title='bbox 1659 833 1736 867; x_wconf 86' lang='lat' dir='ltr'>Ma-</span> 
     </span>
     <span class='ocr_line' id='line_1_12' title="bbox 259 885 1736 934; baseline 0.003 -15"><span class='ocrx_word' id='word_1_89' title='bbox 259 885 455 920; x_wconf 78' lang='lat' dir='ltr'>tisconensis</span> <span class='ocrx_word' id='word_1_90' title='bbox 486 885 637 926; x_wconf 70' lang='lat' dir='ltr'>dioceliS,</span> <span class='ocrx_word' id='word_1_91' title='bbox 669 899 809 921; x_wconf 77' lang='lat' dir='ltr'>necnon</span> <span class='ocrx_word' id='word_1_92' title='bbox 837 887 1011 928; x_wconf 87' lang='lat' dir='ltr'>abbatum,</span> <span class='ocrx_word' id='word_1_93' title='bbox 1044 889 1200 934; x_wconf 80' lang='lat' dir='ltr'>priorum</span> <span class='ocrx_word' id='word_1_94' title='bbox 1221 895 1255 923; x_wconf 90' lang='lat' dir='ltr'>et</span> <span class='ocrx_word' id='word_1_95' title='bbox 1273 889 1485 923; x_wconf 88' lang='lat' dir='ltr'>decanorum</span> <span class='ocrx_word' id='word_1_96' title='bbox 1515 889 1736 924; x_wconf 83' lang='lat' dir='ltr'>monasterio-</span> 
     </span>
     <span class='ocr_line' id='line_1_13' title="bbox 259 943 1735 989; baseline 0.003 -13"><span class='ocrx_word' id='word_1_97' title='bbox 259 955 348 982; x_wconf 87' lang='lat' dir='ltr'>rum,</span> <span class='ocrx_word' id='word_1_98' title='bbox 369 944 587 989; x_wconf 80' lang='lat' dir='ltr'>prioratuum</span> <span class='ocrx_word' id='word_1_99' title='bbox 607 948 641 977; x_wconf 86' lang='lat' dir='ltr'>et</span> <span class='ocrx_word' id='word_1_100' title='bbox 660 943 891 977; x_wconf 79' lang='lat' dir='ltr'>decanatuum</span> <span class='ocrx_word' id='word_1_101' title='bbox 908 943 1143 978; x_wconf 85' lang='lat' dir='ltr'>Cluniacenfis</span> <span class='ocrx_word' id='word_1_102' title='bbox 1157 945 1289 979; x_wconf 83' lang='lat' dir='ltr'>ordinis</span> <span class='ocrx_word' id='word_1_103' title='bbox 1303 951 1338 979; x_wconf 89' lang='lat' dir='ltr'>et</span> <span class='ocrx_word' id='word_1_104' title='bbox 1351 951 1591 980; x_wconf 85' lang='lat' dir='ltr'>conventuum</span> <span class='ocrx_word' id='word_1_105' title='bbox 1609 958 1735 980; x_wconf 88' lang='lat' dir='ltr'>eorun-</span> 
     </span>
     <span class='ocr_line' id='line_1_14' title="bbox 260 998 1732 1048; baseline 0.001 -16"><span class='ocrx_word' id='word_1_106' title='bbox 260 999 338 1033; x_wconf 85' lang='lat' dir='ltr'>dem</span> <span class='ocrx_word' id='word_1_107' title='bbox 367 998 612 1044; x_wconf 78' lang='lat' dir='ltr'>conquestione</span> <span class='ocrx_word' id='word_1_108' title='bbox 641 999 869 1046; x_wconf 75' lang='lat' dir='ltr'>percepimus,</span> <span class='ocrx_word' id='word_1_109' title='bbox 914 1001 1009 1046; x_wconf 87' lang='lat' dir='ltr'>quod</span> <span class='ocrx_word' id='word_1_110' title='bbox 1048 1001 1213 1035; x_wconf 87' lang='lat' dir='ltr'>nonnulli</span> <span class='ocrx_word' id='word_1_111' title='bbox 1239 1000 1486 1048; x_wconf 86' lang='lat' dir='ltr'>archiepiscopi</span> <span class='ocrx_word' id='word_1_112' title='bbox 1512 1007 1547 1036; x_wconf 84' lang='lat' dir='ltr'>et</span> <span class='ocrx_word' id='word_1_113' title='bbox 1573 1001 1732 1048; x_wconf 86' lang='lat' dir='ltr'>episcopi,</span> 
     </span>
     <span class='ocr_line' id='line_1_15' title="bbox 258 1055 1732 1104; baseline 0 -14"><span class='ocrx_word' id='word_1_114' title='bbox 258 1055 409 1096; x_wconf 82' lang='lat' dir='ltr'>abbates,</span> <span class='ocrx_word' id='word_1_115' title='bbox 442 1056 575 1102; x_wconf 78' lang='lat' dir='ltr'>priores</span> <span class='ocrx_word' id='word_1_116' title='bbox 601 1062 636 1089; x_wconf 89' lang='lat' dir='ltr'>et</span> <span class='ocrx_word' id='word_1_117' title='bbox 663 1056 718 1089; x_wconf 89' lang='lat' dir='ltr'>alii</span> <span class='ocrx_word' id='word_1_118' title='bbox 739 1056 853 1090; x_wconf 90' lang='lat' dir='ltr'>clerici</span> <span class='ocrx_word' id='word_1_119' title='bbox 873 1062 907 1091; x_wconf 90' lang='lat' dir='ltr'>et</span> <span class='ocrx_word' id='word_1_120' title='bbox 926 1055 1144 1091; x_wconf 81' lang='lat' dir='ltr'>ecclesiastice</span> <span class='ocrx_word' id='word_1_121' title='bbox 1164 1057 1308 1104; x_wconf 86' lang='lat' dir='ltr'>persone</span> <span class='ocrx_word' id='word_1_122' title='bbox 1339 1064 1408 1091; x_wconf 87' lang='lat' dir='ltr'>tam</span> <span class='ocrx_word' id='word_1_123' title='bbox 1440 1057 1598 1104; x_wconf 82' lang='lat' dir='ltr'>religiose</span> <span class='ocrx_word' id='word_1_124' title='bbox 1629 1070 1732 1103; x_wconf 87' lang='lat' dir='ltr'>quam</span> 
     </span>
     <span class='ocr_line' id='line_1_16' title="bbox 258 1112 1732 1154; baseline 0.002 -9"><span class='ocrx_word' id='word_1_125' title='bbox 258 1112 437 1151; x_wconf 87' lang='lat' dir='ltr'>seculares,</span> <span class='ocrx_word' id='word_1_126' title='bbox 470 1124 609 1146; x_wconf 89' lang='lat' dir='ltr'>necnon</span> <span class='ocrx_word' id='word_1_127' title='bbox 640 1112 755 1152; x_wconf 87' lang='lat' dir='ltr'>duces,</span> <span class='ocrx_word' id='word_1_128' title='bbox 789 1113 932 1147; x_wconf 79' lang='lat' dir='ltr'>comites</span> <span class='ocrx_word' id='word_1_129' title='bbox 963 1118 997 1147; x_wconf 90' lang='lat' dir='ltr'>et</span> <span class='ocrx_word' id='word_1_130' title='bbox 1026 1113 1185 1154; x_wconf 86' lang='lat' dir='ltr'>barones,</span> <span class='ocrx_word' id='word_1_131' title='bbox 1217 1114 1344 1148; x_wconf 76' lang='lat' dir='ltr'>milites</span> <span class='ocrx_word' id='word_1_132' title='bbox 1375 1119 1409 1148; x_wconf 88' lang='lat' dir='ltr'>et</span> <span class='ocrx_word' id='word_1_133' title='bbox 1436 1113 1675 1148; x_wconf 79' lang='lat' dir='ltr'>universitates</span> <span class='ocrx_word' id='word_1_134' title='bbox 1693 1126 1732 1148; x_wconf 87' lang='lat' dir='ltr'>ac</span> 
     </span>
     <span class='ocr_line' id='line_1_17' title="bbox 258 1166 1734 1216; baseline 0.001 -15"><span class='ocrx_word' id='word_1_135' title='bbox 258 1167 446 1214; x_wconf 78' lang='lat' dir='ltr'>singulares</span> <span class='ocrx_word' id='word_1_136' title='bbox 472 1166 617 1214; x_wconf 78' lang='lat' dir='ltr'>persone</span> <span class='ocrx_word' id='word_1_137' title='bbox 647 1168 826 1202; x_wconf 85' lang='lat' dir='ltr'>civitatum</span> <span class='ocrx_word' id='word_1_138' title='bbox 861 1174 895 1203; x_wconf 90' lang='lat' dir='ltr'>et</span> <span class='ocrx_word' id='word_1_139' title='bbox 914 1168 1087 1203; x_wconf 90' lang='lat' dir='ltr'>diocesum</span> <span class='ocrx_word' id='word_1_140' title='bbox 1107 1183 1145 1203; x_wconf 88' lang='lat' dir='ltr'>ac</span> <span class='ocrx_word' id='word_1_141' title='bbox 1163 1170 1314 1216; x_wconf 85' lang='lat' dir='ltr'>partium</span> <span class='ocrx_word' id='word_1_142' title='bbox 1334 1170 1524 1205; x_wconf 86' lang='lat' dir='ltr'>vicinarum</span> <span class='ocrx_word' id='word_1_143' title='bbox 1555 1170 1591 1203; x_wconf 91' lang='lat' dir='ltr'>in</span> <span class='ocrx_word' id='word_1_144' title='bbox 1609 1169 1734 1215; x_wconf 90' lang='lat' dir='ltr'>quibus</span> 
     </span>
     <span class='ocr_line' id='line_1_18' title="bbox 258 1224 1733 1272; baseline 0.001 -14"><span class='ocrx_word' id='word_1_145' title='bbox 258 1225 391 1259; x_wconf 61' lang='lat' dir='ltr'>dietum</span> <span class='ocrx_word' id='word_1_146' title='bbox 410 1224 653 1258; x_wconf 87' lang='lat' dir='ltr'>monasterium</span> <span class='ocrx_word' id='word_1_147' title='bbox 674 1230 707 1258; x_wconf 87' lang='lat' dir='ltr'>et</span> <span class='ocrx_word' id='word_1_148' title='bbox 727 1230 843 1259; x_wconf 88' lang='lat' dir='ltr'>cetera</span> <span class='ocrx_word' id='word_1_149' title='bbox 860 1225 1076 1265; x_wconf 85' lang='lat' dir='ltr'>monasteria,</span> <span class='ocrx_word' id='word_1_150' title='bbox 1106 1226 1291 1272; x_wconf 83' lang='lat' dir='ltr'>prioratus,</span> <span class='ocrx_word' id='word_1_151' title='bbox 1324 1226 1523 1266; x_wconf 42' lang='lat' dir='ltr'>decanatus</span> <span class='ocrx_word' id='word_1_152' title='bbox 1557 1225 1681 1260; x_wconf 89' lang='lat' dir='ltr'>domus</span> <span class='ocrx_word' id='word_1_153' title='bbox 1699 1231 1733 1260; x_wconf 81' lang='lat' dir='ltr'>et</span> 
     </span>
     <span class='ocr_line' id='line_1_19' title="bbox 257 1280 1732 1328; baseline 0.001 -14"><span class='ocrx_word' id='word_1_154' title='bbox 257 1281 324 1315; x_wconf 84' lang='lat' dir='ltr'>alia</span> <span class='ocrx_word' id='word_1_155' title='bbox 341 1281 418 1314; x_wconf 87' lang='lat' dir='ltr'>loca</span> <span class='ocrx_word' id='word_1_156' title='bbox 436 1286 470 1314; x_wconf 90' lang='lat' dir='ltr'>et</span> <span class='ocrx_word' id='word_1_157' title='bbox 489 1280 645 1314; x_wconf 87' lang='lat' dir='ltr'>membra</span> <span class='ocrx_word' id='word_1_158' title='bbox 663 1281 775 1315; x_wconf 92' lang='lat' dir='ltr'>eidem</span> <span class='ocrx_word' id='word_1_159' title='bbox 796 1280 1002 1315; x_wconf 82' lang='lat' dir='ltr'>monasterio</span> <span class='ocrx_word' id='word_1_160' title='bbox 1023 1280 1241 1315; x_wconf 87' lang='lat' dir='ltr'>Cluniacenfi</span> <span class='ocrx_word' id='word_1_161' title='bbox 1271 1281 1424 1328; x_wconf 64' lang='lat' dir='ltr'>subjecta</span> <span class='ocrx_word' id='word_1_162' title='bbox 1451 1280 1630 1316; x_wconf 81' lang='lat' dir='ltr'>confistere</span> <span class='ocrx_word' id='word_1_163' title='bbox 1661 1282 1732 1328; x_wconf 85' lang='lat' dir='ltr'>dig-</span> 
     </span>
     <span class='ocr_line' id='line_1_20' title="bbox 257 1336 1730 1384; baseline 0.001 -14"><span class='ocrx_word' id='word_1_164' title='bbox 257 1336 458 1376; x_wconf 85' lang='lat' dir='ltr'>noscuntur,</span> <span class='ocrx_word' id='word_1_165' title='bbox 491 1343 708 1383; x_wconf 86' lang='lat' dir='ltr'>occuparunt</span> <span class='ocrx_word' id='word_1_166' title='bbox 739 1342 773 1371; x_wconf 91' lang='lat' dir='ltr'>et</span> <span class='ocrx_word' id='word_1_167' title='bbox 804 1338 965 1384; x_wconf 86' lang='lat' dir='ltr'>occupari</span> <span class='ocrx_word' id='word_1_168' title='bbox 996 1338 1155 1372; x_wconf 86' lang='lat' dir='ltr'>fecerunt</span> <span class='ocrx_word' id='word_1_169' title='bbox 1185 1338 1318 1378; x_wconf 87' lang='lat' dir='ltr'>domos,</span> <span class='ocrx_word' id='word_1_170' title='bbox 1356 1336 1521 1378; x_wconf 83' lang='lat' dir='ltr'>ecclefias‚</span> <span class='ocrx_word' id='word_1_171' title='bbox 1557 1338 1730 1384; x_wconf 81' lang='lat' dir='ltr'>grangias,</span> 
     </span>
     <span class='ocr_line' id='line_1_21' title="bbox 257 1391 1732 1441; baseline 0.002 -15"><span class='ocrx_word' id='word_1_172' title='bbox 257 1392 469 1433; x_wconf 89' lang='lat' dir='ltr'>molendina,</span> <span class='ocrx_word' id='word_1_173' title='bbox 491 1393 651 1433; x_wconf 79' lang='lat' dir='ltr'>decimas,</span> <span class='ocrx_word' id='word_1_174' title='bbox 672 1392 897 1434; x_wconf 86' lang='lat' dir='ltr'>obedientias,</span> <span class='ocrx_word' id='word_1_175' title='bbox 926 1392 1057 1434; x_wconf 83' lang='lat' dir='ltr'>casalia,</span> <span class='ocrx_word' id='word_1_176' title='bbox 1085 1399 1206 1434; x_wconf 81' lang='lat' dir='ltr'>terras,</span> <span class='ocrx_word' id='word_1_177' title='bbox 1235 1394 1364 1435; x_wconf 84' lang='lat' dir='ltr'>vineas,</span> <span class='ocrx_word' id='word_1_178' title='bbox 1392 1391 1621 1441; x_wconf 78' lang='lat' dir='ltr'>pofl&#39;essiones,</span> <span class='ocrx_word' id='word_1_179' title='bbox 1653 1407 1732 1429; x_wconf 86' lang='lat' dir='ltr'>cen-</span> 
     </span>
     <span class='ocr_line' id='line_1_22' title="bbox 256 1450 1732 1497; baseline 0 -13"><span class='ocrx_word' id='word_1_180' title='bbox 256 1450 321 1491; x_wconf 82' lang='lat' dir='ltr'>sus,</span> <span class='ocrx_word' id='word_1_181' title='bbox 355 1450 512 1484; x_wconf 87' lang='lat' dir='ltr'>redditus</span> <span class='ocrx_word' id='word_1_182' title='bbox 531 1456 565 1484; x_wconf 89' lang='lat' dir='ltr'>et</span> <span class='ocrx_word' id='word_1_183' title='bbox 583 1457 786 1497; x_wconf 85' lang='lat' dir='ltr'>proventus,</span> <span class='ocrx_word' id='word_1_184' title='bbox 809 1450 1071 1497; x_wconf 67' lang='lat' dir='ltr'>jurisdictiones</span> <span class='ocrx_word' id='word_1_185' title='bbox 1090 1456 1124 1484; x_wconf 91' lang='lat' dir='ltr'>et</span> <span class='ocrx_word' id='word_1_186' title='bbox 1136 1450 1219 1496; x_wconf 85' lang='lat' dir='ltr'>jura</span> <span class='ocrx_word' id='word_1_187' title='bbox 1236 1463 1274 1484; x_wconf 88' lang='lat' dir='ltr'>ac</span> <span class='ocrx_word' id='word_1_188' title='bbox 1293 1450 1465 1485; x_wconf 84' lang='lat' dir='ltr'>nonnulla</span> <span class='ocrx_word' id='word_1_189' title='bbox 1482 1450 1574 1484; x_wconf 85' lang='lat' dir='ltr'>bona</span> <span class='ocrx_word' id='word_1_190' title='bbox 1592 1450 1732 1484; x_wconf 87' lang='lat' dir='ltr'>mobilia</span> 
     </span>
     <span class='ocr_line' id='line_1_23' title="bbox 258 1505 1731 1553; baseline 0 -13"><span class='ocrx_word' id='word_1_191' title='bbox 258 1513 291 1540; x_wconf 86' lang='lat' dir='ltr'>et</span> <span class='ocrx_word' id='word_1_192' title='bbox 310 1506 501 1540; x_wconf 87' lang='lat' dir='ltr'>immobilia</span> <span class='ocrx_word' id='word_1_193' title='bbox 517 1507 561 1540; x_wconf 88' lang='lat' dir='ltr'>ad</span> <span class='ocrx_word' id='word_1_194' title='bbox 579 1507 712 1541; x_wconf 66' lang='lat' dir='ltr'>dictum</span> <span class='ocrx_word' id='word_1_195' title='bbox 732 1505 961 1542; x_wconf 85' lang='lat' dir='ltr'>Cluniacense</span> <span class='ocrx_word' id='word_1_196' title='bbox 980 1512 1014 1541; x_wconf 88' lang='lat' dir='ltr'>et</span> <span class='ocrx_word' id='word_1_197' title='bbox 1032 1507 1099 1540; x_wconf 80' lang='lat' dir='ltr'>alia</span> <span class='ocrx_word' id='word_1_198' title='bbox 1117 1506 1322 1540; x_wconf 85' lang='lat' dir='ltr'>monasteria</span> <span class='ocrx_word' id='word_1_199' title='bbox 1339 1505 1397 1540; x_wconf 89' lang='lat' dir='ltr'>fibi</span> <span class='ocrx_word' id='word_1_200' title='bbox 1415 1505 1569 1553; x_wconf 65' lang='lat' dir='ltr'>subjecta</span> <span class='ocrx_word' id='word_1_201' title='bbox 1593 1519 1731 1540; x_wconf 88' lang='lat' dir='ltr'>necnon</span> 
     </span>
     <span class='ocr_line' id='line_1_24' title="bbox 257 1562 1728 1609; baseline 0 -13"><span class='ocrx_word' id='word_1_202' title='bbox 257 1564 441 1609; x_wconf 85' lang='lat' dir='ltr'>prioratus,</span> <span class='ocrx_word' id='word_1_203' title='bbox 474 1563 662 1597; x_wconf 85' lang='lat' dir='ltr'>decanatus</span> <span class='ocrx_word' id='word_1_204' title='bbox 691 1569 725 1597; x_wconf 88' lang='lat' dir='ltr'>et</span> <span class='ocrx_word' id='word_1_205' title='bbox 754 1564 876 1597; x_wconf 90' lang='lat' dir='ltr'>domos</span> <span class='ocrx_word' id='word_1_206' title='bbox 894 1570 929 1598; x_wconf 87' lang='lat' dir='ltr'>et</span> <span class='ocrx_word' id='word_1_207' title='bbox 946 1563 1013 1597; x_wconf 88' lang='lat' dir='ltr'>alia</span> <span class='ocrx_word' id='word_1_208' title='bbox 1038 1562 1207 1609; x_wconf 87' lang='lat' dir='ltr'>prelibata</span> <span class='ocrx_word' id='word_1_209' title='bbox 1238 1562 1312 1608; x_wconf 86' lang='lat' dir='ltr'>ejus</span> <span class='ocrx_word' id='word_1_210' title='bbox 1343 1562 1498 1596; x_wconf 88' lang='lat' dir='ltr'>membra</span> <span class='ocrx_word' id='word_1_211' title='bbox 1527 1562 1728 1609; x_wconf 55' lang='lat' dir='ltr'>lpefihtntia,</span> 
     </span>
     <span class='ocr_line' id='line_1_25' title="bbox 257 1617 1727 1666; baseline 0 -14"><span class='ocrx_word' id='word_1_212' title='bbox 257 1626 291 1652; x_wconf 83' lang='lat' dir='ltr'>et</span> <span class='ocrx_word' id='word_1_213' title='bbox 310 1632 350 1653; x_wconf 86' lang='lat' dir='ltr'>ea</span> <span class='ocrx_word' id='word_1_214' title='bbox 367 1619 524 1653; x_wconf 81' lang='lat' dir='ltr'>detinent</span> <span class='ocrx_word' id='word_1_215' title='bbox 542 1619 695 1653; x_wconf 90' lang='lat' dir='ltr'>indebite</span> <span class='ocrx_word' id='word_1_216' title='bbox 714 1625 892 1666; x_wconf 87' lang='lat' dir='ltr'>occupata,</span> <span class='ocrx_word' id='word_1_217' title='bbox 912 1618 970 1653; x_wconf 87' lang='lat' dir='ltr'>seu</span> <span class='ocrx_word' id='word_1_218' title='bbox 990 1619 1110 1653; x_wconf 85' lang='lat' dir='ltr'>eadem</span> <span class='ocrx_word' id='word_1_219' title='bbox 1130 1618 1366 1652; x_wconf 82' lang='lat' dir='ltr'>detinentibus</span> <span class='ocrx_word' id='word_1_220' title='bbox 1380 1617 1530 1665; x_wconf 89' lang='lat' dir='ltr'>prestant</span> <span class='ocrx_word' id='word_1_221' title='bbox 1548 1618 1727 1658; x_wconf 86' lang='lat' dir='ltr'>auxilium,</span> 
     </span>
     <span class='ocr_line' id='line_1_26' title="bbox 257 1673 1731 1721; baseline 0.001 -13"><span class='ocrx_word' id='word_1_222' title='bbox 257 1673 435 1709; x_wconf 90' lang='lat' dir='ltr'>confilium</span> <span class='ocrx_word' id='word_1_223' title='bbox 468 1681 502 1709; x_wconf 90' lang='lat' dir='ltr'>et</span> <span class='ocrx_word' id='word_1_224' title='bbox 533 1675 687 1709; x_wconf 86' lang='lat' dir='ltr'>favorem</span> <span class='ocrx_word' id='word_1_225' title='bbox 705 1688 713 1709; x_wconf 73' lang='grc' dir='ltr'>ε</span> <span class='ocrx_word' id='word_1_226' title='bbox 751 1675 912 1709; x_wconf 90' lang='lat' dir='ltr'>nonnulli</span> <span class='ocrx_word' id='word_1_227' title='bbox 945 1675 1047 1709; x_wconf 85' lang='lat' dir='ltr'>etiam</span> <span class='ocrx_word' id='word_1_228' title='bbox 1076 1675 1227 1721; x_wconf 89' lang='lat' dir='ltr'>partium</span> <span class='ocrx_word' id='word_1_229' title='bbox 1258 1673 1470 1708; x_wconf 86' lang='lat' dir='ltr'>diversarum</span> <span class='ocrx_word' id='word_1_230' title='bbox 1499 1675 1557 1720; x_wconf 89' lang='lat' dir='ltr'>qui</span> <span class='ocrx_word' id='word_1_231' title='bbox 1588 1675 1731 1709; x_wconf 88' lang='lat' dir='ltr'>nomine</span> 
     </span>
     <span class='ocr_line' id='line_1_27' title="bbox 258 1731 1732 1779; baseline 0 -13"><span class='ocrx_word' id='word_1_232' title='bbox 258 1732 406 1766; x_wconf 92' lang='lat' dir='ltr'>Domini</span> <span class='ocrx_word' id='word_1_233' title='bbox 425 1733 459 1766; x_wconf 91' lang='lat' dir='ltr'>in</span> <span class='ocrx_word' id='word_1_234' title='bbox 478 1745 626 1766; x_wconf 86' lang='lat' dir='ltr'>vacuum</span> <span class='ocrx_word' id='word_1_235' title='bbox 645 1733 799 1779; x_wconf 86' lang='lat' dir='ltr'>recipere</span> <span class='ocrx_word' id='word_1_236' title='bbox 817 1745 889 1766; x_wconf 89' lang='lat' dir='ltr'>non</span> <span class='ocrx_word' id='word_1_237' title='bbox 908 1733 1108 1772; x_wconf 84' lang='lat' dir='ltr'>formidant,</span> <span class='ocrx_word' id='word_1_238' title='bbox 1134 1732 1235 1765; x_wconf 62' lang='lat' dir='ltr'>dietis</span> <span class='ocrx_word' id='word_1_239' title='bbox 1254 1731 1432 1766; x_wconf 86' lang='lat' dir='ltr'>abbatibus</span> <span class='ocrx_word' id='word_1_240' title='bbox 1450 1738 1485 1766; x_wconf 87' lang='lat' dir='ltr'>et</span> <span class='ocrx_word' id='word_1_241' title='bbox 1502 1732 1674 1779; x_wconf 83' lang='lat' dir='ltr'>prioribus</span> <span class='ocrx_word' id='word_1_242' title='bbox 1692 1745 1732 1766; x_wconf 86' lang='lat' dir='ltr'>ac</span> 
     </span>
     <span class='ocr_line' id='line_1_28' title="bbox 258 1787 1729 1834; baseline 0 -12"><span class='ocrx_word' id='word_1_243' title='bbox 258 1789 396 1823; x_wconf 87' lang='lat' dir='ltr'>decanis</span> <span class='ocrx_word' id='word_1_244' title='bbox 414 1795 448 1822; x_wconf 90' lang='lat' dir='ltr'>et</span> <span class='ocrx_word' id='word_1_245' title='bbox 467 1788 696 1823; x_wconf 85' lang='lat' dir='ltr'>conventibus</span> <span class='ocrx_word' id='word_1_246' title='bbox 711 1788 997 1822; x_wconf 87' lang='lat' dir='ltr'>monasteriorum</span> <span class='ocrx_word' id='word_1_247' title='bbox 1017 1794 1051 1822; x_wconf 86' lang='lat' dir='ltr'>et</span> <span class='ocrx_word' id='word_1_248' title='bbox 1069 1788 1286 1834; x_wconf 89' lang='lat' dir='ltr'>prioratuum</span> <span class='ocrx_word' id='word_1_249' title='bbox 1301 1788 1506 1828; x_wconf 88' lang='lat' dir='ltr'>eorundem,</span> <span class='ocrx_word' id='word_1_250' title='bbox 1523 1788 1557 1822; x_wconf 91' lang='lat' dir='ltr'>in</span> <span class='ocrx_word' id='word_1_251' title='bbox 1573 1787 1729 1829; x_wconf 66' lang='lat' dir='ltr'>ecclesiis,</span> 
     </span>
     <span class='ocr_line' id='line_1_29' title="bbox 256 1843 1732 1891; baseline 0 -13"><span class='ocrx_word' id='word_1_252' title='bbox 256 1846 420 1891; x_wconf 76' lang='lat' dir='ltr'>grangiis,</span> <span class='ocrx_word' id='word_1_253' title='bbox 441 1845 660 1885; x_wconf 86' lang='lat' dir='ltr'>molendinis,</span> <span class='ocrx_word' id='word_1_254' title='bbox 682 1845 834 1885; x_wconf 81' lang='lat' dir='ltr'>decimis,</span> <span class='ocrx_word' id='word_1_255' title='bbox 856 1844 1030 1884; x_wconf 83' lang='lat' dir='ltr'>casalibus,</span> <span class='ocrx_word' id='word_1_256' title='bbox 1051 1843 1175 1883; x_wconf 84' lang='lat' dir='ltr'>castris,</span> <span class='ocrx_word' id='word_1_257' title='bbox 1192 1844 1303 1884; x_wconf 86' lang='lat' dir='ltr'>terris,</span> <span class='ocrx_word' id='word_1_258' title='bbox 1318 1843 1630 1891; x_wconf 58' lang='lat' dir='ltr'>jurisdififionibus,</span> <span class='ocrx_word' id='word_1_259' title='bbox 1644 1844 1732 1891; x_wconf 90' lang='lat' dir='ltr'>juri-</span> 
     </span>
     <span class='ocr_line' id='line_1_30' title="bbox 258 1899 1733 1947; baseline 0 -13"><span class='ocrx_word' id='word_1_260' title='bbox 258 1901 331 1941; x_wconf 87' lang='lat' dir='ltr'>bus,</span> <span class='ocrx_word' id='word_1_261' title='bbox 351 1901 451 1935; x_wconf 88' lang='lat' dir='ltr'>bonis</span> <span class='ocrx_word' id='word_1_262' title='bbox 465 1907 499 1935; x_wconf 91' lang='lat' dir='ltr'>et</span> <span class='ocrx_word' id='word_1_263' title='bbox 514 1901 616 1935; x_wconf 88' lang='lat' dir='ltr'>rebus</span> <span class='ocrx_word' id='word_1_264' title='bbox 634 1901 708 1935; x_wconf 86' lang='lat' dir='ltr'>aliis</span> <span class='ocrx_word' id='word_1_265' title='bbox 721 1901 765 1935; x_wconf 89' lang='lat' dir='ltr'>ad</span> <span class='ocrx_word' id='word_1_266' title='bbox 779 1900 994 1940; x_wconf 81' lang='lat' dir='ltr'>monasteria,</span> <span class='ocrx_word' id='word_1_267' title='bbox 1014 1900 1188 1947; x_wconf 87' lang='lat' dir='ltr'>prioratus</span> <span class='ocrx_word' id='word_1_268' title='bbox 1203 1906 1237 1933; x_wconf 91' lang='lat' dir='ltr'>et</span> <span class='ocrx_word' id='word_1_269' title='bbox 1253 1900 1376 1934; x_wconf 87' lang='lat' dir='ltr'>domus</span> <span class='ocrx_word' id='word_1_270' title='bbox 1390 1899 1564 1947; x_wconf 62' lang='lat' dir='ltr'>predictas</span> <span class='ocrx_word' id='word_1_271' title='bbox 1577 1899 1733 1947; x_wconf 62' lang='lat' dir='ltr'>speEtan-</span> 
     </span>
     <span class='ocr_line' id='line_1_31' title="bbox 258 1956 1731 2004; baseline 0 -14"><span class='ocrx_word' id='word_1_272' title='bbox 258 1957 359 1997; x_wconf 88' lang='lat' dir='ltr'>tibus,</span> <span class='ocrx_word' id='word_1_273' title='bbox 381 1957 589 2004; x_wconf 85' lang='lat' dir='ltr'>multiplices</span> <span class='ocrx_word' id='word_1_274' title='bbox 605 1957 774 1991; x_wconf 88' lang='lat' dir='ltr'>molestias</span> <span class='ocrx_word' id='word_1_275' title='bbox 789 1962 822 1991; x_wconf 89' lang='lat' dir='ltr'>et</span> <span class='ocrx_word' id='word_1_276' title='bbox 837 1956 979 2003; x_wconf 85' lang='lat' dir='ltr'>injurias</span> <span class='ocrx_word' id='word_1_277' title='bbox 993 1956 1148 1990; x_wconf 84' lang='lat' dir='ltr'>inserunt</span> <span class='ocrx_word' id='word_1_278' title='bbox 1167 1961 1201 1990; x_wconf 92' lang='lat' dir='ltr'>et</span> <span class='ocrx_word' id='word_1_279' title='bbox 1212 1956 1381 2002; x_wconf 66' lang='lat' dir='ltr'>ja&amp;uraS.</span> <span class='ocrx_word' id='word_1_280' title='bbox 1423 1956 1542 1997; x_wconf 84' lang='lat' dir='ltr'>Quare</span> <span class='ocrx_word' id='word_1_281' title='bbox 1556 1969 1619 2003; x_wconf 90' lang='lat' dir='ltr'>pro</span> <span class='ocrx_word' id='word_1_282' title='bbox 1634 1961 1731 2003; x_wconf 87' lang='lat' dir='ltr'>parte</span> 
     </span>
     <span class='ocr_line' id='line_1_32' title="bbox 260 2010 1732 2059; baseline -0.001 -12"><span class='ocrx_word' id='word_1_283' title='bbox 260 2013 434 2047; x_wconf 69' lang='lat' dir='ltr'>di&amp;orum</span> <span class='ocrx_word' id='word_1_284' title='bbox 453 2013 598 2047; x_wconf 86' lang='lat' dir='ltr'>Abbatis</span> <span class='ocrx_word' id='word_1_285' title='bbox 613 2019 646 2047; x_wconf 88' lang='lat' dir='ltr'>et</span> <span class='ocrx_word' id='word_1_286' title='bbox 661 2018 856 2047; x_wconf 89' lang='lat' dir='ltr'>conventus</span> <span class='ocrx_word' id='word_1_287' title='bbox 875 2011 1025 2059; x_wconf 80' lang='lat' dir='ltr'>ejusdem</span> <span class='ocrx_word' id='word_1_288' title='bbox 1045 2012 1240 2046; x_wconf 81' lang='lat' dir='ltr'>monasterii</span> <span class='ocrx_word' id='word_1_289' title='bbox 1256 2010 1490 2046; x_wconf 88' lang='lat' dir='ltr'>Cluniacenfis</span> <span class='ocrx_word' id='word_1_290' title='bbox 1504 2012 1604 2046; x_wconf 91' lang='lat' dir='ltr'>nobis</span> <span class='ocrx_word' id='word_1_291' title='bbox 1618 2012 1732 2046; x_wconf 81' lang='lat' dir='ltr'>extitit</span> 
     </span>
     <span class='ocr_line' id='line_1_33' title="bbox 259 2067 1729 2116; baseline -0.001 -13"><span class='ocrx_word' id='word_1_292' title='bbox 259 2069 438 2103; x_wconf 87' lang='lat' dir='ltr'>humiliter</span> <span class='ocrx_word' id='word_1_293' title='bbox 450 2070 677 2116; x_wconf 80' lang='lat' dir='ltr'>supplicatum</span> <span class='ocrx_word' id='word_1_294' title='bbox 691 2075 729 2103; x_wconf 87' lang='lat' dir='ltr'>ut</span> <span class='ocrx_word' id='word_1_295' title='bbox 742 2082 820 2103; x_wconf 90' lang='lat' dir='ltr'>cum</span> <span class='ocrx_word' id='word_1_296' title='bbox 828 2068 928 2102; x_wconf 83' lang='lat' dir='ltr'>valde</span> <span class='ocrx_word' id='word_1_297' title='bbox 941 2068 1079 2102; x_wconf 87' lang='lat' dir='ltr'>difficile</span> <span class='ocrx_word' id='word_1_298' title='bbox 1092 2068 1258 2102; x_wconf 78' lang='lat' dir='ltr'>reddatur</span> <span class='ocrx_word' id='word_1_299' title='bbox 1272 2067 1397 2102; x_wconf 88' lang='lat' dir='ltr'>eisdem</span> <span class='ocrx_word' id='word_1_300' title='bbox 1411 2073 1445 2102; x_wconf 90' lang='lat' dir='ltr'>et</span> <span class='ocrx_word' id='word_1_301' title='bbox 1456 2068 1531 2102; x_wconf 90' lang='lat' dir='ltr'>aliis</span> <span class='ocrx_word' id='word_1_302' title='bbox 1541 2067 1729 2108; x_wconf 81' lang='lat' dir='ltr'>abhatibus,</span> 
     </span>
     <span class='ocr_line' id='line_1_34' title="bbox 260 2122 1731 2171; baseline -0.001 -12"><span class='ocrx_word' id='word_1_303' title='bbox 260 2126 443 2171; x_wconf 85' lang='lat' dir='ltr'>prioribus,</span> <span class='ocrx_word' id='word_1_304' title='bbox 458 2126 596 2159; x_wconf 84' lang='lat' dir='ltr'>decanis</span> <span class='ocrx_word' id='word_1_305' title='bbox 605 2131 769 2159; x_wconf 88' lang='lat' dir='ltr'>eteorum</span> <span class='ocrx_word' id='word_1_306' title='bbox 777 2125 938 2159; x_wconf 89' lang='lat' dir='ltr'>membris</span> <span class='ocrx_word' id='word_1_307' title='bbox 946 2137 1009 2171; x_wconf 89' lang='lat' dir='ltr'>pro</span> <span class='ocrx_word' id='word_1_308' title='bbox 1022 2123 1160 2170; x_wconf 72' lang='lat' dir='ltr'>singulis</span> <span class='ocrx_word' id='word_1_309' title='bbox 1171 2124 1321 2170; x_wconf 85' lang='lat' dir='ltr'>querelis</span> <span class='ocrx_word' id='word_1_310' title='bbox 1332 2124 1376 2158; x_wconf 86' lang='lat' dir='ltr'>ad</span> <span class='ocrx_word' id='word_1_311' title='bbox 1387 2123 1606 2171; x_wconf 87' lang='lat' dir='ltr'>apostolicam</span> <span class='ocrx_word' id='word_1_312' title='bbox 1618 2122 1731 2158; x_wconf 90' lang='lat' dir='ltr'>sedem</span> 
     </span>
     <span class='ocr_line' id='line_1_35' title="bbox 261 2178 1733 2228; baseline 0 -15"><span class='ocrx_word' id='word_1_313' title='bbox 261 2181 387 2215; x_wconf 86' lang='lat' dir='ltr'>habere</span> <span class='ocrx_word' id='word_1_314' title='bbox 406 2181 593 2222; x_wconf 85' lang='lat' dir='ltr'>recursum,</span> <span class='ocrx_word' id='word_1_315' title='bbox 614 2182 799 2228; x_wconf 86' lang='lat' dir='ltr'>providere</span> <span class='ocrx_word' id='word_1_316' title='bbox 814 2182 861 2215; x_wconf 87' lang='lat' dir='ltr'>eis</span> <span class='ocrx_word' id='word_1_317' title='bbox 876 2180 976 2228; x_wconf 85' lang='lat' dir='ltr'>super</span> <span class='ocrx_word' id='word_1_318' title='bbox 991 2181 1056 2214; x_wconf 86' lang='lat' dir='ltr'>hoc</span> <span class='ocrx_word' id='word_1_319' title='bbox 1072 2186 1218 2227; x_wconf 86' lang='lat' dir='ltr'>paterna</span> <span class='ocrx_word' id='word_1_320' title='bbox 1232 2180 1412 2226; x_wconf 83' lang='lat' dir='ltr'>diligentia</span> <span class='ocrx_word' id='word_1_321' title='bbox 1425 2192 1637 2220; x_wconf 86' lang='lat' dir='ltr'>curaremus,</span> <span class='ocrx_word' id='word_1_322' title='bbox 1658 2178 1733 2213; x_wconf 87' lang='lat' dir='ltr'>Nos</span> 
     </span>
     <span class='ocr_line' id='line_1_36' title="bbox 262 2235 1732 2283; baseline -0.001 -14"><span class='ocrx_word' id='word_1_323' title='bbox 262 2237 378 2282; x_wconf 77' lang='lat' dir='ltr'>igitur,</span> <span class='ocrx_word' id='word_1_324' title='bbox 409 2236 681 2271; x_wconf 67' lang='lat' dir='ltr'>consideratione</span> <span class='ocrx_word' id='word_1_325' title='bbox 709 2236 866 2271; x_wconf 83' lang='lat' dir='ltr'>cariffimi</span> <span class='ocrx_word' id='word_1_326' title='bbox 886 2237 920 2270; x_wconf 91' lang='lat' dir='ltr'>in</span> <span class='ocrx_word' id='word_1_327' title='bbox 941 2236 1076 2271; x_wconf 83' lang='lat' dir='ltr'>Christo</span> <span class='ocrx_word' id='word_1_328' title='bbox 1104 2236 1164 2270; x_wconf 91' lang='lat' dir='ltr'>filii</span> <span class='ocrx_word' id='word_1_329' title='bbox 1186 2236 1290 2270; x_wconf 86' lang='lat' dir='ltr'>nostri</span> <span class='ocrx_word' id='word_1_330' title='bbox 1310 2235 1459 2283; x_wconf 87' lang='lat' dir='ltr'>Philippi</span> <span class='ocrx_word' id='word_1_331' title='bbox 1478 2235 1568 2282; x_wconf 84' lang='lat' dir='ltr'>regis</span> <span class='ocrx_word' id='word_1_332' title='bbox 1587 2235 1732 2269; x_wconf 86' lang='lat' dir='ltr'>Francie</span> 
     </span>
     <span class='ocr_line' id='line_1_37' title="bbox 257 2290 1730 2340; baseline -0.001 -14"><span class='ocrx_word' id='word_1_333' title='bbox 257 2293 405 2333; x_wconf 83' lang='lat' dir='ltr'>illustris,</span> <span class='ocrx_word' id='word_1_334' title='bbox 426 2292 526 2340; x_wconf 81' lang='lat' dir='ltr'>snper</span> <span class='ocrx_word' id='word_1_335' title='bbox 544 2294 607 2327; x_wconf 82' lang='lat' dir='ltr'>hiis</span> <span class='ocrx_word' id='word_1_336' title='bbox 626 2293 724 2327; x_wconf 67' lang='lat' dir='ltr'>nobis</span> <span class='ocrx_word' id='word_1_337' title='bbox 744 2293 922 2327; x_wconf 89' lang='lat' dir='ltr'>humiliter</span> <span class='ocrx_word' id='word_1_338' title='bbox 940 2292 1174 2339; x_wconf 83' lang='lat' dir='ltr'>supplicantiS,</span> <span class='ocrx_word' id='word_1_339' title='bbox 1196 2292 1257 2326; x_wconf 93' lang='lat' dir='ltr'>illo</span> <span class='ocrx_word' id='word_1_340' title='bbox 1276 2292 1435 2326; x_wconf 88' lang='lat' dir='ltr'>volentes</span> <span class='ocrx_word' id='word_1_341' title='bbox 1453 2290 1615 2326; x_wconf 85' lang='lat' dir='ltr'>adversus</span> <span class='ocrx_word' id='word_1_342' title='bbox 1631 2303 1730 2325; x_wconf 88' lang='lat' dir='ltr'>occu-</span> 
     </span>
     <span class='ocr_line' id='line_1_38' title="bbox 256 2345 1732 2396; baseline -0.002 -14"><span class='ocrx_word' id='word_1_343' title='bbox 256 2354 404 2395; x_wconf 87' lang='lat' dir='ltr'>patores,</span> <span class='ocrx_word' id='word_1_344' title='bbox 438 2349 648 2389; x_wconf 77' lang='lat' dir='ltr'>detentores,</span> <span class='ocrx_word' id='word_1_345' title='bbox 681 2349 948 2396; x_wconf 79' lang='lat' dir='ltr'>presilmptores,</span> <span class='ocrx_word' id='word_1_346' title='bbox 981 2348 1216 2383; x_wconf 80' lang='lat' dir='ltr'>molestatores</span> <span class='ocrx_word' id='word_1_347' title='bbox 1235 2353 1269 2382; x_wconf 87' lang='lat' dir='ltr'>et</span> <span class='ocrx_word' id='word_1_348' title='bbox 1287 2347 1511 2395; x_wconf 84' lang='lat' dir='ltr'>injuriatores</span> <span class='ocrx_word' id='word_1_349' title='bbox 1538 2345 1732 2393; x_wconf 88' lang='lat' dir='ltr'>hujusmodi</span> 
     </span>
    </p>
   </div>
  </div>
 </body>
</html>
