1839 2652
704 267 776 302 DE
803 265 1072 301 PASSELET.
1585 265 1632 299 63

153 371 228 401 tum
243 364 303 399 sub
317 364 512 399 testimonio
532 363 649 410 magni
666 362 765 410 sigilli
782 363 889 398 nostri
907 362 999 409 apud
1018 361 1239 408 Edinburgh,
1259 360 1419 396 vicefimo
1434 362 1561 396 octavo
1577 360 1632 395 die

154 420 276 457 menfis
294 421 514 461 Decembris,
534 433 627 455 anno
645 420 746 465 regni
763 419 870 454 nostri
888 418 1198 466 decimo-septimo.

156 533 234 568 The
248 533 295 568 vii
310 533 376 579 day
390 533 430 567 of
442 532 597 568 Januare
609 532 669 565 the
681 543 762 574 gere
775 531 815 564 of
828 530 913 565 God
930 530 991 576 ΓΠ
1005 538 1044 564 VC
1063 531 1109 577 iiij
1128 531 1218 574 geris
1230 531 1249 564 I
1265 530 1390 576 Georg
1405 530 1445 564 of
1455 530 1634 564 Craufurd

155 589 292 624 schireff
306 589 343 622 in
362 589 436 623 that
454 593 533 635 part
558 586 743 621 summond
761 586 783 621 J
787 587 904 620 ohnne
923 585 1041 620 Lorde
1062 585 1164 620 Ross'
1184 592 1219 621 at
1236 587 1288 620 his
1307 587 1466 633 duelling
1483 587 1581 633 place
1600 587 1640 620 of

155 645 215 680 the
235 645 413 684 Halkhed,
447 643 565 677 Alane
592 642 657 683 Or,
691 642 869 676 Ninianne
901 641 966 682 Or,
998 643 1021 678 J
1024 643 1141 677 olinne
1170 642 1234 683 Or,
1270 642 1423 676 William
1455 642 1633 690 Glennay,

155 701 298 736 Johnne
330 700 490 746 Dunlop,
523 699 592 733 and
610 698 752 734 ,Johnne
782 698 1009 738 Quhitefurd,
1039 697 1223 745 personaly
1242 698 1474 745 apprehendit
1491 705 1526 733 at
1544 699 1634 733 their

156 769 259 804 awyn
277 755 411 796 houses,
432 761 468 789 to
488 767 629 802 comper
648 754 714 800 day
732 755 801 788 and
819 754 917 801 place
936 754 1060 788 within
1077 755 1224 795 writtin,
1256 760 1293 788 to
1320 754 1436 789 ansuir
1453 761 1490 789 to
1508 755 1567 789 the
1585 755 1636 789 in-

158 813 271 847 stance
290 812 330 846 of
357 811 494 846 Robert
519 811 623 845 abbot
651 810 691 844 of
716 809 835 857 Passay
853 812 923 845 and
951 811 1011 845 the
1043 818 1196 846 convent
1215 812 1255 846 of
1279 812 1339 846 the
1370 812 1499 859 samyn,
1527 818 1564 847 to
1590 812 1637 847 all

157 869 298 916 poyntis
316 868 385 902 and
411 867 565 901 articulis
596 866 754 901 contenit
784 866 820 899 in
849 866 917 900 this
947 865 1170 901 summondis.
1224 867 1311 901 And
1338 868 1405 901 this
1425 868 1442 901 I
1462 868 1521 901 did
1538 867 1637 902 besor

159 925 228 958 thir
247 925 382 964 witnes,
411 923 538 957 Andro
559 922 803 968 Pvlekleriggi8‚
833 920 989 956 Thomas
1010 921 1177 963 Robison,
1206 923 1275 957 and
1295 923 1423 970 Henry
1442 923 1636 970 Beveragh.

163 983 205 1016 In
224 983 349 1016 Witnes
368 981 408 1015 of
419 981 487 1015 this
505 981 718 1015 executioun
735 985 772 1014 to
797 980 864 1014 this
890 977 1068 1024 indorfing
1087 979 1105 1013 I
1125 979 1221 1013 affixt
1239 985 1274 1013 at
1293 978 1412 1026 Passay
1429 979 1488 1014 the
1506 980 1553 1014 xii
1572 980 1639 1026 day

161 1039 201 1073 of
213 1038 347 1074 Januar
365 1038 432 1071 and
452 1050 534 1081 gere
552 1036 679 1070 forsaid
1018 1049 1076 1082 my
1095 1033 1275 1081 affingnat.

165 1204 379 1251 Reffignatio
391 1211 484 1239 terre
504 1206 547 1239 de
560 1205 702 1239 Aldhus
719 1217 782 1252 per
802 1204 998 1251 Rogerium
1017 1204 1128 1239 filium
1150 1204 1349 1250 Reginaldi.

164 1317 404 1353 OMNIBUS
424 1317 550 1351 Christi
569 1317 729 1351 fidelibus
747 1315 886 1364 presens
916 1316 1080 1364 scriptum
1099 1315 1222 1351 visuris
1239 1317 1295 1351 vel
1322 1317 1502 1358 audituris,
1525 1317 1641 1364 Roge-

164 1375 235 1408 rius
254 1373 346 1407 filius
368 1373 556 1419 Reginaldi
584 1373 627 1407 de
647 1373 813 1407 Aldhous
837 1372 996 1407 salutem.
1048 1373 1200 1408 Noverit
1225 1373 1429 1408 univerfitas
1447 1373 1557 1408 vestra
1586 1387 1641 1409 me

167 1429 306 1470 deddse,
337 1428 530 1463 conceffiffe
553 1434 587 1463 et
605 1429 669 1463 hac
696 1427 846 1476 presenti
878 1435 973 1464 carta
1003 1442 1081 1464 mea
1110 1431 1268 1476 quietum
1297 1429 1465 1471 clamaffe,
1499 1431 1580 1465 Deo
1608 1437 1643 1466 et

166 1486 298 1520 Sancto
316 1485 450 1520 Jacobo
470 1491 505 1519 et
524 1485 655 1520 Sancto
676 1485 811 1519 Mirino
832 1486 874 1520 de
894 1484 1042 1521 Paffelet
1070 1491 1105 1520 et
1131 1486 1310 1521 monachis
1331 1487 1459 1521 ibidem
1479 1486 1559 1521 Deo
1578 1486 1646 1522 ser-

165 1541 339 1576 vientibus
357 1547 392 1576 et
410 1542 671 1588 imperpetuum
698 1540 887 1582 servituris,
920 1547 1034 1576 totum
1059 1542 1118 1589 jus
1146 1543 1241 1589 quod
1270 1543 1354 1576 mihi
1372 1543 1428 1577 vel
1459 1543 1644 1578 heredibus

166 1599 250 1632 meis
268 1598 436 1644 competit
457 1597 512 1631 vel
530 1597 648 1643 aliquo
666 1603 826 1644 tempore
854 1598 1034 1645 competiit
1053 1598 1109 1633 vel
1139 1603 1339 1645 competere
1369 1600 1485 1646 potuit
1503 1599 1557 1633 vel
1588 1600 1645 1634 de-

166 1655 240 1689 buit
258 1655 294 1688 in
311 1660 387 1689 tota
404 1660 498 1688 terra
515 1654 558 1688 de
576 1654 728 1694 Aldhus,
748 1667 851 1699 quam
869 1654 1009 1700 quidem
1029 1659 1159 1689 terram
1186 1668 1251 1701 ego
1283 1659 1317 1689 et
1344 1660 1442 1702 pater
1461 1668 1559 1690 meus
1577 1656 1645 1690 alio

166 1717 325 1758 tempore
343 1711 388 1744 ad
405 1710 540 1744 firmam
559 1711 736 1744 tenuimus
763 1710 806 1744 de
831 1711 1011 1745 monachis
1036 1711 1288 1758 prenominatis
1305 1724 1313 1746 :
1342 1717 1376 1746 et
1393 1712 1474 1758 quia
1492 1712 1645 1746 divinam

167 1767 340 1801 ultionem
357 1766 459 1801 timui
476 1765 499 1799 fi
517 1766 710 1813 predictam
730 1772 871 1807 terram,
891 1780 959 1813 que
978 1767 1039 1802 dos
1059 1767 1105 1802 est
1123 1767 1262 1803 ecclefie
1281 1768 1402 1802 86ηᾶὶί
1421 1768 1584 1803 Convalli
1604 1769 1646 1802 de

172 1823 304 1864 Polloc,
337 1823 373 1856 in
390 1823 585 1869 periculum
604 1823 718 1857 anime
737 1836 824 1863 mee,
845 1823 1039 1858 detinerem
1057 1830 1274 1871 occupatam,
1302 1824 1385 1859 volo
1404 1829 1439 1859 et
1455 1837 1519 1871 pro
1538 1837 1593 1859 me
1612 1831 1647 1859 et

170 1880 357 1914 heredibus
376 1879 460 1913 meis
478 1879 645 1919 concedo,
664 1884 704 1913 ut
721 1879 871 1926 predicti
888 1881 1051 1915 monachi
1068 1886 1178 1915 totam
1196 1886 1325 1915 terram
1340 1881 1549 1928 predictam,
1567 1894 1646 1916 cum

171 1935 332 1970 omnibus
345 1935 562 1969 libertatibus
575 1935 795 1982 pertinentiis
813 1941 847 1969 et
862 1935 1066 1971 aifiamentis
1083 1936 1160 1977 suis,
1180 1936 1249 1972 line
1267 1938 1362 1971 omni
1382 1938 1645 1983 inquietatione,

170 1991 446 2038 perturbatione,
467 1991 665 2038 calumpnia
677 1991 734 2025 vel
752 1992 954 2037 gravamine
973 2005 1015 2027 ex
1030 1999 1128 2041 parte
1142 2006 1220 2027 mea
1237 1999 1272 2028 et
1290 1993 1459 2027 heredum
1473 2006 1644 2033 meorum,

171 2049 430 2095 imperpetuum
448 2052 602 2088 teneant,
633 2048 783 2082 habeant
801 2053 836 2082 et
853 2048 1057 2096 pollideant,
1077 2050 1165 2083 adeo
1183 2049 1302 2089 libere,
1332 2049 1460 2094 quiete,
1492 2048 1646 2094 plenarie

172 2111 207 2140 et
223 2105 416 2139 honorifice
433 2103 517 2139 ficut
540 2105 690 2151 aliquam
719 2111 848 2140 terram
880 2106 1022 2140 liberius
1051 2110 1175 2140 tenent
1202 2111 1237 2139 et
1266 2103 1447 2152 possident.
1499 2103 1647 2151 Insuper

171 2161 253 2195 volo
271 2166 306 2194 et
322 2173 387 2207 pro
405 2173 461 2194 me
480 2165 514 2194 et
531 2161 716 2195 heredibus
735 2162 819 2196 meis
838 2162 1004 2202 concedo,
1035 2161 1129 2207 quod
1155 2159 1178 2194 fi
1195 2161 1311 2206 aliquo
1330 2165 1488 2206 ternpore
1506 2160 1647 2206 aliquod

173 2216 440 2250 instrumentum
456 2222 637 2262 repertum
655 2217 770 2258 fuerit,
791 2218 885 2263 quod
903 2218 1045 2252 nomine
1064 2230 1143 2251 meo
1162 2216 1218 2251 vel
1237 2216 1404 2250 heredum
1424 2228 1582 2251 meorum
1604 2218 1646 2251 de

172 2272 331 2318 predicta
347 2276 442 2305 terra
457 2271 579 2305 fecerit
597 2273 824 2313 mentionem,
844 2272 903 2308 seu
917 2286 980 2320 per
997 2273 1091 2319 quod
1109 2272 1249 2318 aIIquod
1262 2272 1320 2319 jus
1337 2272 1422 2306 mihi
1437 2272 1495 2307 vel
1513 2272 1648 2307 heredi-

173 2327 237 2362 bus
265 2327 351 2362 meis
381 2326 473 2373 exigi
500 2328 630 2373 poterit
647 2328 703 2362 vel
722 2329 900 2363 vendicari
930 2331 967 2363 in
996 2329 1128 2369 eadem,
1161 2328 1292 2362 nullius
1322 2327 1360 2362 fit
1390 2329 1560 2363 momenti
1582 2342 1645 2363 nec
