1839 2652
715 260 786 296 DE
814 257 1083 296 PASSELET.
1229 256 1234 258 ⁴
1573 263 1640 302 '109

157 413 389 448 Confirmatio
408 413 541 448 domini
558 413 734 449 Jochelini
754 413 913 461 episcopi,
935 414 978 448 de
996 419 1146 460 quatuor
1165 412 1323 448 ecclefiis.

153 524 484 561 JOCHELINUS
503 525 574 560 Dei
591 525 703 572 gratia
729 524 950 571 Glasguenfis
980 524 1159 573 episeopus
1189 524 1355 561 univerfis
1382 524 1500 562 fauete
1519 529 1638 562 matris

157 579 294 616 ecclesie
312 582 391 616 filiis
409 587 480 616 tam
501 580 717 628 presentibus
745 594 847 627 quam
878 581 1005 615 futuris
1035 581 1179 616 salutem
1209 582 1247 616 in
1266 582 1435 617 Domino.
1488 583 1639 619 Noverit

155 637 359 672 univerfitas
374 637 485 672 vestra
495 649 570 677 nos,
592 637 709 670 divine
728 637 880 671 caritatis
898 637 1029 671 intuitu
1048 643 1082 671 et
1100 639 1314 684 paupertatis
1333 638 1457 673 domus
1469 640 1512 674 de
1528 638 1639 675 Paffe-

152 693 225 734 led,
258 692 452 728 conceffiffe
471 698 505 728 et
523 693 587 727 hac
605 698 701 726 carta
729 692 845 726 nostra
875 692 1091 727 confirmafl'e
1110 694 1289 728 monachis
1307 694 1341 728 in
1362 695 1500 729 ecclefia
1518 696 1639 731 &moti

155 749 280 785 Jacobi
300 750 342 784 de
363 747 510 783 Paffelet
527 747 755 783 servientibus
773 753 808 782 et
826 747 1014 789 servituris,
1035 748 1210 783 ecelefiam
1227 749 1269 783 de
1284 749 1446 791 Katkert,
1462 751 1638 786 ecclefiam

150 805 199 840 ⁴de
219 805 415 852 Ruthglen‚
449 803 623 839 ecclesiam
643 804 685 838 de
706 803 942 844 Cormannoc,
975 809 1010 838 et
1028 803 1205 839 ecclefiam
1236 805 1278 840 de
1309 805 1526 852 Kylberhan,
1559 821 1639 842 cum

155 862 258 896 terris
276 861 469 896 etrdecimis
487 866 522 895 et
540 860 664 894 ceteris
682 860 843 894 omnibus
861 859 1010 906 ipsarum
1030 860 1249 895 ecclesiarum
1267 863 1495 908 proventibus
1514 869 1549 898 et
1568 864 1639 911 jus-

155 918 199 951 tis
216 917 439 964 pertinentiis
456 915 534 957 suis,
554 916 590 950 in
608 914 688 950 usus
705 916 866 962 proprios
885 921 919 949 et
936 916 981 950 ad
998 915 1282 951 sustentationem
1309 919 1502 953 eorundem
1521 932 1640 954 mona·

156 973 302 1007 chorum
321 973 582 1020 imperpetuum
599 985 607 1006 :
636 972 825 1006 Tenendas
844 971 879 1005 in
897 971 1041 1006 liberam
1069 978 1103 1006 et
1129 978 1332 1019 perpetuam
1354 973 1573 1009 elemosinam
1592 976 1640 1010 ita

155 1029 275 1070 libere,
295 1029 422 1075 quiete,
448 1028 603 1076 plenarie
623 1034 657 1062 et
675 1028 879 1068 honorifice,
908 1026 992 1062 ficut
1010 1028 1116 1074 aliqui
1135 1029 1198 1062 viri
1218 1028 1367 1075 religiofi
1385 1030 1421 1063 in
1441 1030 1638 1078 episcopatu

155 1084 272 1119 nostro
290 1085 421 1131 aliquas
439 1083 596 1119 ecelesias
613 1084 657 1118 ad
676 1083 755 1117 usus
772 1083 932 1130 proprios
950 1082 1008 1117 fibi
1027 1084 1134 1125 datas,
1163 1090 1197 1119 et
1216 1084 1399 1132 episcopali
1427 1087 1637 1122 auem-itate

156 1141 388 1181 confirmatas,
418 1140 571 1181 liberius,
604 1140 765 1185 quietius,
798 1139 934 1186 plenius
953 1145 987 1173 et
1018 1140 1317 1182 honorificentius,
1345 1148 1469 1176 tenent
1488 1149 1522 1177 et
1539 1142 1638 1190 pofli-

157 1197 266 1232 dent:
296 1197 406 1232 Salvis
433 1196 693 1244 episcopalibuS,
727 1201 762 1230 et
790 1195 889 1230 salvis
912 1194 1171 1242 poffeflionibus
1203 1210 1325 1232 eorum
1343 1198 1401 1244 qui
1420 1199 1455 1232 in
1473 1200 1640 1246 preditffis

157 1251 314 1293 ecclesiis,
334 1266 396 1300 per
414 1265 488 1293 nos,
516 1252 662 1300 persone
680 1252 834 1292 fuerunt,
864 1257 1022 1298 tempore
1041 1252 1144 1299 hujus
1163 1253 1397 1294 concessionis,
1429 1260 1489 1289 aut
1507 1257 1637 1297 vicarii,

156 1308 337 1343 substituti.
404 1309 484 1343 Hiis
521 1308 673 1348 testibus,
724 1307 903 1342 Herberto
933 1308 1065 1342 decano
1098 1308 1314 1356 Glasguenfi,
1358 1310 1486 1358 Helya,
1527 1311 1634 1352 Beda,

159 1364 324 1399 WVilelmo
355 1365 529 1399 canonicis
558 1363 837 1410 Glal'guenfibus‚
867 1364 1024 1399 Fuleone
1051 1364 1201 1407 Olifard,
1229 1366 1392 1402 Johanne
1418 1366 1565 1414 persona
1595 1369 1637 1403 de

160 1420 319 1461 Kelbrid,
346 1420 509 1454 lVilelmo
532 1420 760 1466 Francigena‚
789 1421 949 1466 magistro
975 1422 1172 1463 Nicholaio,
1207 1424 1393 1470 capellanis
1418 1424 1636 1472 Glaiguenfi-

158 1476 232 1516 bus,
257 1475 422 1511 Johanne
451 1477 494 1511 de
523 1475 801 1522 Montegumeri‚
823 1476 933 1512 Gerv’
953 1478 1079 1513 clerico
1100 1479 1228 1521 nostro,
1249 1485 1283 1514 et
1302 1480 1420 1514 multis
1437 1481 1522 1522 aliis,
1543 1483 1635 1528 apud

158 1533 303 1581 Glasgu.

156 1703 391 1738 Confirmatio
422 1704 527 1739 6166ὶί
558 1704 740 1744 Florentii,
773 1704 815 1738 de
846 1704 1003 1746 ecclefiis‚
1035 1706 1198 1740 videlicet
1218 1706 1404 1746 Kathkert,
1439 1706 1633 1753 Ruthglen,

158 1759 394 1801 Cormannoc,
417 1759 643 1800 Kilberchan,
665 1759 838 1801 Mernes’,
860 1760 993 1803 Polloc,
1014 1775 1093 1797 cum
1111 1763 1213 1797 terris
1232 1767 1266 1796 et
1285 1762 1437 1797 decimis.

158 1871 491 1908 FLORENTIUS
511 1872 582 1907 Dei
599 1872 712 1919 gratia
729 1871 950 1919 Glaspiienlis
969 1875 1101 1910 eleetus
1132 1874 1293 1909 omnibus
1311 1873 1428 1909 sanote
1447 1875 1566 1910 matris
1584 1888 1636 1910 ec-

158 1927 255 1963 clefie
272 1929 350 1963 filiis
368 1934 439 1963 tam
457 1928 673 1976 presentibus
690 1942 793 1974 quam
820 1930 946 1964 futuris
972 1930 1116 1965 salutem
1143 1931 1179 1964 in
1198 1931 1367 1964 Domino.
1420 1931 1541 1965 Sciatis
1559 1944 1633 1971 nos,

158 1984 230 2019 Dei
247 1985 377 2019 intuitu
396 1990 431 2019 et
447 1985 661 2032 paupertatis
680 1985 804 2018 domus
823 1985 865 2019 de
885 1984 1043 2028 Paffelet,
1064 1988 1108 2021 ad
1127 1987 1324 2033 exemplum
1343 1986 1451 2021 felicis
1469 1988 1636 2021 memorie

157 2039 180 2075 J
183 2040 310 2074 ocelini
327 2039 477 2087 episcopi
494 2038 741 2087 predecessoris
759 2040 875 2082 nostri,
896 2042 939 2077 de
954 2043 1131 2077 communi
1149 2041 1288 2077 confilio
1307 2048 1342 2076 et
1360 2041 1526 2076 consensu
1545 2044 1635 2089 capi-

157 2097 222 2131 tuli
240 2097 357 2138 nostri,
378 2096 570 2132 concessifl'e
590 2103 624 2132 et
641 2098 705 2132 hac
724 2104 819 2132 carta
836 2098 952 2133 nostra
964 2096 1182 2132 eonfirmaffe
1202 2098 1283 2132 Deo
1303 2103 1337 2131 et
1356 2096 1494 2131 ecclesie
1514 2098 1633 2133 83116ὶί

157 2152 280 2188 Jacobi
299 2158 333 2186 et
352 2152 471 2187 San&i
491 2152 615 2187 Mirini
634 2154 677 2188 de
697 2153 844 2188 Pafl'elet
862 2160 897 2189 et
915 2155 1092 2188 monachis
1110 2154 1237 2187 ibidem
1250 2153 1331 2187 Deo
1345 2152 1583 2195 servientibus,
1598 2156 1633 2189 in

158 2208 302 2242 liberam
321 2213 356 2242 et
374 2208 526 2253 quietam
545 2214 580 2243 et
609 2215 814 2256 perpetuam
846 2209 1077 2250 elemoiinam,
1109 2210 1152 2243 ad
1179 2208 1258 2243 usus
1285 2208 1363 2243 suos
1381 2214 1415 2243 et
1434 2209 1558 2244 domus
1575 2210 1633 2245 sue

158 2263 452 2304 sustentationem,
484 2263 655 2298 eeclefiain
677 2265 719 2298 de
740 2264 926 2305 Kathkert,
959 2263 1134 2299 eccleliam
1166 2265 1208 2298 de
1231 2265 1426 2311 Ruthglen,
1459 2265 1632 2301 ecclesiam

159 2320 201 2354 de
221 2320 457 2361 Cormannoc,
491 2318 666 2355 ecelefiam
686 2320 728 2355 de
750 2320 982 2362 Keffierehan,
1013 2319 1188 2356 ecelefiam
1207 2321 1249 2356 de
1270 2320 1440 2363 Mernes’,
1473 2328 1507 2357 et
1525 2324 1632 2359 eccle-
