1870 2683
222 291 293 323 354.
636 283 949 319 REGJSTRUM
982 283 1315 319 MONASTERII

322 383 369 418 Et
395 394 459 428 ego
491 380 696 416 Alexander
724 380 894 427 Clugston
919 378 1086 427 prespiter
1105 379 1340 415 Candidecase
1359 379 1509 420 diocefis,
1538 381 1698 427 publicus

322 436 589 473 auetoritatibus
607 436 777 484 imperiali
790 441 825 470 et
838 435 947 482 regali
961 436 1128 476 notarius,
1148 434 1315 483 premiffis
1333 435 1495 470 omnibus
1512 441 1547 470 et
1563 436 1706 483 lingulis

322 495 404 529 dum
423 493 465 527 fic
484 498 524 527 ut
550 493 766 540 premittitur
791 497 980 538 agerentur
1007 498 1041 526 et
1058 492 1195 533 fierent,
1226 504 1298 526 una
1327 497 1426 537 [cum
1451 493 1704 539 prenominatis

321 549 461 585 testibus
479 549 657 596 interfui,]
688 561 806 583 coram
834 547 1030 595 prescriptis
1060 549 1213 583 litteram
1231 547 1426 595 predictam
1444 548 1579 596 perlegi
1605 554 1640 583 et
1665 550 1704 584 in

321 604 471 653 presenti
489 604 602 640 forma
619 604 871 639 instrumentali
897 604 1033 652 copiavi
1063 617 1102 639 ac
1119 617 1226 639 manu
1245 618 1322 639 mea
1339 605 1481 652 propria
1497 610 1569 640 tam
1587 604 1709 641 subtus

322 674 426 708 quam
444 660 546 708 supra
562 659 675 708 sei·Ipli
693 667 727 695 et
745 661 781 695 in
799 661 888 695 hanc
902 660 1074 707 publicam
1090 661 1237 695 formam
1251 661 1372 708 redegi
1383 660 1549 707 lignoque
1561 662 1711 697 nomine

322 719 408 753 meis
425 718 532 752 solitis
550 722 585 752 et
603 717 774 752 consuetis
791 716 931 764 lignavi‚
953 722 1095 763 rogatus
1113 723 1147 752 et
1165 715 1356 764 requifitus,
1381 717 1417 751 in
1435 717 1482 751 fid
1490 730 1545 751 em
1565 722 1600 752 et
1616 716 1707 752 testi-

320 774 478 810 monium
496 774 652 809 veritatis
668 773 882 821 fingulorum
902 772 1156 821 premissorum,
1177 774 1235 808 διο.
1287 773 1494 808 Alexander
1515 773 1696 820 Clugston.

228 945 430 992 Appellatio
450 945 542 979 inter
559 944 741 978 dominum
763 944 960 978 Robertum
979 945 1138 980 abbatem
1158 945 1202 980 de
1221 944 1354 980 Passeto
1372 950 1407 980 et
1424 945 1606 980 dominum
1628 945 1700 980 Ro-

161 1024 173 1029 «
224 1001 363 1037 bertum
382 1001 693 1048 Archiepiscopum
712 1000 754 1035 de
774 1000 928 1047 Glasgw‚
949 999 1010 1036 sub
1028 1001 1140 1036 forma
1158 1001 1388 1036 instrumenti.

229 1113 287 1148 IN
321 1113 415 1148 DEI
450 1112 665 1148 NOMINE
701 1112 831 1148 Amen.
884 1113 953 1148 Per
978 1113 1047 1149 hoc
1070 1113 1210 1162 presens
1235 1114 1413 1162 publicum
1439 1114 1709 1149 instrumentum

230 1172 365 1205 cunetis
383 1176 500 1218 pateat
518 1171 700 1206 evidenter
728 1176 763 1206 et
788 1170 828 1205 fit
854 1176 979 1205 notum
1009 1172 1104 1217 quod
1131 1184 1225 1206 anno
1256 1171 1430 1205 dominice
1458 1170 1710 1205 incarnationis

229 1232 272 1261 Μ’)
291 1232 422 1261 ccccc⁰
440 1227 494 1261 die
513 1240 598 1261 vero
616 1225 738 1261 meniis
752 1226 901 1273 Augusti
917 1227 1054 1262 decimo
1072 1233 1208 1274 quarto,
1224 1227 1418 1262 indictione
1435 1226 1550 1267 tertia,
1570 1225 1712 1274 pontifi-

227 1288 324 1317 catus
342 1282 538 1317 lanefillimi
556 1283 592 1316 in
611 1282 747 1317 Christo
765 1282 872 1329 patris
898 1295 938 1317 ac
957 1283 1088 1317 domini
1107 1283 1213 1318 nostri
1229 1282 1362 1318 domini
1381 1282 1577 1317 Alexandri
1595 1282 1713 1317 divina

227 1339 450 1386 providentia
466 1351 554 1385 pape
572 1338 658 1372 sexti
676 1350 770 1372 anno
788 1350 895 1378 nono,
917 1338 953 1372 in
971 1340 1038 1374 mei
1053 1340 1181 1374 notarii
1196 1340 1326 1387 publici
1344 1344 1379 1374 et
1392 1339 1528 1374 testium
1547 1338 1712 1385 subscrip-

226 1401 343 1430 torum
362 1393 545 1442 presentia,
566 1395 795 1442 personaliter
813 1394 1021 1430 constitutus
1050 1396 1258 1431 venerabilis
1284 1396 1321 1430 in
1348 1394 1485 1430 Christo
1510 1400 1610 1443 pater
1638 1394 1713 1429 Ro-

226 1451 347 1485 bertus
363 1449 583 1498 permisfione
602 1451 721 1485 divina
738 1450 842 1485 abbas
860 1451 1058 1486 monasterii
1077 1452 1120 1486 de
1139 1451 1285 1493 Passeto,
1306 1452 1438 1486 ordinis
1457 1448 1703 1491 Cluniacenfis‚

229 1506 450 1553 Glasguenfis
468 1505 620 1547 dioeefis,
649 1506 780 1541 habens
808 1512 843 1541 et
870 1512 994 1541 tenens
1022 1508 1058 1541 in
1077 1508 1236 1542 manibus
1252 1507 1320 1542 suis
1350 1508 1524 1554 quandam
1542 1507 1701 1542 cedulam

228 1563 403 1610 papiream
422 1563 571 1597 formam
589 1563 833 1610 appellationis
852 1563 887 1596 in
900 1562 932 1597 se
946 1563 1186 1598 continentem
1200 1577 1304 1609 quam
1320 1564 1403 1598 mihi
1418 1563 1556 1597 notario
1571 1562 1711 1610 publico

227 1618 415 1666 subscripto
434 1619 578 1653 tradidit
595 1619 857 1666 perlegendam,
878 1619 1085 1666 copiandam
1104 1624 1138 1653 et
1156 1619 1190 1653 in
1210 1620 1385 1666 publicam
1403 1619 1622 1654 instrumenti
1641 1619 1711 1653 for-

228 1687 321 1709 mam
339 1675 567 1721 redigendam
582 1687 590 1708 :
618 1675 741 1721 vigore
759 1680 793 1710 et
806 1675 937 1710 virtute
956 1675 1055 1722 cujus
1073 1675 1196 1710 cedule
1214 1676 1368 1722 prefatus
1386 1675 1594 1711 venerabilis
1611 1680 1712 1722 pater

228 1743 293 1778 pro
311 1730 354 1771 se,
374 1730 435 1765 suo
455 1736 632 1766 conventu
653 1737 687 1765 et
712 1730 774 1765 fiio
791 1730 1001 1765 monasterio
1027 1731 1168 1765 realiter
1194 1737 1229 1766 et
1259 1731 1418 1766 effective
1444 1731 1650 1778 provocavit
1676 1736 1711 1766 et

227 1787 425 1834 appellavit.
479 1787 589 1834 Cujus
607 1787 730 1822 cedule
747 1793 851 1822 tenor
869 1787 915 1822 est
933 1786 1020 1821 talis.
1074 1786 1189 1821 CUM
1207 1787 1450 1834 appellationis
1468 1787 1528 1822 seu
1544 1799 1712 1835 provoca-

228 1844 334 1878 tionis
351 1844 546 1878 remedium
572 1843 614 1877 ab
641 1849 791 1890 utroque
811 1844 895 1891 jure
919 1842 958 1878 fit
975 1842 1157 1878 salubriter
1175 1844 1419 1879 introductum
1436 1850 1477 1879 ut
1494 1857 1568 1878 non
1596 1843 1708 1878 solum

229 1899 314 1940 lefis,
333 1900 485 1945 gravatis
503 1905 538 1934 et
556 1899 732 1946 oppreffis‚
752 1912 876 1934 verum
895 1900 997 1934 etiam
1011 1898 1044 1933 se
1058 1899 1138 1940 ledi,
1158 1901 1297 1946 gravari
1315 1906 1349 1935 et
1368 1900 1518 1947 opprimi
1537 1900 1572 1934 in
1589 1900 1709 1934 futuro

228 1956 444 1996 timentibus,
465 1956 540 2003 ejus
558 1955 705 2004 prefidio
735 1956 958 1991 succurratur
974 1969 983 1998 3
1011 1955 1093 1990 hinc
1111 1955 1158 1990 est
1175 1956 1270 2002 quod
1288 1969 1351 1991 nos
1371 1955 1550 1991 Robertus
1568 1955 1709 2003 permifi

228 2011 321 2046 lione
342 2012 460 2046 divina
478 2012 581 2046 abbas
599 2012 797 2047 monasterii
816 2013 861 2047 de
879 2011 1024 2052 Passeto,
1054 2012 1185 2046 ordinis
1205 2012 1452 2054 Cluniacenfis,
1484 2012 1706 2059 Glasguenfis

229 2067 379 2109 diocesis,
399 2067 586 2104 sentientes
605 2081 679 2109 nos,
699 2068 853 2103 nostrum
877 2073 1091 2103 conventum
1119 2073 1153 2102 et
1171 2068 1326 2103 nostrum
1345 2068 1590 2104 monasterium
1611 2068 1708 2109 lesos,

229 2129 401 2169 gravatos,
430 2124 613 2171 injuriatos
640 2130 674 2159 et
700 2124 943 2171 multipliciter
970 2123 1156 2171 oppressos,
1188 2124 1418 2171 timentesque
1444 2138 1518 2166 nos,
1553 2124 1709 2160 nostrum

231 2186 441 2214 conventum
462 2186 497 2215 et
514 2180 668 2214 nostrum
688 2180 933 2215 monasterium
952 2180 1030 2227 plus
1048 2179 1141 2228 poffe
1159 2181 1241 2222 ledi,
1260 2183 1410 2228 gravari,
1431 2181 1589 2228 injuriari
1602 2187 1636 2216 et
1650 2194 1708 2228 op-

230 2235 332 2281 primi
360 2236 396 2269 in
416 2236 535 2270 futuro
562 2249 624 2284 per
651 2249 715 2270 vos
742 2235 1064 2271 reverendiffimum
1096 2238 1131 2271 in
1152 2237 1289 2272 Christo
1317 2243 1452 2285 patrem
1470 2250 1510 2272 ac
1528 2238 1707 2272 dominum

233 2290 430 2326 Robertum
452 2292 520 2326 Dei
540 2299 574 2327 et
592 2293 777 2339 apostolice
796 2292 883 2327 sedis
908 2294 1020 2339 gratia
1047 2293 1298 2340 Glasguensem
1324 2293 1618 2341 archiepiscopum
1636 2292 1708 2328 ves-

230 2353 391 2393 trumque
410 2347 590 2383 officialem
619 2349 818 2395 generalem
847 2354 880 2384 et
906 2349 1035 2385 vestros
1054 2347 1325 2385 commiffarios:
1363 2350 1458 2385 Tum
1475 2350 1600 2397 primo,
1628 2349 1708 2395 quia
