1839 2652
171 265 242 299 286
572 261 887 297 REGISTRUM
916 262 1253 299 MONASTERII

174 361 300 401 nentis,
329 357 591 393 Matisconenfis
610 357 761 398 diocesis,
789 357 934 392 salutem
953 363 988 393 et
1005 359 1226 406 apostolicam
1244 360 1537 398 benedictionem.
1589 363 1648 398 Sa-

176 415 355 451 crosa116ta
374 415 536 448 Romana
554 412 703 454 ecclefia‚
732 418 845 447 mater
862 414 1073 449 cunctorum
1091 415 1248 450 fidelium
1267 422 1302 451 et
1321 417 1490 463 magistra,
1510 419 1546 453 in
1564 432 1650 466 agro

176 474 346 505 virtutum
373 470 473 505 vestri
491 469 621 503 ordinis
640 470 695 503 cui
714 467 892 503 altiffimus
919 470 1109 513 benedixit,
1142 477 1176 506 et
1204 473 1240 506 in
1271 472 1398 507 decore
1427 472 1545 509 saneta
1572 475 1650 509 reli-

176 527 288 573 gionis
313 526 374 560 sub
392 539 459 572 qua
479 526 646 560 virtutum
668 525 826 559 Domino
858 525 1025 561 devotum
1056 533 1091 562 et
1119 532 1259 574 gratum
1289 529 1491 576 impenditis
1508 529 1651 565 famula-

176 590 262 623 tum,
291 583 424 617 exultat
443 587 477 616 et
488 581 627 628 jubilat,
655 581 833 628 presertim
854 582 936 616 dum
954 582 1117 630 prospicit
1134 585 1228 630 quod
1246 597 1308 619 vos
1326 585 1370 619 ad
1384 585 1464 626 alta,
1480 586 1651 621 virtutum

176 638 350 684 gradibus,
380 651 442 685 per
461 638 665 672 exercitium
684 637 858 672 bonorum
890 651 1036 685 operum
1063 645 1098 674 et
1122 640 1280 687 preclara
1308 640 1500 675 sanctitatis
1528 642 1653 676 merita

178 694 459 734 conscendentes,
488 694 622 728 trahitis
656 694 699 727 ad
734 694 850 728 divine
881 694 1064 741 majestatis
1099 695 1301 742 obsequium
1332 696 1418 730 alios
1445 709 1508 743 per
1539 710 1654 732 exem-

177 750 285 797 plum,
313 751 418 784 vitam
439 750 599 784 ducendo
617 747 838 796 purissimam,
866 749 1133 797 hospitalitatem
1152 750 1333 793 servando,
1353 758 1388 787 et
1407 752 1523 787 divine
1542 753 1653 787 laudis

177 806 372 852 frequentie
391 805 600 851 celebrisque
619 806 854 840 venerationis
872 806 1041 848 instantie,
1061 820 1104 842 ex
1121 821 1189 854 qua
1206 808 1318 854 gloria
1336 808 1452 843 divine
1472 808 1654 857 majestatis

179 862 362 902 attollitur,
383 860 596 896 devotissime
629 860 835 904 insistend03
866 861 1015 909 Propter
1042 876 1109 909 que
1136 875 1201 897 nos
1232 864 1392 898 ordinem
1409 864 1559 899 vestrum
1578 878 1654 912 pre-

179 919 287 952 fatum
306 932 373 964 que
392 931 474 964 erga
491 931 554 952 nos
573 923 607 952 et
625 918 772 952 eandem
790 917 964 952 ecclesiam
984 919 1179 954 devotionis
1198 919 1354 954 claritate
1372 920 1554 966 prelucere
1573 934 1654 956 con—

179 973 350 1021 spicimus,
379 974 468 1008 infra
494 973 639 1008 claustra
664 973 769 1007 nostri
797 974 950 1020 pefilmris
977 976 1130 1022 paternis
1157 976 1338 1010 affefifibus
1368 977 1652 1024 compleEtentes,

180 1030 270 1064 circa
280 1030 411 1064 bonum
430 1029 553 1064 statum
570 1029 672 1077 ipsius
690 1031 771 1065 totis
787 1030 905 1064 studiis
922 1031 1106 1077 vigilamus
1122 1037 1162 1066 ut
1181 1031 1262 1066 Deo
1280 1032 1432 1079 propitio
1449 1039 1655 1080 protegatur

180 1099 200 1120 a
217 1086 340 1126 noxiis
368 1086 517 1120 salubria
533 1086 666 1133 semper
683 1086 900 1121 incrementa
917 1085 1084 1134 suscipiat,
1112 1100 1251 1122 necnon
1276 1089 1368 1135 pacis
1400 1094 1434 1122 et
1462 1089 1655 1135 tranquilli-

180 1142 260 1176 tatis
271 1142 388 1176 affluat
401 1142 570 1182 ubertate,
591 1141 781 1188 ipsumque,
797 1147 837 1176 ut
854 1141 999 1189 persone
1017 1142 1118 1190 ipsius
1136 1143 1178 1177 ab
1197 1144 1293 1177 omni
1309 1142 1374 1178 fint
1390 1144 1654 1191 perturbatione

182 1197 310 1237 secure,
339 1210 378 1231 ac
396 1210 416 1231 a
427 1197 516 1243 jugo
536 1196 715 1244 cujussibet
733 1197 959 1245 oppreffionis
976 1198 1158 1233 ierventur
1185 1199 1289 1239 illese,
1316 1200 1539 1246 prerogativa
1555 1199 1655 1234 liber-

181 1254 260 1287 tatis
278 1253 461 1300 apostolice
480 1253 747 1287 communimus.
800 1253 890 1288 Sane
908 1254 1030 1300 petitio
1049 1254 1160 1289 vestra
1188 1255 1288 1289 nobis
1319 1254 1472 1289 exhibita
1502 1255 1656 1290 contine-

182 1309 240 1344 bat
257 1310 352 1355 quod
369 1309 450 1343 licet
468 1309 618 1343 vestrum
637 1309 893 1350 monasterium,
915 1322 994 1344 cum
1012 1310 1170 1351 abbaciis,
1190 1310 1411 1357 prioratibus,
1433 1310 1656 1345 decanatibus

183 1372 217 1401 et
235 1366 308 1400 aliis
328 1366 490 1400 membris
508 1366 575 1400 suis
594 1366 706 1401 eidem
726 1366 925 1401 immediate
952 1365 1010 1400 seu
1036 1366 1185 1400 mediate
1213 1364 1386 1412 subjectis
1414 1366 1559 1401 ubilibet
1576 1379 1657 1401 con-

183 1423 317 1463 stitutis,
335 1423 462 1457 abolim
482 1428 682 1470 reputatum
700 1423 806 1457 fuerit
825 1428 860 1457 et
878 1422 991 1457 adhuc
1009 1421 1113 1456 etiam
1130 1427 1314 1468 reputetur
1332 1422 1565 1456 communiter
1581 1422 1657 1457 fore

183 1478 458 1525 ajurisdifitione
476 1479 713 1524 quorumlibet
724 1479 885 1525 judicum
913 1477 1171 1512 ordinariorum
1199 1483 1412 1524 exemptum,
1439 1490 1479 1512 ac
1508 1478 1570 1512 soli
1595 1478 1657 1512 im-

183 1535 333 1569 mediate
352 1534 421 1569 sedi
439 1534 623 1581 apostolice
635 1534 822 1581 subjacere,
839 1546 918 1568 cum
932 1532 1087 1580 personis
1105 1533 1310 1579 degentibus
1329 1534 1364 1567 in
1383 1534 1520 1574 eisdem,
1539 1538 1657 1568 tamen

184 1590 284 1624 nobis
302 1590 480 1624 humiliter
498 1589 706 1637 supplicastis
724 1595 764 1624 ut
781 1590 826 1624 ad
843 1589 1021 1624 vitandam
1040 1588 1219 1635 cujussibet
1238 1589 1389 1623 molestie
1419 1602 1460 1623 ac
1489 1590 1657 1635 inquieta-

184 1647 290 1680 tionis
308 1646 487 1680 materiam
506 1658 573 1691 que
591 1646 688 1679 vobis
707 1651 829 1680 contra
845 1644 1044 1691 hujusmodi
1074 1645 1305 1692 exemptionis
1334 1645 1531 1680 libertatem
1548 1643 1657 1693 poffet

185 1702 317 1742 inferri,
346 1708 380 1736 et
397 1708 437 1736 ut
455 1701 633 1749 cujussibet
650 1708 837 1749 propterea
865 1701 1010 1735 tollatur
1040 1706 1162 1735 contra
1193 1714 1254 1735 vos
1272 1701 1401 1736 occafio
1430 1702 1655 1748 malignandi,

186 1757 430 1792 monasterium
448 1757 598 1792 vestrum
618 1770 697 1792 cum
716 1758 876 1797 abbaciis,
895 1757 1115 1804 prioratibus,
1144 1757 1368 1791 decanatibus
1394 1763 1429 1792 et
1459 1758 1534 1791 aliis
1551 1770 1658 1792 mem—

185 1814 255 1847 bris
273 1819 307 1847 et
325 1812 479 1860 personis
496 1814 673 1861 prediffis,
701 1827 765 1860 pro
784 1814 1001 1849 incremento
1018 1814 1102 1848 boni
1131 1814 1235 1849 status
1264 1815 1461 1849 monasterii
1491 1821 1526 1850 et
1552 1828 1658 1850 mem—

186 1871 341 1910 brorum,
356 1883 395 1904 ac
409 1883 492 1917 pace
512 1875 546 1904 et
563 1870 814 1916 tranquillitate
832 1870 1057 1917 personarum
1072 1871 1275 1917 degentium
1293 1872 1330 1905 in
1345 1870 1482 1912 eisdem,
1503 1872 1545 1906 de
1563 1884 1657 1906 novo

188 1927 340 1960 eximere
375 1926 530 1960 totaliter
557 1926 767 1961 arnstoritate
798 1926 982 1973 apostolica
1010 1927 1246 1973 dignaremur.
1298 1927 1374 1962 Nos
1404 1928 1511 1974 igitur
1536 1928 1594 1974 qui
1621 1928 1657 1962 in

186 1982 392 2017 monasterio
410 1982 522 2016 vestro
540 1982 643 2030 plene
661 1983 823 2017 novimus
840 1981 1000 2030 premiffa
1018 1989 1051 2017 et
1069 1983 1136 2017 alia
1154 1983 1264 2017 multa
1281 1983 1373 2017 bona
1391 1996 1497 2030 opera
1514 1988 1549 2018 et
1565 1983 1658 2018 sanc*

186 2039 293 2073 titatis
311 2038 442 2072 clarere
461 2037 614 2085 insignia,
643 2039 845 2085 cultumque
864 2039 1031 2079 divinum,
1060 2039 1257 2086 regularem
1284 2038 1537 2074 observantiam
1555 2045 1589 2074 et
1607 2052 1658 2074 re-

186 2094 326 2140 ligionis
344 2107 503 2128 normam
521 2095 613 2128 inter
631 2094 697 2128 alia
714 2094 919 2129 monasteria
936 2095 1105 2136 relucere,
1131 2095 1285 2141 illudque
1303 2095 1542 2142 multipliciter
1559 2095 1658 2130 reflo-

187 2162 265 2184 rere
284 2150 319 2183 in
336 2149 580 2197 spiritualibus,
600 2149 759 2184 volentes
776 2150 852 2197 paci
870 2156 904 2185 et
921 2151 1165 2197 tranquillitati
1184 2150 1291 2185 vestre
1309 2156 1477 2198 perpetue
1496 2163 1535 2185 ac
1552 2163 1658 2185 mem-

186 2205 330 2239 brorum
361 2212 395 2240 et
421 2206 646 2252 personarum
677 2206 871 2240 eorundem
899 2207 1083 2254 providere
1112 2206 1305 2247 salubriter,
1333 2220 1395 2241 vos
1423 2219 1462 2241 ac
1492 2206 1657 2241 monaste-

191 2261 279 2294 rium
300 2267 334 2294 et
351 2261 417 2295 alia
435 2262 590 2296 membra
607 2261 717 2296 vestra
734 2263 956 2309 prerogativa
972 2262 1126 2310 specialis
1143 2263 1270 2297 favoris
1297 2268 1331 2297 et
1356 2263 1467 2309 gratie
1484 2261 1655 2308 insignire,

190 2316 316 2361 illaque
335 2317 499 2352 decorare
518 2317 697 2364 singularis
715 2319 885 2365 privilegii
916 2319 1019 2353 titulo
1046 2319 1279 2359 intendentes,
1307 2317 1502 2366 hujusmodi
1531 2317 1656 2365 suppli-
