1839 2652
201 276 269 310 160
598 271 912 308 REGISTRUM
942 270 1279 306 MONASTERII

201 377 237 406 et
256 370 390 405 Mirino
409 369 451 404 de
471 366 618 403 Paffelet
637 373 671 402 et
688 367 866 401 monachis
893 366 1023 401 ibidem
1042 366 1123 400 Deo
1141 364 1380 406 servientibus,
1410 365 1526 400 ambas
1545 365 1677 400 Drum-

202 428 337 463 dinanis
355 433 390 461 et
409 425 651 465 Cultensuthe,
668 430 702 459 et
722 424 908 464 Reinfode‚
937 436 1017 458 cum
1036 422 1196 457 omnibus
1214 422 1319 458 reetis
1337 421 1448 456 divifis
1465 422 1531 457 suis
1550 429 1583 458 et
1600 436 1677 470 per-

202 483 383 525 tinentiis3
412 482 510 523 Quas
528 481 667 527 quidem
685 486 796 515 terras
823 480 852 514 F
854 492 957 525 ergus
975 479 1066 513 filius
1098 478 1252 524 Cuning’
1283 483 1318 512 et
1349 476 1561 512 Malcolmus
1578 479 1678 513 heres

200 538 300 585 ipfius
318 538 402 572 mihi
433 538 469 571 in
502 537 606 583 plena
624 536 720 570 curia
737 549 814 570 mea
839 548 902 584 per
928 534 1054 569 fustum
1080 540 1115 568 et
1145 533 1308 568 baculum
1338 532 1626 580 refingnaverunt
1643 541 1678 569 et

199 595 458 641 imperpetuum
487 592 620 639 quietas
650 592 914 626 clamaverunt:
951 591 1140 626 Tenendas
1168 590 1227 625 fibi
1254 592 1291 625 in
1318 591 1463 625 liberam
1494 604 1617 638 puram
1643 599 1678 627 et

200 655 405 697 perpetuam
424 648 655 689 elemosinam,
675 648 724 682 ita
741 648 860 689 libere,
880 648 1007 694 quiete,
1027 648 1183 695 plenarie
1201 652 1236 682 et
1254 647 1446 682 honorifice
1463 646 1548 682 ficut
1565 648 1679 694 aliqua

201 705 386 740 elemofina
402 718 444 740 ex
463 705 557 739 dono
585 704 721 739 comitis
738 705 794 738 vel
812 704 951 739 baronis
978 705 1015 738 in
1045 716 1155 750 regno
1188 703 1302 738 Scotie
1329 702 1481 744 liberius,
1515 704 1676 750 quietius,

199 761 337 809 plenius
354 767 389 796 et
406 760 695 795 honorificentius
713 766 854 795 tenetur
884 766 919 795 et
944 759 1144 808 poffidetur.
1198 759 1278 793 Hiis
1296 758 1446 800 testibus,
1477 760 1626 795 Amelec
1645 767 1679 795 et

202 817 406 864 Dunegallo
423 817 587 852 fratribus
617 817 712 857 meis,
737 816 890 851 Ablalon
907 815 1092 851 senescallo
1110 828 1201 856 me0‚
1235 815 1399 850 Gilberto
1428 815 1555 850 clerico
1586 829 1676 857 meo,

201 873 359 919 Hugone
376 873 449 907 filio
468 873 629 913 Simonis,
663 872 808 907 Warino
826 878 861 907 et
892 871 1067 912 Baldrico,
1098 869 1324 917 burgensibus
1354 871 1397 905 de
1428 871 1676 913 Dunberthan‚

203 929 385 964 Germano
403 929 541 970 clerico,
562 934 597 963 et
614 928 731 963 multis
750 929 835 963 aliis.

200 1098 309 1133 Carta
327 1097 534 1132 Maldoveni
552 1098 687 1131 comitis
717 1098 760 1132 de
788 1096 967 1137 LevenaX,
995 1096 1039 1130 ad
1065 1095 1239 1131 ecclesiam
1265 1101 1447 1130 vacantem
1475 1097 1622 1144 primam
1641 1098 1676 1131 in

202 1154 370 1188 comitatu
389 1153 432 1188 de
451 1152 630 1188 Levenax.

202 1264 395 1300 SCIANT
411 1263 588 1311 presentes
615 1270 650 1299 et
678 1264 788 1299 futuri
815 1263 910 1310 quod
940 1275 1006 1309 ego
1038 1262 1274 1297 Maldovenus
1292 1275 1408 1297 comes
1439 1264 1481 1298 de
1511 1264 1679 1300 Levenax

200 1321 291 1361 dedi,
312 1319 457 1355 concessi
476 1326 510 1355 et
527 1321 591 1355 hac
609 1326 704 1355 carta
720 1332 798 1354 mea
815 1319 1030 1359 confirmavi,
1051 1319 1241 1353 venerabili
1260 1319 1336 1354 viro
1355 1319 1498 1354 domino
1513 1320 1556 1354 W
1559 1321 1677 1356 ilelmo

201 1376 315 1412 abbati
334 1377 377 1411 de
396 1375 553 1417 Pafl'elet,
585 1389 678 1410 anno
696 1376 807 1423 gratie
828 1374 1007 1410 millefimo
1026 1374 1260 1409 ducentesimo
1286 1374 1457 1410 tricefimo
1485 1377 1529 1410 ad
1558 1377 1677 1413 festum

203 1433 322 1467 Sanffl
341 1432 536 1473 Michaelis,
563 1432 623 1479 jus
639 1431 861 1480 presentandi
878 1432 991 1479 prima
1007 1431 1083 1466 vice
1100 1431 1144 1465 ad
1161 1431 1309 1478 primam
1328 1430 1502 1466 ecclefiam
1520 1433 1557 1466 in
1575 1435 1679 1468 comi-

202 1495 277 1524 tatu
295 1489 338 1524 de
357 1489 525 1524 Levenax
542 1494 735 1529 vacantem,
768 1488 960 1523 dummodo
985 1487 1044 1535 jus
1061 1492 1266 1534 patronatus
1285 1486 1385 1534 ipfius
1404 1487 1542 1523 ecclefie
1560 1489 1605 1523 ad
1623 1502 1678 1525 me

202 1546 386 1593 pertineat.
439 1545 483 1580 In
513 1545 611 1592 cujus
640 1545 691 1580 rei
721 1543 954 1580 testimonium
984 1542 1201 1590 presentibus
1231 1543 1356 1578 litteris
1385 1542 1531 1589 figillum
1561 1558 1678 1580 meum

203 1600 355 1648 apposui.

205 1769 311 1804 Carta
330 1769 538 1804 Maldoveni
556 1769 691 1804 comitis
708 1769 752 1804 de
770 1768 948 1808 LevenaX‚
969 1767 1011 1802 de
1029 1768 1131 1802 terris
1149 1773 1184 1802 et
1202 1766 1342 1802 ecclesia
1359 1768 1401 1803 de
1423 1768 1623 1816 Kylpatrik.

206 1880 444 1918 OMNIBUS
464 1880 590 1916 Christi
618 1880 779 1916 fidelibus
808 1886 878 1915 tam
909 1880 1125 1928 presentibus
1154 1893 1257 1926 quam
1288 1881 1414 1915 futuris
1442 1882 1680 1918 Maldovenus

205 1951 320 1973 comes
338 1938 381 1972 de
399 1938 567 1972 Levenax
583 1936 740 1972 salutem.
793 1937 970 1978 Quoniam
989 1936 1068 1971 usus
1086 1936 1133 1971 est
1162 1942 1197 1971 et
1227 1937 1315 1971 ratio
1334 1943 1373 1971 ut
1392 1950 1432 1972 ea
1449 1951 1516 1984 que
1534 1940 1679 1986 provide

206 2000 241 2029 et
258 1993 509 2028 rationabiliter
526 1993 627 2034 fiunt,
646 1994 683 2027 in
700 1992 833 2040 scriptis
849 1993 1054 2039 redigantur
1070 1993 1115 2026 ad
1133 1993 1291 2027 notitiam
1311 1993 1539 2039 posterorum,
1571 1993 1681 2030 sciatis

207 2063 270 2084 nos
288 2048 524 2096 recognovifl'e
543 2054 577 2084 et
595 2047 787 2084 coneeffiffe
807 2048 888 2083 Deo
915 2055 950 2083 et
977 2049 1107 2083 Abbati
1138 2055 1171 2083 et
1201 2051 1391 2084 conventui
1423 2050 1619 2086 monasterii
1638 2052 1680 2086 de

209 2104 355 2141 Paffelet
371 2111 462 2140 totas
479 2111 589 2140 terras
607 2105 650 2139 de
669 2104 926 2145 Cochmanach,
957 2105 999 2139 de
1019 2104 1276 2146 Edinbernacli‚
1297 2106 1340 2140 de
1361 2106 1507 2147 Baccan,
1528 2107 1571 2141 de
1590 2107 1680 2141 Fim-

209 2161 340 2202 belach,
370 2162 413 2196 de
432 2161 723 2208 Craguentalach,
753 2161 795 2196 de
814 2160 1029 2202 Dumcreve,
1062 2167 1096 2195 et
1127 2161 1169 2195 de
1201 2161 1452 2202 Dallevenach,
1481 2175 1543 2209 per
1561 2175 1681 2197 omnes

210 2218 324 2251 :efflas
351 2217 472 2252 divisas
489 2216 564 2252 suas
592 2218 627 2252 in
658 2217 764 2252 moris
794 2223 829 2252 et
859 2216 1010 2258 marifiis,
1042 2218 1078 2251 in
1095 2223 1196 2265 prato
1215 2223 1249 2252 et
1267 2217 1409 2265 pascuiS,
1441 2219 1477 2252 in
1504 2218 1629 2265 stagnis
1647 2226 1681 2253 et

211 2273 429 2313 molendinis,
459 2274 494 2307 in
520 2274 616 2319 aquis
647 2279 681 2308 et
710 2272 871 2320 piscariis,
902 2274 939 2308 in
968 2273 1076 2309 boscis
1106 2280 1140 2309 et
1168 2275 1290 2321 planis,
1323 2280 1357 2309 et
1376 2275 1411 2308 in
1430 2274 1591 2308 omnibus
1607 2274 1681 2308 aliis

210 2327 414 2364 aifiamentis
427 2328 510 2373 suis,
531 2342 614 2375 quas
632 2330 771 2376 quidem
789 2335 910 2371 terras,
931 2330 1084 2366 divinam
1097 2330 1268 2365 ultionem
1281 2331 1443 2365 timentes
1457 2329 1480 2363 fi
1494 2330 1543 2364 rei
1555 2330 1681 2364 veritas
