1839 2652
156 302 226 334 200
551 294 866 331 REGISTRUM
895 292 1233 329 MONASTERII

158 394 365 429 chilominus
382 390 621 438 supposuimus
639 397 674 426 et
692 390 917 438 supponimus
935 402 1000 424 nos
1018 395 1053 424 et
1070 389 1260 435 quemlibet
1273 389 1428 424 nostrum
1442 403 1482 425 ac
1494 391 1641 427 heredes

157 450 291 486 nostros
309 454 344 483 et
362 448 551 494 quemlibet
570 447 722 494 ipsorum
743 447 1013 493 imperpetuum,
1036 444 1273 492 jurisdictioni
1300 452 1334 480 et
1362 446 1563 482 cohercioni
1582 449 1642 483 do-

159 506 244 541 mini
262 503 422 551 Episcopi
442 502 673 549 Glasgwenfis
691 503 748 549 qui
768 515 831 549 pro
850 507 1008 549 tempore
1026 502 1142 541 fuerit,
1177 501 1313 535 Decani
1334 508 1368 536 et
1386 503 1529 550 capituli
1557 503 1642 550 ejus-

161 563 239 597 dem
257 559 281 595 fi
298 559 393 595 sedes
412 560 598 600 vacaverit,
631 565 666 593 et
699 559 845 593 Abbatis
864 559 906 593 de
928 555 1084 597 Pafl'elet,
1116 562 1155 591 ut
1186 570 1318 598 omnes,
1352 558 1434 598 duo,
1465 558 1522 593 vel
1551 571 1643 593 unus

161 630 294 657 eorum,
328 615 545 663 conjunctim
565 622 599 650 et
618 614 760 655 divifim,
780 615 895 649 habita
914 613 1098 648 summaria
1116 613 1329 659 cognitione,
1358 627 1400 648 ex
1427 613 1497 648 sola
1515 613 1645 662 inspec-

161 674 256 709 tione
274 672 377 719 hujus
395 671 625 712 instrumenti,
653 670 722 705 fine
740 671 808 705 alia
825 670 923 704 cause
950 669 1163 715 cognitione,
1191 668 1317 716 possint
1334 670 1390 703 vel
1408 669 1508 716 poffit
1526 683 1591 704 nos
1610 676 1643 704 et

161 729 351 776 quemlibet
370 727 525 761 nostrum
543 733 578 762 et
596 727 742 762 heredes
760 726 892 760 nostros
911 731 945 760 et
963 725 1153 772 quemlibet
1180 725 1329 772 ipsorum
1349 727 1407 772 qui
1427 732 1550 760 contra
1567 739 1645 774 pre·

162 783 258 819 miffa
269 784 493 831 aliquomodo
506 784 694 818 reclamare
706 782 762 817 vel
775 795 813 817 ea
828 783 1004 816 infirmare
1018 780 1272 828 presumpserit,
1281 783 1421 829 propria
1434 783 1644 817 aufitoritate

163 842 324 888 quotiens
341 838 474 875 necefl'e
489 840 594 874 fuerit
608 839 922 878 excommunicare,
944 844 978 872 et
992 838 1125 872 tamdiu
1141 838 1462 872 excommunicatos
1480 838 1645 885 conjunc-

162 899 224 932 tim
243 903 277 931 et
295 895 425 930 divisim
443 901 513 930 tam
533 896 569 929 in
588 895 720 942 capella
737 895 868 928 domini
892 895 999 940 Regis
1018 894 1133 928 Scotie
1159 907 1260 940 quam
1281 907 1343 941 per
1361 900 1476 929 totum
1494 907 1643 941 regnum

165 953 388 992 denunciare,
409 957 444 986 et
462 957 573 985 terras
586 951 717 985 nostras
730 951 928 996 ubicunque
941 951 1071 985 fuerint
1085 950 1240 996 generali
1255 956 1289 984 et
1303 950 1438 997 speciali
1455 951 1645 985 interdieto

164 1008 370 1056 supponere,
390 1008 556 1054 predicffis
573 1007 744 1041 sententia
761 1013 796 1041 et
813 1007 1002 1041 interdie‘to
1029 1007 1160 1040 nullius
1177 1006 1334 1053 persone,
1363 1007 1547 1054 privilegii,
1567 1020 1644 1053 gra-

164 1066 222 1105 tie,
255 1065 451 1098 litterarum
478 1063 535 1097 seu
563 1063 781 1109 indulgentie
800 1063 1009 1097 auctoritate
1028 1062 1235 1103 relaxandis,
1268 1062 1446 1109 quousque
1478 1063 1645 1109 predififis

167 1120 298 1155 Abbati
317 1126 351 1154 et
369 1119 569 1160 conventui,
597 1132 661 1166 pro
681 1120 839 1165 dampnis
857 1118 923 1152 suis
950 1124 984 1153 et
1011 1118 1165 1165 expenlis
1182 1119 1388 1165 prenotatis,
1423 1119 1465 1153 de
1483 1119 1644 1165 predksta

166 1176 299 1210 summa
316 1175 464 1223 pecunie
483 1176 525 1209 ad
544 1188 646 1221 quam
666 1174 867 1209 solvendam
886 1181 1050 1209 tenemur
1080 1188 1122 1209 ex
1150 1175 1279 1215 debito,
1307 1175 1411 1222 plene
1443 1180 1477 1209 et
1508 1176 1644 1221 integre

166 1231 433 1266 satisfecerimus
459 1231 626 1271 totaliter,
654 1236 689 1265 et
719 1231 831 1264 donec
862 1232 1023 1277 prediew
1054 1231 1197 1265 domino
1227 1231 1400 1278 Episcopo
1428 1237 1462 1265 et
1493 1231 1646 1278 capitulo

168 1286 447 1334 Glasgwenlibus
466 1287 633 1321 ducentas
652 1299 783 1320 marcas
801 1286 904 1333 plene
923 1286 1202 1333 persolverimus,
1232 1288 1268 1320 in
1295 1287 1419 1333 quibus
1437 1288 1647 1322 confitemur

168 1344 279 1378 teneri
297 1348 442 1391 propter
472 1341 773 1389 tranlgreffionem
802 1342 908 1376 nostri
930 1342 1124 1389 juramenti
1152 1348 1187 1377 et
1216 1342 1452 1389 subjefitionis,
1481 1349 1515 1378 et
1534 1343 1646 1378 donec

168 1400 219 1434 liti
237 1399 260 1433 fi
278 1412 381 1445 quam
401 1399 443 1434 de
463 1405 580 1433 cetero
599 1412 663 1433 nos
682 1399 737 1434 vel
755 1398 906 1444 aliquem
925 1398 1080 1432 nostrum
1109 1398 1167 1433 seu
1197 1399 1343 1433 heredes
1362 1399 1495 1433 nostros
1512 1400 1569 1434 vel
1587 1399 1647 1434 ali-

169 1469 271 1502 quem
286 1456 437 1503 ipsorum
456 1455 511 1489 vel
531 1455 681 1501 aliquem
700 1455 842 1488 nomine
862 1454 978 1488 nostro
998 1454 1052 1489 vel
1083 1454 1228 1501 alicujus
1254 1455 1410 1489 nostrum
1430 1461 1553 1490 contra
1569 1469 1646 1502 pre-

170 1513 282 1547 dictos
302 1512 478 1546 Abbatem
498 1517 533 1545 et
551 1517 765 1545 conventum
784 1523 926 1545 movere
945 1511 1125 1557 contingat
1151 1511 1252 1558 super
1269 1511 1437 1558 premissis
1455 1512 1510 1546 vel
1529 1512 1646 1558 aliquo

169 1566 422 1615 premifforum,
450 1567 772 1601 renunciaverimus
798 1566 979 1609 totaliter5
1008 1566 1157 1614 presenti
1175 1567 1301 1614 scripto
1325 1568 1571 1602 nichilominus
1590 1581 1646 1602 ex-

170 1629 255 1658 tunc
273 1624 308 1657 in
326 1623 387 1657 suo
406 1623 532 1657 robore
551 1628 789 1669 permanente.
843 1621 992 1669 Insuper
1022 1623 1304 1657 renunciavimus
1334 1635 1373 1657 ac
1400 1624 1647 1658 renunciamus

172 1692 236 1713 nos
254 1685 289 1714 et
306 1679 451 1725 quilibet
468 1678 624 1712 nostrum
641 1691 705 1725 pro
724 1678 824 1712 nobis
843 1684 877 1712 et
895 1678 1050 1723 quolibet
1068 1678 1222 1713 nostrum
1252 1692 1292 1713 ac
1320 1679 1505 1714 heredibus
1524 1679 1647 1714 nostris

173 1742 207 1770 et
224 1735 380 1781 quolibet
397 1733 549 1782 ipsorum
568 1733 722 1781 expresse
748 1734 783 1767 in
813 1734 879 1768 hoc
897 1734 991 1768 facto
1010 1735 1279 1781 imperpetuum,
1308 1748 1377 1781 quo
1408 1736 1451 1770 ad
1470 1736 1647 1770 infirman-

173 1791 255 1825 dum
274 1789 434 1838 premiffa
451 1791 507 1824 vel
525 1790 655 1836 aliquid
672 1788 926 1837 premissorum,
955 1791 1164 1825 omnimodis
1182 1791 1317 1837 placitis
1335 1797 1369 1825 et
1387 1791 1512 1826 litteris
1537 1797 1608 1826 tam
1627 1805 1647 1826 a

174 1849 317 1883 domino
337 1848 437 1895 Rege
457 1847 572 1882 Scotie
590 1860 694 1893 quam
712 1860 732 1882 a
749 1859 959 1894 quocunque
978 1846 1046 1880 alio
1076 1847 1155 1881 loco
1186 1853 1220 1880 et
1244 1847 1321 1881 foro
1340 1846 1562 1882 ecclesiastico
1589 1848 1645 1882 vel

173 1904 315 1939 seculari
334 1904 527 1951 impetratis
552 1903 608 1938 vel
636 1903 873 1950 impetrandis,
902 1909 937 1937 et
967 1902 1127 1937 omnibus
1150 1903 1299 1950 juribus,
1328 1902 1645 1944 consuetudinibus,

168 1960 319 2007 judiciiS‚
347 1960 479 1994 statutis
498 1965 532 1994 et
550 1959 748 1999 statuendis,
777 1958 1050 2005 exceptionibuS,
1079 1964 1113 1992 et
1125 1959 1216 2005 juris
1234 1959 1392 1993 canonici
1411 1965 1446 1994 et
1469 1959 1578 1994 civilis
1594 1973 1647 1994 re-

174 2017 306 2057 mediis,
334 2016 446 2050 viduis
464 2015 520 2050 vel
539 2015 734 2062 conjugatis
752 2013 914 2048 concellis
933 2020 967 2048 et
985 2014 1228 2055 concedendis,
1257 2020 1291 2048 et
1324 2015 1520 2062 exceptioni
1539 2015 1647 2050 virilis

176 2071 429 2120 conipulfionis,
449 2077 483 2106 et
500 2071 691 2118 specialiter
709 2070 878 2104 beneficio
896 2069 1120 2104 restitutionis
1139 2071 1174 2104 in
1192 2071 1380 2117 integrum,
1405 2077 1440 2105 et
1466 2072 1562 2105 omni
1579 2072 1647 2118 pri-

176 2129 302 2174 vilegio
322 2126 589 2174 crucefingnatis
607 2127 662 2161 vel
689 2125 989 2172 crucefingnandis
1008 2125 1164 2161 concefl'o
1183 2126 1239 2160 vel
1265 2127 1502 2167 concedendo,
1523 2133 1557 2162 et
1575 2140 1647 2162 om-

178 2184 278 2217 nibus
304 2184 377 2217 aliis
404 2183 641 2229 indulgentiis,
669 2182 800 2228 gratiiS,
828 2182 1017 2228 privilegiis
1044 2182 1265 2229 generalibus
1292 2183 1348 2217 vel
1371 2182 1583 2230 specialibus,
1612 2189 1646 2217 et

177 2239 336 2273 omnibus
354 2238 654 2286 appellationibus
683 2238 1028 2278 contradiffionibus,
1049 2238 1337 2279 cavillationibus,
1357 2245 1392 2273 et
1409 2238 1483 2272 aliis
1500 2251 1562 2285 per
1579 2251 1646 2284 que

178 2296 326 2329 intentio
352 2294 410 2329 seu
436 2301 538 2329 tenor
555 2293 722 2341 presentis
742 2294 855 2341 scripti
873 2294 909 2328 in
927 2300 1024 2341 parte
1043 2294 1098 2328 vel
1124 2295 1160 2328 in
1188 2300 1264 2328 toto
1283 2295 1443 2341 impediri
1472 2293 1571 2341 posfit
1590 2294 1645 2328 vel

179 2351 385 2398 impugnari.
439 2351 482 2385 In
494 2351 592 2398 cujus
610 2351 661 2386 rei
679 2350 914 2385 testimonium
932 2350 976 2385 ad
993 2349 1187 2385 instantiam
1201 2349 1362 2391 nostram,
1378 2350 1489 2396 gratia
1506 2349 1646 2396 majoris
