1839 2652
729 268 799 303 DE
828 268 1095 304 PASSELET.
1580 269 1650 304 263

177 420 286 455 Carta
303 419 472 454 libertatis
491 420 592 467 burgi
612 421 654 455 de
673 420 802 468 Passay,
823 421 865 455 de
884 421 1064 456 erectione
1084 419 1248 467 ejusdem.

174 531 406 568 JACOBUS
427 532 497 566 Dei
524 533 637 579 gratia
668 546 729 566 rex
762 532 946 567 Scotorum
977 532 1138 567 omnibus
1168 532 1284 579 probis
1313 532 1513 567 hominibus
1543 533 1650 567 totius

174 594 267 622 terre
285 587 343 623 sue
362 588 495 623 clericis
513 594 549 623 et
565 589 660 622 laicis
674 587 830 622 salutem.
884 588 1004 622 Sciatis
1022 588 1117 634 quod
1136 588 1179 622 ob
1198 587 1404 635 fingularem
1427 589 1651 624 devotionem

173 657 276 690 quam
305 644 472 679 habemus
489 642 640 690 glorioso
659 642 842 678 confeffori
862 643 992 679 Sancto
1013 643 1147 678 Mirino
1167 649 1201 678 et
1232 644 1438 678 monasterio
1466 644 1581 679 nostro
1610 645 1652 680 de

178 700 312 735 Passeto
329 713 392 747 per
410 700 544 734 nostros
561 698 786 734 nobiliffimos
804 701 1048 746 progenitores
1067 700 1224 740 fundato,
1245 700 1304 735 ubi
1323 700 1474 747 plurima
1491 702 1653 748 progeni-

175 762 293 790 torum
311 755 510 790 nostrorum
530 768 679 803 corpora
696 754 912 802 sepeliuntur
931 761 966 790 et
985 756 1215 801 requiescunt,
1237 762 1271 790 et
1290 756 1334 790 ob
1352 755 1541 803 fingulares
1559 758 1652 791 favo-

176 825 250 846 rem
269 817 304 846 et
321 824 475 846 amorem
494 823 580 858 quos
597 812 752 857 gerimus
771 812 962 846 venerabili
992 812 1028 845 in
1061 812 1196 846 Christo
1228 812 1317 858 patri
1345 811 1505 859 Georgio
1533 813 1657 848 Schaw

177 868 348 902 moderno
366 868 450 902 diffl
481 867 677 902 monasterii
696 867 810 901 abbati
829 867 945 902 nostro
974 866 1166 902 consiliario
1185 868 1341 915 apprime
1360 868 1502 909 dilecto,
1535 882 1575 904 ac
1592 883 1656 916 pro

177 924 272 959 fideli
290 922 453 969 obsequio
470 936 532 970 per
551 923 686 958 dictum
705 923 939 958 venerabilem
960 929 1096 970 patrem
1115 923 1214 958 nobis
1233 925 1449 971 temporibus
1473 926 1657 959 retroactis

177 980 418 1026 multipliciter
436 979 587 1026 prestito,
608 985 643 1014 et
660 980 826 1027 precipue
846 980 889 1014 ob
908 980 1097 1015 virtuosam
1117 980 1362 1015 educationem
1377 986 1412 1016 et
1425 982 1656 1016 nutritionem

178 1034 335 1070 cariffimi
363 1036 478 1070 fratris
508 1035 615 1070 nostri
644 1035 767 1071 Jacobi
798 1036 894 1070 ducis
932 1035 1104 1071 Rofl'enfis
1132 1037 1168 1071 in
1196 1037 1255 1073 sua
1282 1043 1405 1072 tenera
1435 1042 1539 1078 etate,
1576 1037 1655 1072 feci-

178 1105 266 1133 mus,
286 1092 551 1133 infeodavimus,
572 1093 746 1127 ereximus
765 1098 799 1127 et
818 1093 1022 1133 creavimus,
1049 1106 1088 1128 ac
1106 1100 1230 1129 tenore
1247 1094 1415 1141 presentis
1433 1099 1527 1129 carte
1545 1094 1659 1129 nostre

178 1149 333 1189 facimus,
353 1148 582 1189 infeodamus,
604 1149 770 1195 erigimus
785 1155 818 1184 et
837 1162 995 1184 creamus
1013 1150 1132 1184 villam
1152 1150 1195 1184 de
1214 1149 1359 1190 Passet0‚
1374 1151 1552 1198 jacentem
1570 1151 1661 1185 infra

180 1205 461 1239 vicecomitatum
492 1204 647 1239 nostrum
679 1205 722 1240 de
742 1205 925 1245 Reinsteu,
959 1206 1107 1240 liberum
1136 1206 1286 1253 burgum
1304 1206 1341 1240 in
1359 1206 1515 1242 baronia.
1567 1206 1661 1242 Con-

180 1258 337 1295 ceffimus
366 1261 471 1295 etiam
498 1260 632 1295 dietum
658 1260 808 1307 burgum
828 1261 1100 1296 inhabitantibus
1119 1268 1153 1296 et
1171 1263 1207 1296 in
1225 1262 1399 1309 posterum
1418 1262 1662 1298 inhabitaturis

182 1316 320 1363 plenam
351 1321 386 1350 et
412 1316 557 1351 liberam
584 1316 788 1363 potestatem
806 1317 944 1351 emendi
964 1323 998 1351 et
1016 1318 1191 1352 vendendi
1210 1319 1247 1352 in
1265 1318 1336 1365 ipso
1354 1318 1467 1365 burgo
1485 1319 1577 1359 vina,
1611 1331 1663 1352 ce-

183 1386 268 1413 ram,
300 1385 455 1420 pannum
487 1373 629 1408 laneum
658 1379 693 1408 et
722 1373 866 1414 lineum,
899 1374 1053 1420 amplum
1085 1372 1142 1408 seu
1162 1380 1288 1414 artum,
1319 1379 1354 1409 et
1372 1387 1578 1421 quecunque
1597 1375 1663 1408 alia,

182 1430 274 1463 bona
304 1435 339 1464 et
368 1430 596 1464 mercimonia
622 1430 706 1464 illuc
723 1430 946 1465 advenientia
961 1444 970 1472 ;
1000 1443 1078 1464 cum
1097 1430 1264 1477 potestate
1284 1436 1318 1465 et
1335 1431 1496 1465 libertate
1513 1430 1663 1465 habendi

183 1491 218 1520 et
248 1486 392 1520 tenendi
410 1485 539 1520 ibidem
566 1486 719 1533 pistores,
751 1485 965 1526 brafiatores,
998 1486 1176 1520 carnifices
1207 1492 1241 1520 et
1271 1492 1341 1520 tam
1372 1487 1530 1522 carnium
1560 1500 1664 1533 quani

183 1540 326 1588 piscium
344 1541 560 1576 macellarios
579 1548 614 1576 et
632 1543 759 1577 artium
778 1555 1066 1589 quarumcunque
1085 1544 1274 1590 operarios,
1294 1544 1337 1578 ad
1352 1543 1548 1579 libertatem
1563 1544 1664 1591 burgi

185 1599 221 1632 in
239 1597 383 1632 baronia
400 1597 595 1645 spectantes
613 1598 671 1633 seu
690 1599 846 1646 spectare
859 1599 1015 1634 valentes
1029 1599 1293 1645 quomodolibet
1308 1600 1343 1633 in
1357 1600 1527 1634 futurum.
1572 1600 1664 1635 Con-

185 1654 340 1690 ceffimus
371 1656 475 1690 etiam
501 1655 728 1703 burgensibus
746 1662 781 1690 et
800 1655 1071 1690 inhabitantibus
1090 1655 1223 1690 dictum
1242 1656 1393 1703 burgum
1413 1656 1455 1691 de
1476 1655 1609 1691 Passeto
1628 1663 1666 1690 ut

185 1713 221 1745 in
247 1711 319 1758 ipso
345 1711 459 1758 burgo
477 1712 628 1747 habeant
646 1718 681 1747 et
698 1711 891 1759 poffideant
909 1725 1047 1746 crucem
1067 1717 1101 1746 et
1119 1712 1235 1746 sorum
1253 1725 1317 1759 pro
1335 1717 1507 1760 perpetuo
1526 1712 1665 1759 lingulis

187 1768 387 1802 ebdomadis
406 1768 460 1802 die
478 1768 572 1809 lune,
593 1775 628 1803 et
647 1769 731 1803 duas
749 1769 924 1803 nundinas
942 1767 1096 1815 publicas
1114 1767 1270 1814 quolibet
1287 1780 1380 1802 anno
1395 1769 1664 1816 imperpetuum,

190 1836 292 1857 unam
305 1823 467 1858 videlicet
479 1825 515 1858 in
529 1825 585 1859 die
601 1825 721 1860 Sancti
737 1824 861 1859 Mirini
877 1830 911 1859 et
927 1824 1029 1858 aliam
1044 1824 1079 1857 in
1093 1824 1148 1858 die
1164 1823 1468 1865 SanctiMernocL
1485 1825 1665 1860 cumtheo-

189 1880 300 1914 loneis
331 1885 366 1913 et
391 1879 465 1913 aliis
482 1880 699 1915 libertatibus
717 1881 761 1915 ad
778 1880 974 1927 hujusmodi
993 1880 1168 1914 nundinas
1186 1878 1420 1927 spectantibus
1438 1881 1496 1916 seu
1513 1881 1668 1928 spec'tarc

189 1935 386 1970 valentibus
404 1935 440 1969 in
457 1935 626 1970 futurum.
679 1935 888 1970 Tenendam
903 1942 937 1970 et
952 1937 1144 1971 habendam
1161 1937 1330 1984 prefatam
1342 1938 1459 1973 villam
1476 1939 1518 1973 de
1535 1939 1666 1973 Palleto

190 1991 368 2039 perpetuis
393 1991 520 2025 futuris
538 1991 754 2038 temporibus
772 1993 809 2026 in
826 2004 962 2026 merum
982 1998 1016 2026 et
1033 1992 1182 2027 liberum
1202 1993 1352 2039 burgum
1371 1994 1407 2027 in
1425 1994 1569 2028 baronia
1588 2008 1666 2028 cum

190 2047 357 2094 predictis
371 2046 572 2093 privilegiiS‚
587 2047 817 2087 libertatibus,
832 2047 1105 2082 concellionibus
1117 2061 1156 2082 ac
1170 2047 1337 2082 univerfis
1350 2049 1424 2083 aliis
1436 2049 1663 2089 libertatibus,

191 2104 366 2151 proficuiS‚
387 2104 703 2146 commoditatibus,
723 2103 915 2138 afiamentis
931 2110 965 2137 et
977 2103 1076 2150 justis
1090 2104 1311 2150 pertinentiis
1322 2105 1582 2151 quibuscunque
1597 2112 1666 2140 tam

190 2172 262 2194 non
280 2159 468 2193 nominatis
482 2172 586 2205 quam
604 2160 792 2194 nominatis
811 2160 854 2194 ad
873 2160 1023 2205 burgum
1042 2159 1078 2192 in
1096 2159 1241 2193 baronia
1258 2158 1564 2206 spe6tantibus1eu
1577 2162 1667 2209 justae¹

191 2215 347 2263 spectare
361 2215 558 2250 valentibus
575 2215 612 2249 in
630 2215 799 2255 futurum,
817 2221 851 2250 et
865 2215 952 2250 adeo
965 2214 1085 2254 libere,
1106 2215 1233 2260 quiete,
1254 2215 1419 2261 plenarie,
1440 2217 1586 2264 integre,
1607 2219 1667 2252 ho-

192 2271 347 2311 norifice,
372 2270 461 2305 bene
475 2271 560 2306 etin
573 2283 669 2318 pace,
690 2271 725 2304 in
744 2271 905 2306 omnibus
924 2276 958 2304 et
976 2283 1039 2317 per
1058 2270 1175 2304 omnia
1191 2270 1277 2305 licut
1294 2271 1396 2319 burgi
1414 2273 1457 2307 de
1476 2273 1666 2309 Dunferm-

192 2328 285 2374 leyn,
315 2326 523 2373 Newburgh
538 2332 573 2361 et
588 2326 831 2362 Abirbrothok
847 2332 907 2361 aut
923 2326 1046 2371 aliquis
1060 2325 1147 2361 alius
1160 2326 1292 2373 burgus
1303 2328 1340 2362 in
1354 2327 1498 2364 baronia
1509 2329 1545 2364 in
1557 2343 1668 2376 regno
