1839 2652
152 304 223 341 116
552 299 868 337 REGISTRUM
897 299 1235 335 MONASTERII

164 457 272 492 Carta
291 453 453 489 Nicholai
472 453 514 487 de
535 452 729 493 Costentin,
750 452 793 487 de
811 465 882 487 una
899 452 1038 487 cultura
1055 457 1149 487 terre
1168 452 1211 486 de
1231 451 1422 499 Innyrwic.

165 564 404 603 OMNIBUS
432 564 550 599 san6te
578 564 698 598 matris
729 563 868 599 ecclesie
899 564 978 598 filiis
1010 563 1204 599 Nicholaus
1222 563 1265 598 de
1285 563 1466 598 Costentin
1485 562 1639 599 salutem.

165 623 283 658 Sciant
300 620 476 669 presentes
494 626 528 655 et
546 620 655 655 futuri
681 625 751 654 tam
780 620 896 654 clerici
928 633 1031 666 quam
1059 620 1137 654 laici
1168 620 1263 666 quod
1293 632 1358 665 ego
1389 619 1582 654 Nicholaus
1600 620 1642 654 de

165 678 347 713 Costentin
364 677 445 711 dedi
463 682 498 711 et
516 675 661 711 60066111
681 681 715 710 61
744 676 808 710 hac
826 689 904 710 mea
922 682 1017 711 carta
1034 676 1239 711 confirmavi
1258 675 1340 710 Deo
1359 681 1393 710 et
1412 675 1540 710 Sancte
1560 675 1643 710 Mil-

163 735 274 780 burge
293 738 327 767 et
345 732 484 767 66616116
503 732 622 767 Sancti
643 731 768 766 Mirini
787 732 829 766 de
849 731 1006 773 Paffelet,
1035 737 1069 766 et
1098 732 1211 766 Priori
1230 731 1383 778 ejusdem
1411 731 1478 766 loci
1507 737 1542 766 et
1572 745 1644 766 mo-

164 790 283 824 nachis
300 789 337 822 in
356 788 479 823 eodem
497 788 575 822 loco
594 788 675 822 Deo
693 787 922 822 servientibus
951 788 1142 823 secundum
1172 789 1332 822 ordinem
1365 786 1642 828 Cluniacensem‚

164 858 271 880 unam
290 845 464 879 culturam
483 844 526 878 de
544 849 638 878 terra
656 856 733 878 mea
751 844 793 878 (16
813 844 1004 891 Innyrwic,
1024 844 1118 878 illam
1134 843 1261 878 scilicet
1278 857 1345 889 que
1358 843 1453 891 jacet
1467 844 1559 877 inter
1576 848 1644 878 ter-

164 915 239 937 ram
258 902 453 937 eorundem
472 901 724 936 monachorum
743 907 778 936 et
796 906 924 936 terram
946 900 1089 934 Radulfi
1107 900 1150 934 de
1172 899 1278 940 Kent,
1301 899 1406 946 juxta
1435 900 1643 934 cimiterium

166 959 287 994 3611611
307 957 502 997 Michaelis,
531 958 567 991 in
598 963 802 1004 perpetuam
832 955 1063 996 elemofinam,
1092 955 1199 990 libere
1230 960 1265 990 et
1294 956 1410 1001 quiete
1441 961 1475 989 et
1503 955 1644 1002 pacifice

165 1014 354 1049 tenendam
373 1019 407 1048 et
424 1011 661 1060 poffidendam
683 1012 767 1048 ficut
793 1013 907 1059 aliqua
931 1013 1044 1047 abatia
1061 1012 1203 1046 liberius
1234 1017 1268 1046 et
1295 1012 1445 1058 quietius
1462 1017 1559 1046 tenet
1585 1011 1644 1045 ali-

165 1082 269 1116 quam
282 1068 500 1104 elemosinam
515 1067 573 1102 fibi
585 1069 711 1103 datam.
742 1068 822 1103 Hiis
835 1069 985 1110 testibus,
1002 1069 1185 1103 Rodberto
1198 1069 1240 1103 de
1254 1068 1445 1109 0011601111,
1461 1069 1644 1103 Rodberto

166 1126 210 1160 de
230 1125 461 1172 Mungumry,
482 1124 636 1159 Waltero
656 1125 698 1159 de
718 1124 910 1165 Costentin,
932 1125 1091 1159 Roberto
1110 1125 1153 1159 de
1174 1124 1281 1165 Kent,
1303 1124 1421 1159 Alano
1440 1124 1642 1164 camerario,

167 1181 342 1216 Gaufrido
362 1181 404 1215 de
423 1180 615 1220 Costentin,
645 1180 810 1214 1171161010
828 1181 900 1214 filio
922 1181 1106 1221 Rodberti,
1135 1186 1169 1214 et
1187 1180 1305 1214 multis
1323 1180 1408 1221 aliis,
1429 1186 1464 1214 et
1484 1180 1644 1214 Henrico

168 1238 210 1272 de
230 1237 360 1272 5611610
381 1236 552 1277 Μ611100,
573 1241 608 1271 61
629 1236 820 1271 Rodlanno
839 1237 882 1271 de
902 1235 1069 1277 Mernefl',
1091 1235 1255 1270 Wilelmo
1274 1235 1303 1269 F
1305 1236 1450 1270 ranceis.

168 1365 400 1400 Confirmatio
419 1362 637 1398 ecclefiarum
650 1363 692 1398 de
709 1363 888 1410 Innyrwic
902 1368 937 1398 et
952 1362 1151 1411 Legerwod
1162 1375 1225 1410 per
1239 1363 1431 1398 Ricardum
1446 1361 1643 1411 episcopum

169 1421 288 1456 Sancti
309 1420 465 1454 Andree.

170 1516 442 1552 RICARDUS
469 1516 540 1551 Dei
568 1517 680 1563 gratia
698 1516 818 1551 860611
838 1515 984 1550 Andree
1002 1515 1180 1563 episcopus
1199 1517 1359 1551 omnibus
1384 1515 1501 1550 sancite
1528 1516 1646 1550 matris

168 1572 308 1608 ecclesie
325 1573 404 1606 filiis
422 1578 492 1606 tam
511 1572 727 1619 presentibus
745 1585 848 1617 quam
866 1572 991 1606 futuris
1005 1571 1149 1606 salutem
1162 1573 1197 1606 in
1212 1573 1381 1607 Domino.
1435 1572 1556 1606 Sciatis
1569 1584 1646 1618 pre-

168 1629 280 1663 sentes
299 1633 333 1662 et
350 1627 475 1674 posteri
493 1640 567 1667 nos,
596 1628 639 1661 ad
657 1627 950 1674 presentationem
972 1626 1117 1662 Walteri
1135 1628 1197 1662 filii
1216 1629 1325 1663 Alani
1349 1628 1494 1675 dapiferi
1513 1628 1645 1662 domini

171 1684 290 1730 Regis,
311 1683 427 1717 divine
446 1683 597 1717 caritatis
616 1683 756 1723 intuitu,
774 1681 912 1723 dediffe,
930 1681 1123 1718 concefflffe
1142 1689 1176 1718 et
1194 1685 1257 1718 hac
1276 1690 1371 1719 carta
1388 1684 1502 1718 nostra
1520 1684 1645 1718 confir-

170 1738 272 1775 mafl'e
292 1739 373 1773 Deo
393 1744 427 1773 et
446 1739 624 1773 monachis
643 1739 767 1773 domus
797 1739 840 1773 de
871 1737 1018 1774 Pafl'elet
1046 1745 1118 1774 tam
1147 1740 1363 1787 presentibus
1384 1754 1487 1787 quam
1506 1740 1643 1781 futuris,

170 1795 325 1831 ecclefias
344 1795 386 1829 de
407 1795 585 1841 Innyrwic
603 1800 638 1829 et
657 1794 866 1840 Legarwod‚
894 1807 973 1829 611111
1005 1796 1165 1831 omnibus
1189 1796 1288 1843 justis
1311 1796 1532 1844 pertinentiis
1549 1795 1616 1830 suis
1632 1810 1642 1838 3

168 1851 322 1899 ipsosque
352 1851 389 1884 in
420 1850 546 1885 eisdem
577 1849 723 1885 ecclesiis
740 1851 906 1885 canonice
924 1851 1100 1886 instituisse
1118 1852 1291 1900 personas.
1345 1853 1465 1894 Quare
1482 1853 1645 1887 volumus

168 1913 209 1942 ut
228 1908 337 1941 dictas
356 1905 511 1940 ecclesias
528 1906 633 1953 pleno
646 1906 727 1953 jure
745 1912 889 1941 teneant
907 1912 941 1941 et
952 1906 1143 1954 poflideant
1158 1910 1412 1957 imperpetuam
1424 1907 1644 1944 elemofinam

168 1964 212 1998 ad
230 1963 309 1998 usus
326 1962 404 1997 suos
423 1968 457 1997 et
475 1962 757 1997 sustentationem
776 1963 900 1997 domus
917 1962 986 2003 sue,
1015 1977 1078 2010 pro
1098 1965 1240 2012 optione
1258 1965 1318 1999 sua
1335 1966 1372 1999 in
1389 1965 1548 1999 manibus
1565 1977 1644 2012 pro-

170 2020 253 2066 priis
271 2019 327 2053 vel
345 2018 477 2058 alienis,
505 2031 568 2065 per
584 2024 830 2065 procuratores
849 2019 903 2053 vel
930 2019 1111 2061 firmarios,
1140 2021 1188 2055 ita
1217 2021 1324 2056 libere
1356 2027 1391 2056 et
1420 2022 1535 2068 quiete
1561 2020 1646 2056 ficut

171 2075 277 2110 ceteri
295 2075 360 2109 viri
378 2073 526 2120 religioli
545 2075 581 2107 in
607 2073 805 2121 episcopatu
824 2074 943 2109 8611611
964 2075 1110 2111 Andree
1128 2077 1258 2123 aliquas
1277 2077 1432 2113 ecclesias
1450 2078 1592 2112 liberius
1611 2084 1646 2112 et

171 2131 321 2177 quietius
338 2135 462 2164 tenent
481 2135 515 2164 et
533 2128 726 2177 possident3
756 2130 866 2164 Salvis
883 2131 983 2165 nobis
1009 2138 1044 2166 61
1071 2132 1316 2169 succefl'oribus
1334 2135 1457 2169 nostris
1475 2134 1645 2182 episcopa-

172 2187 271 2221 libus.
325 2186 405 2220 Hiis
423 2185 574 2226 testibus,
604 2185 768 2220 VVilelmo
786 2185 909 2221 abbate
937 2187 980 2221 de
1012 2188 1142 2224 5611616
1171 2203 1284 2232 cruce,
1314 2191 1462 2225 Andrea
1479 2190 1645 2224 archidia-

174 2255 263 2277 cono
283 2241 477 2282 Laudonie,
509 2241 668 2276 Roberto
687 2241 794 2277 fratre
809 2242 981 2291 Episcopi,
1002 2244 1127 2279 Anilfo
1146 2246 1290 2287 decano,
1320 2247 1402 2281 Ada
1421 2247 1463 2281 de
1482 2246 1644 2286 Dunbar,

174 2297 320 2344 Nigillo‚
349 2303 384 2331 61
415 2297 633 2338 Alexandro,
653 2298 850 2345 capellanis
877 2299 1038 2345 magistro
1062 2300 1253 2344 Herberto,
1273 2302 1433 2350 magistro
1453 2301 1643 2341 Abraham,

175 2353 337 2390 Galfrido
356 2352 482 2388 clerico
501 2354 544 2388 de
563 2353 763 2400 Tinigham‚
793 2359 827 2389 et
845 2355 963 2390 multis
981 2356 1065 2391 aliis.
