1839 2652
747 263 818 297 DE
846 263 1116 298 PASSELET.
1626 272 1674 306 59

196 410 332 447 Littera
351 413 489 448 Thome
509 414 570 448 filii
589 415 740 461 predicffi
761 415 852 455 Ade,
879 416 921 449 de
943 415 1123 461 Ingliston.

190 524 430 560 OMNIBUS
458 526 583 560 Christi
602 527 761 561 fidelibus
779 527 918 574 presens
936 528 1100 576 scriptum
1113 529 1235 564 visuris
1253 531 1309 565 vel
1327 531 1498 565 audituris
1513 531 1669 567 Thomas

188 581 280 615 filius
299 587 333 615 et
351 582 450 615 heres
471 582 552 616 Ade
571 582 654 616 dieti
675 582 907 629 Carpentarii,
921 584 1063 619 salutem
1076 586 1112 619 in
1125 586 1268 621 domino
1286 586 1542 633 sempiternam.
1595 590 1670 624 No-

189 638 279 672 verit
297 636 499 672 universitas
519 638 629 672 vestra
646 651 703 672 me
722 637 915 673 concessifle
947 646 981 674 et
1009 641 1160 687 presenti
1191 642 1317 689 scripto
1346 656 1425 677 meo
1454 642 1669 679 confirmaffe

187 692 353 739 religiosis
369 694 450 727 viris
469 694 618 728 dominis
642 694 774 729 Abbati
806 701 839 729 et
868 697 1058 730 conventui
1087 698 1129 731 de
1159 696 1316 738 Pass'olet,
1346 699 1440 732 illam
1468 700 1668 746 portionem

188 755 282 783 terre
301 749 343 783 de
364 749 679 796 Haldehingleston
697 764 800 796 quam
819 752 999 798 predffikus
1019 752 1134 786 Adam
1162 759 1261 799 pater
1288 767 1386 788 meus
1404 754 1530 789 eisdem
1549 756 1669 790 vendi-

189 805 250 846 dit,
279 812 314 840 et
332 812 425 840 carta
442 806 501 840 sua
519 807 739 841 confirmavit
755 820 763 841 ε
798 807 1007 841 Tenendam
1026 814 1061 842 et
1079 808 1272 843 habendam
1298 810 1463 856 pre<li6³cis
1484 811 1614 845 Abbati
1633 818 1667 846 et

189 862 379 896 conventui
397 862 668 910 imperpetuum,
696 863 815 904 libere,
835 864 962 909 quiete,
986 864 1139 910 pacifice,
1160 865 1352 899 honorifice
1380 872 1414 900 et
1444 867 1664 908 hereditarie,

189 918 232 952 de
250 931 306 952 me
325 924 359 953 et
376 919 562 953 heredibus
590 920 687 960 meis,
716 933 794 954 cum
824 920 985 954 omnibus
1012 921 1243 966 pertinentiis,
1272 921 1489 956 libertatibus
1516 928 1550 956 et
1576 922 1668 957 ailia-

187 974 325 1014 mentis,
352 973 420 1008 fine
439 975 555 1021 aliquo
574 976 820 1016 retinemento,
855 977 941 1010 adeo
968 976 1075 1010 libere
1101 981 1135 1010 et
1161 977 1278 1022 quiete
1296 976 1380 1012 ficut
1398 982 1493 1012 carta
1518 979 1668 1025 111·οἀἰᾶὶί

189 1030 270 1065 Ade
288 1031 395 1077 patris
414 1031 481 1065 mei
499 1031 601 1078 super
618 1033 778 1078 predieht
795 1033 958 1079 portione
976 1033 1135 1079 p1·edi61:e
1161 1038 1255 1068 terre
1282 1034 1330 1068 eis
1352 1035 1514 1069 confeeta
1530 1035 1667 1081 plenius

188 1092 372 1133 proportat
391 1092 425 1121 et
453 1087 615 1130 testatur,
645 1094 679 1122 et
697 1088 741 1122 ad
759 1089 848 1122 hanc
874 1088 1128 1123 concellionem
1157 1094 1191 1123 et
1220 1090 1523 1124 confirmationem
1554 1104 1666 1125 meam

187 1142 338 1177 fideliter
357 1142 617 1184 observandam,
638 1144 740 1178 taetis
758 1143 981 1178 sacrosanffis
1000 1145 1199 1191 evangeliis,
1221 1146 1402 1193 corporale
1416 1146 1546 1193 prestiti
1560 1146 1667 1182 sacra-

189 1204 359 1233 mentum.
413 1199 578 1233 Preterea
594 1200 675 1234 volo
695 1206 729 1235 et
747 1213 810 1246 pro
830 1213 885 1234 me
904 1206 938 1234 et
956 1201 1142 1235 heredibus
1160 1202 1245 1235 meis
1264 1203 1431 1243 concedo,
1459 1203 1552 1248 quod
1572 1210 1667 1238 carta

188 1267 291 1300 quam
312 1255 354 1289 de
371 1255 531 1301 predie'ca
546 1256 709 1302 portione
727 1262 820 1290 terre
839 1257 960 1296 habeo,
989 1270 1057 1302 quo
1076 1257 1120 1291 ad
1138 1257 1231 1290 illam
1250 1258 1461 1304 portionem,
1488 1259 1530 1293 de
1549 1265 1665 1294 cetero

188 1311 286 1344 irrita
303 1309 342 1344 fit
360 1316 395 1345 et
412 1311 535 1351 inanis,
563 1324 628 1345 nec
646 1312 731 1345 mihi
749 1325 813 1346 nec
831 1313 1016 1347 heredibus
1034 1314 1131 1354 meis,
1151 1327 1216 1348 nec
1234 1314 1335 1348 alicui
1355 1315 1423 1349 alio
1442 1315 1665 1362 imposterum

189 1367 348 1401 valitura.
393 1366 437 1401 In
457 1367 510 1413 cuj
517 1380 554 1401 us
573 1368 623 1401 rei
641 1367 875 1402 testimonium
894 1369 1044 1415 presenti
1063 1369 1187 1417 scripto
1201 1369 1348 1416 sigillum
1368 1383 1483 1405 meum
1500 1372 1664 1419 apposui:

190 1422 270 1457 Hiis
296 1423 445 1464 testibus,
467 1424 610 1457 domino
639 1423 815 1458 Mauricio
847 1426 1027 1472 capellano
1046 1426 1089 1460 de
1117 1425 1274 1467 Paffelet,
1302 1427 1465 1462 Johanne
1484 1428 1527 1462 de
1548 1428 1663 1469 Knoe,

188 1479 349 1513 Roberto
367 1479 440 1513 filio
459 1485 493 1513 et
511 1480 639 1514 herede
658 1480 791 1514 domini
812 1480 960 1515 Roberti
979 1482 1022 1516 de
1042 1482 1264 1529 Cunnygam,
1294 1482 1434 1517 Thoma
1452 1484 1495 1518 de
1519 1484 1662 1526 Fulton,

188 1535 344 1571 Waltero
365 1536 540 1571 Marseall’
559 1543 593 1572 et
611 1537 696 1572 aliis.

186 1705 418 1741 Confirmatio
437 1705 588 1753 ejusdem
607 1719 669 1754 per
690 1706 933 1740 Alexandrum
952 1705 1175 1740 senescallum
1195 1706 1322 1741 Scotie.

185 1816 424 1853 OMNIBUS
453 1818 578 1853 Christi
605 1818 766 1853 fidelibus
791 1817 930 1866 presens
956 1817 1121 1865 scriptum
1139 1818 1262 1853 visuris
1279 1819 1335 1854 vel
1363 1820 1534 1854 audituris
1553 1820 1662 1856 Alex-

183 1873 292 1908 ander
319 1873 523 1908 senescallus
555 1874 670 1908 Scotie
700 1874 844 1909 salutem
871 1875 907 1908 111
936 1875 1091 1909 domino.
1143 1875 1297 1910 Noverit
1323 1875 1525 1911 univerfitas
1551 1877 1661 1912 vestra

183 1941 247 1963 nos
266 1928 459 1964 conceffifl'e
478 1935 512 1964 et
529 1929 679 1977 presenti
697 1930 823 1978 scripto
842 1930 959 1965 nostro
974 1929 1190 1965 confirmaffe
1210 1931 1342 1965 Abbati
1361 1937 1395 1966 et
1413 1933 1601 1967 conventui
1617 1933 1659 1967 de.

184 1983 342 2026 Paffelet,
356 1991 395 2019 ut
413 1986 573 2026 habeant,
592 1992 737 2021 teneant
751 1992 786 2021 et
802 1985 994 2033 poffideant
1007 1987 1217 2021 hereditarie
1234 1987 1328 2020 illam
1347 1987 1548 2033 portionem
1566 1993 1659 2023 terre

183 2053 287 2086 quam
306 2041 423 2075 Adam
451 2042 565 2076 dietus
585 2042 845 2089 Carpentarius,
877 2043 919 2077 de
938 2043 1037 2076 nobis
1061 2048 1096 2077 et
1114 2040 1325 2077 antecefl'ore
1356 2042 1473 2076 nostro
1500 2042 1658 2078 &Valtero

183 2096 275 2130 bone
294 2097 472 2137 memorie,
505 2098 619 2132 tenuit
644 2099 680 2132 in
699 2098 973 2146 Aldhingliston,
1000 2099 1159 2133 vendidit
1177 2104 1212 2133 et
1230 2104 1325 2132 carta
1352 2098 1412 2133 sua
1439 2099 1659 2135 confirmavit

184 2152 454 2198 imperpetuum,
487 2166 565 2186 011111
596 2154 756 2188 omnibus
774 2155 1004 2201 pertinentiis,
1032 2154 1249 2188 libertatibus
1280 2159 1315 2188 et
1344 2153 1560 2196 aifiamentis,
1588 2155 1657 2191 fine

184 2208 302 2254 aliquo
328 2213 582 2250 retenemento,
610 2210 698 2244 adeo
725 2211 853 2256 quiete,
874 2211 993 2250 libere,
1012 2210 1166 2256 pacifice,
1194 2208 1279 2244 ficut
1296 2215 1392 2244 carta
1407 2211 1557 2258 preditffi
1576 2212 1657 2247 Ade

184 2263 311 2298 eisdem
332 2263 462 2298 Abbati
481 2270 515 2298 et
533 2267 721 2300 conventui
739 2265 840 2313 super
859 2267 925 2301 hoc
942 2266 1104 2300 00111οἇ13,
1125 2266 1262 2313 plenius
1279 2266 1316 2300 in
1334 2267 1494 2302 omnibus
1511 2281 1657 2315 propor-

185 2325 236 2354 tat
254 2325 287 2354 et
305 2319 447 2355 testatur
461 2335 471 2364 ;
492 2321 540 2355 ita
557 2326 673 2356 tamen
688 2323 783 2367 quod
796 2321 820 2356 fi
836 2322 982 2357 heredes
994 2322 1144 2368 predffiki
1160 2321 1251 2363 Ade,
1270 2322 1345 2369 post
1359 2321 1529 2359 deceffum
1542 2323 1653 2365 suum,
