1839 2652
751 270 820 306 DE
848 271 1118 308 PASSELET.
1583 282 1649 319 271

173 365 273 412 super
290 365 458 413 premiffis
475 366 552 401 fieri
570 367 711 402 faciatis.
764 368 899 402 Datum
918 368 979 404 sub
997 368 1129 405 secreto
1147 369 1257 417 figillo
1276 371 1392 406 nostro
1420 373 1514 420 apud
1545 374 1654 409 Edin-

171 422 283 469 burgh
302 420 462 457 vicefimo
489 429 615 469 quarto
651 424 707 459 die
738 423 861 459 menfis
893 424 1074 460 Februarii
1103 438 1196 461 anno
1226 428 1326 474 regni
1357 428 1463 463 nostri
1492 429 1652 465 vicefimo

169 479 303 524 quinto.

172 591 376 628 Commiffio
393 594 451 634 &c,
478 593 664 640 justiciarie
682 594 740 628 &c-

167 705 398 741 JACOBUS
426 705 496 740 Dei
513 706 626 752 gratia
654 718 717 740 rex
748 705 934 741 Scotorum
953 706 1114 741 omnibus
1141 707 1259 754 probis
1289 708 1487 743 hominibus
1513 709 1580 745 suis
1606 712 1651 745 ad

166 774 254 808 quos
271 761 447 810 presentes
465 762 581 796 littere
598 761 824 809 pervenerint
842 761 999 796 lalutem.
1052 762 1173 797 Sciatis
1199 764 1294 809 quod
1325 777 1367 798 ex
1399 765 1649 801 deliberatione

168 818 392 853 dominorum
409 818 515 853 nostri
534 817 664 853 confilii
682 818 838 859 fecimus,
867 818 1105 852 constituimus
1123 824 1158 853 et
1185 820 1436 862 ordinavimus,
1468 835 1507 856 ac
1524 828 1647 858 tenore

166 872 379 921 presentium
397 874 552 914 facimus,
573 873 813 908 constituimus
831 879 866 908 et
885 874 1087 909 ordinamus
1107 875 1254 910 dilectos
1277 876 1554 923 consanguineos
1571 878 1649 913 nos-

165 935 240 964 tros
257 929 458 966 Johannem
488 930 652 964 comitem
681 929 841 970 Lennax,
873 929 1076 965 Wilelmum
1106 931 1289 966 dominum
1321 933 1479 980 Sympill,
1507 947 1648 969 necnon

166 986 366 1032 Georgium
385 985 510 1021 Schaw
528 986 571 1020 de
592 986 776 1026 Knokhill,
805 986 1009 1021 lVilelmum
1029 987 1154 1022 Schaw
1182 988 1224 1022 de
1254 988 1459 1035 Thornbeg,
1490 990 1648 1025 Alanum

166 1043 328 1083 Stewart,
355 1042 556 1078 Johannem
575 1042 804 1084 Edmonston‚
834 1048 868 1077 et
888 1042 1086 1078 Robertum
1106 1043 1264 1091 Spreule,
1293 1051 1327 1079 et
1354 1058 1476 1080 eorum
1504 1047 1649 1093 quemli-

165 1100 224 1134 bet
241 1099 460 1146 conjunctim
479 1104 514 1134 et
533 1097 663 1134 divifim
677 1098 885 1146 justiciarios
905 1099 1037 1134 nostros
1054 1100 1091 1134 in
1109 1100 1173 1134 hac
1191 1106 1290 1148 parte
1309 1106 1344 1136 et
1370 1102 1414 1136 ad
1432 1102 1648 1150 infrascripta

165 1155 347 1196 duntaxat,
376 1156 499 1190 dantes
517 1161 552 1190 et
570 1155 802 1190 concedentes
821 1155 923 1190 dictis
935 1155 1132 1203 justiciariis
1150 1156 1273 1191 nostris
1302 1162 1337 1192 et
1363 1171 1486 1193 eorum
1506 1160 1648 1194 cuilibet

166 1212 384 1259 conjumffim
404 1217 438 1246 et
457 1210 588 1246 divifim
606 1211 757 1246 nostram
775 1211 967 1259 plenariam
985 1212 1189 1260 potestatem
1216 1219 1252 1248 et
1278 1214 1483 1249 mandatum
1501 1214 1647 1262 speciale

166 1268 298 1303 curiam
316 1266 376 1303 seu
409 1267 521 1302 curias
545 1267 734 1315 justiciarie
764 1267 855 1302 infra
884 1273 995 1302 terras
1024 1269 1215 1315 regalitatis
1245 1270 1441 1305 monasterii
1472 1271 1578 1306 nostri
1604 1273 1647 1307 de

166 1324 300 1359 Passeto
317 1323 500 1364 statuendi,
514 1323 714 1365 inchoandi,
734 1323 930 1358 affirmandi
949 1329 984 1359 et
1002 1325 1160 1366 tenendi,
1180 1324 1289 1360 sec‘tas
1308 1327 1468 1368 vocandi,
1489 1328 1647 1363 absentes

163 1381 386 1421 amerciandi,
416 1385 451 1415 et
468 1379 620 1427 singulos
638 1385 673 1415 et
691 1392 813 1415 omnes
831 1379 1096 1427 transgreffores
1115 1387 1149 1416 et
1169 1382 1424 1428 delinquentes,
1444 1384 1646 1431 ubicunque

162 1437 254 1471 infra
270 1436 404 1471 bondas
423 1436 598 1471 dictarum
624 1442 799 1471 terrarum
826 1437 1016 1483 regalitatis
1034 1437 1120 1472 dieti
1137 1437 1244 1472 nostri
1270 1439 1468 1474 monasterii
1485 1441 1645 1487 poterint

164 1492 327 1534 inveniri,
355 1492 526 1540 capiendi,
561 1498 596 1527 et
623 1504 688 1540 pro
719 1492 786 1527 suis
816 1493 1023 1534 homicidiis,
1051 1494 1257 1535 murthuris,
1301 1495 1441 1542 rapiniS,
1479 1496 1580 1531 furtis
1608 1503 1642 1532 et

163 1548 239 1583 aliis
257 1548 461 1583 criminibus
491 1553 526 1583 et
556 1548 690 1583 offenfis
707 1561 769 1596 per
787 1548 876 1596 ipsos
906 1550 1114 1596 perpetratis
1146 1551 1376 1591 convocandi,
1409 1551 1591 1587 accusandi
1610 1560 1645 1587 et

158 1604 379 1651 justificandi,
408 1617 447 1640 ac
464 1604 614 1640 barones
632 1610 667 1640 et
684 1605 956 1640 liberetenentes
973 1605 1017 1640 ad
1048 1606 1312 1652 procedendum
1330 1606 1432 1654 super
1451 1609 1645 1644 eorundem

162 1658 272 1695 affisas
289 1661 439 1695 vocandi
457 1666 492 1696 et
510 1661 673 1708 eligendi,
701 1674 741 1695 ac
768 1661 953 1695 officiarios
981 1666 1016 1695 et
1046 1661 1217 1696 ministros
1249 1663 1344 1697 curie
1375 1663 1580 1699 neceffarios
1599 1666 1645 1700 fa—

163 1717 288 1757 ciendi,
317 1717 458 1751 creandi
476 1723 511 1752 et
529 1717 715 1752 ordinandi
734 1723 768 1752 et
781 1717 894 1764 jurari
912 1717 1073 1758 faciendi,
1102 1724 1137 1752 et
1155 1719 1273 1753 omnia
1290 1719 1357 1754 alia
1383 1726 1418 1754 et
1447 1720 1580 1767 lingula
1597 1723 1643 1756 fa-

163 1773 288 1813 ciendi,
316 1773 461 1819 gerendi
481 1779 516 1808 et
533 1774 719 1809 exercendi
737 1787 805 1820 que
822 1774 859 1808 in
876 1771 1044 1821 premiffis
1062 1780 1096 1808 et
1123 1774 1214 1808 circa
1240 1787 1281 1809 ea
1311 1775 1495 1811 necessaria
1514 1778 1644 1814 fuerint

163 1829 221 1864 seu
240 1830 455 1876 quomolibet
474 1836 675 1877 oportuna3
706 1830 838 1865 Ratum
857 1836 892 1865 et
909 1834 1047 1876 gratum
1067 1830 1235 1865 habentes
1254 1837 1288 1866 et
1307 1832 1457 1867 habituri
1477 1840 1590 1869 totum
1609 1843 1644 1871 et

164 1886 328 1932 quicquid
347 1886 432 1920 dicti
450 1885 556 1920 nostri
568 1886 748 1933 justiciarii
766 1892 827 1921 aut
845 1899 967 1921 eorum
985 1887 1108 1932 aliquis
1127 1887 1344 1934 conjunctim
1372 1895 1406 1923 et
1433 1890 1564 1925 divifim
1583 1899 1643 1927 aut

165 1941 216 1976 sui
237 1941 392 1975 officiarii
410 1942 467 1976 vel
484 1941 628 1976 ministri
646 1941 683 1976 in
700 1941 866 1989 premissis
886 1942 976 1989 juste
996 1943 1162 1978 duxerint
1187 1950 1248 1978 aut
1278 1946 1418 1980 duxerit
1434 1947 1643 1983 faciendum.

164 1998 286 2038 Quare
303 1996 470 2032 universis
488 2003 522 2032 et
539 1996 681 2044 fingulis
704 2011 854 2044 quorum
873 1999 1014 2034 interest
1031 1999 1088 2034 vel
1106 1999 1266 2035 interesse
1284 2002 1413 2047 poterit
1432 2002 1548 2038 striae
1566 2017 1642 2050 pre-

163 2054 309 2100 cipimus
328 2058 361 2087 et
380 2053 586 2088 mandamus
603 2059 774 2099 quatenus
793 2054 895 2089 dietis
913 2055 1035 2090 nostris
1046 2055 1242 2103 justiciariis
1272 2058 1309 2091 in
1339 2058 1402 2092 hae
1432 2065 1531 2105 parte
1562 2073 1643 2095 con-

157 2110 313 2156 junctim
332 2114 368 2143 et
385 2108 516 2143 divifim
534 2110 571 2144 in
589 2110 750 2145 omnibus
769 2117 803 2145 et
821 2109 959 2157 fingulis
976 2110 1137 2158 premifl'a
1154 2113 1379 2158 tangentibus
1409 2121 1571 2162 prompte
1590 2129 1643 2151 re·-

163 2164 367 2213 spondeant,
397 2171 542 2212 pareant
560 2171 595 2200 et
612 2166 808 2207 intendant,
836 2166 896 2201 sub
924 2168 1019 2201 omni
1038 2180 1129 2214 pena
1146 2181 1213 2213 que
1232 2175 1432 2216 competere
1449 2173 1579 2217 poterit
1605 2174 1641 2207 in

163 2223 227 2257 hac
244 2228 343 2270 parte
359 2236 368 2265 3
397 2220 614 2269 presentibus
631 2234 696 2269 pro
715 2222 829 2256 nostra
846 2223 1028 2257 voluntate
1048 2224 1083 2257 in
1101 2223 1161 2257 suo
1180 2224 1308 2259 robore
1327 2225 1514 2262 duraturis.
1569 2228 1641 2272 Da-

163 2285 238 2313 tum
257 2278 317 2312 sub
335 2277 531 2312 testimonio
550 2278 667 2324 magni
684 2276 783 2324 figilli
801 2277 907 2312 nostri
925 2279 1017 2326 apud
1038 2279 1145 2314 Perth
1164 2278 1322 2315 vicefimo
1337 2288 1461 2327 quarto
1476 2283 1532 2325 die
1546 2297 1642 2319 men-

165 2333 203 2368 fis
221 2334 434 2369 Novembris
451 2346 545 2369 anno
563 2334 663 2381 regni
681 2333 786 2368 nostri
805 2335 928 2381 primo.
