1839 2652
221 302 290 333 :2322
623 293 937 330 REGISTRUM
965 292 1302 331 MONASTERII

221 395 330 429 libere
343 398 377 427 et
391 392 505 438 quiete
524 390 656 425 tenebit
672 405 682 433 ;
711 396 745 425 et
761 390 785 424 fi
802 390 907 424 vitam
928 388 1022 423 suam
1040 394 1177 422 mutare
1191 388 1354 429 voluerit,
1375 389 1524 436 predi6'd
1542 391 1703 425 monachi

224 462 304 484 eum
322 447 532 482 monachum
546 446 684 486 facient,
705 451 740 480 et
756 451 842 480 tunc
859 445 916 479 vel
934 445 970 478 in
987 449 1100 478 morte
1119 444 1193 491 ejus
1210 442 1233 477 fi
1251 442 1375 490 absque
1391 444 1510 479 habitu
1525 445 1703 492 religionis

225 505 359 544 obierit,
380 503 624 550 prenominata
642 501 781 536 ecclefia
795 501 973 535 monachis
991 500 1034 534 de
1054 498 1201 534 Paffelet
1219 512 1297 534 cum
1318 500 1479 535 omnibus
1493 502 1704 548 appendiciis

222 560 288 594 suis
306 560 414 594 libera
432 564 466 593 et
483 558 600 604 quieta
617 557 822 592 remanebit.
875 556 919 590 In
937 555 1178 602 recognitione
1195 568 1280 590 vero
1298 556 1401 602 hujus
1427 556 1611 591 elemofine
1628 571 1704 604 pre-

224 616 338 650 difims
368 615 549 650 Johannes
581 613 674 647 dabit
705 613 884 647 annuatim
915 612 1056 659 prefatis
1087 611 1265 645 monachis
1296 617 1367 646 tres
1393 617 1592 647 nummatas
1610 613 1703 647 ferri.

225 671 304 705 Hiis
323 670 472 710 testibus,
494 669 651 703 Waltero
670 669 743 703 filio
763 669 882 708 Alani,
905 668 1064 702 Roberto
1083 667 1263 714 capellano
1282 667 1325 702 de
1346 667 1495 708 Renfw,
1522 674 1557 703 et
1575 668 1705 703 Nieho-

223 728 290 761 laio
309 727 380 760 filio
400 726 484 774 ejrm,
518 725 616 759 Luca
634 724 814 772 capellano
842 724 884 758 de
916 721 1073 763 Paffelet,
1108 723 1263 757 Radulfo
1283 723 1325 758 de
1347 723 1454 764 Kent,
1485 724 1642 759 WValtero
1662 726 1704 759 de

226 783 418 822 Costinten‚
442 781 629 816 Nicholaio
650 781 692 815 de
713 780 905 819 Costinten,
938 779 1081 825 Nigello
1110 779 1153 813 de
1182 778 1374 819 Costinten,
1410 779 1564 814 Radulfo
1584 781 1626 815 de
1647 780 1704 814 In-

224 838 306 879 sula,
329 838 484 872 Radulfo
501 842 656 884 portore,
680 836 878 883 Raginaldo
897 846 995 875 coco,
1016 840 1049 869 et
1068 835 1142 869 aliis
1160 835 1290 869 multis.

227 1006 458 1041 Confirmatio
477 1004 614 1040 ecclesie
634 1005 676 1039 de
696 1004 838 1051 Cragyn
855 1016 918 1051 per
937 1004 1111 1038 Thomam
1131 1004 1173 1038 de
1193 1003 1346 1051 Cragyn.

228 1118 466 1154 OMNIBUS
486 1117 611 1152 Christi
629 1117 788 1151 fidelibus
807 1115 946 1163 presens
964 1115 1127 1163 scriptum
1146 1115 1267 1150 visuris
1285 1116 1341 1149 vel
1360 1116 1530 1151 audituris
1549 1117 1704 1152 Thomas

226 1175 268 1209 de
288 1174 430 1220 Cragyn
457 1174 548 1208 filius
567 1178 601 1207 et
619 1173 718 1207 heres
736 1172 759 1208 J
762 1172 899 1206 ohanne
921 1171 1016 1206 Hose
1033 1170 1179 1205 salutem
1206 1171 1242 1205 in
1269 1171 1428 1206 Domino
1446 1171 1701 1219 sempiternam.

226 1230 378 1264 Noverit
394 1227 598 1263 universitas
616 1228 725 1262 vestra
744 1241 809 1268 me,
839 1228 955 1262 divine
983 1228 1134 1261 caritatis
1153 1228 1295 1268 intuitu,
1328 1233 1362 1262 et
1380 1240 1444 1276 pro
1463 1227 1571 1263 salute
1590 1230 1704 1263 anime

225 1299 313 1325 mee,
334 1284 585 1319 antecessorum
604 1297 763 1318 meorum
784 1289 818 1317 et
835 1282 1075 1322 sut-celsorum,
1096 1281 1288 1317 conceffiffe
1308 1289 1341 1317 et
1359 1282 1509 1330 presenti
1523 1290 1617 1318 carta
1628 1297 1705 1319 mea

226 1339 441 1375 oonfirmaffe
460 1340 541 1374 Deo
561 1346 595 1374 et
614 1340 749 1374 Sanetis
779 1339 912 1374 Jacobo
931 1345 966 1373 et
985 1338 1120 1373 Mirino
1139 1339 1182 1373 de
1203 1338 1349 1373 Paffelet
1368 1345 1402 1374 et
1422 1339 1552 1374 Abbati
1571 1346 1606 1374 et
1625 1353 1704 1374 con-

226 1398 347 1431 ventui
367 1395 517 1443 ejusdem
537 1396 615 1435 loch
648 1395 874 1429 donationem
900 1394 994 1428 illam
1021 1407 1122 1440 quam
1152 1395 1328 1440 quondam
1348 1396 1509 1430 dominus
1529 1396 1704 1431 VValterus

227 1452 323 1486 Hose.
342 1465 445 1486 verus
464 1452 625 1486 dominus
654 1456 688 1485 et
716 1456 884 1498 patronus
903 1449 1041 1485 ecclefie
1072 1451 1114 1485 de
1147 1451 1288 1498 Cragyn
1315 1452 1407 1492 fecit,
1441 1452 1537 1486 dedit
1556 1458 1589 1486 et
1611 1460 1705 1487 carta

225 1508 284 1542 sua
302 1508 521 1542 confirmavit
546 1507 797 1554 prenominatis
823 1506 901 1540 loco
933 1512 967 1540 et
997 1507 1185 1546 monachis,
1219 1506 1321 1554 super
1348 1507 1535 1542 collatione
1566 1507 1703 1542 ecclesie

223 1564 381 1610 predi6³ce
401 1576 479 1597 cum
498 1562 717 1609 pertinentiis
735 1561 811 1602 suis,
832 1562 867 1595 in
886 1562 1040 1602 liberam,
1062 1575 1185 1609 puram
1204 1568 1238 1597 et
1256 1568 1459 1610 perpetuam
1480 1562 1701 1599 elemofinam

225 1621 272 1653 eis
290 1620 442 1653 tenende
461 1626 495 1653 et
514 1618 682 1652 habende.
736 1618 855 1659 Quare
874 1618 955 1652 volo
974 1624 1008 1652 et
1026 1631 1090 1665 pro
1108 1631 1164 1652 me
1183 1624 1217 1652 et
1235 1619 1421 1653 heredibus
1444 1620 1528 1653 meis
1547 1621 1702 1654 concedo

225 1682 259 1709 et
290 1675 439 1722 presenti
467 1674 592 1721 scripto
623 1687 701 1708 meo
730 1673 900 1708 confirmo
930 1674 1025 1719 quod
1042 1675 1276 1721 prenominati
1297 1675 1416 1709 Abbas
1443 1681 1477 1709 et
1509 1683 1702 1710 conventus

223 1731 384 1771 habeant,
411 1736 554 1765 teneant
573 1735 608 1764 et
625 1727 815 1776 poffideant
834 1729 1026 1775 medietam
1046 1729 1219 1764 ecclesiam
1240 1743 1319 1764 cum
1338 1730 1498 1765 omnibus
1524 1732 1702 1777 pertinen-

226 1788 291 1827 tiis,
324 1786 540 1821 libertatibus
558 1792 592 1820 et
612 1784 782 1819 alimentis
800 1784 877 1825 suis,
909 1784 978 1819 fine
1007 1786 1102 1819 omni
1132 1786 1406 1832 perturbatione,
1426 1788 1628 1832 gravamine
1646 1789 1701 1822 vel

227 1842 381 1877 molestia
411 1844 681 1890 imperpetuum,
709 1847 780 1875 tam
799 1854 843 1875 ex
860 1839 1076 1875 conceflione
1105 1854 1182 1875 mea
1201 1847 1234 1875 et
1253 1842 1518 1877 confirmatione
1538 1856 1639 1889 quam
1659 1857 1702 1878 ex

227 1900 414 1934 collatione
428 1898 578 1945 predififi
594 1898 726 1931 domini
742 1896 900 1937 lValteri,
921 1897 956 1930 in
970 1896 1125 1937 liberam,
1145 1910 1268 1944 puram
1284 1903 1318 1931 et
1331 1903 1536 1944 perpetuam
1551 1899 1701 1933 elemofi-

228 1969 319 1996 nam,
340 1956 427 1989 adeo
445 1955 564 1994 libere,
585 1954 712 2000 quiete,
731 1953 899 2000 plenarie,
918 1952 1110 1986 honorifice
1128 1958 1162 1987 et
1180 1953 1321 1999 pacifice
1339 1952 1423 1988 ficut
1441 1959 1535 1988 carta
1551 1955 1700 2001 prediefi

226 2012 400 2057 quondam
421 2010 553 2044 domini
573 2009 720 2043 Walteri
750 2008 844 2043 Hose
871 2007 997 2042 eisdem
1029 2008 1159 2042 Abbati
1190 2014 1225 2043 et
1257 2010 1445 2044 conventui
1476 2008 1577 2057 super
1607 2011 1702 2046 ἀίἇῒει

226 2066 365 2102 ecclefia
383 2066 543 2101 confes&
559 2064 696 2112 plenius
713 2070 896 2112 proportat
924 2070 958 2098 et
988 2063 1141 2098 testatur.
1194 2065 1239 2098 In
1270 2065 1367 2112 cujus
1386 2066 1436 2099 rei
1454 2065 1697 2106 testimonium,

226 2124 306 2169 quia
322 2122 469 2169 figillum
486 2134 604 2156 meum
622 2133 694 2155 non
725 2120 772 2155 est
800 2120 1026 2160 autenticum,
1059 2121 1171 2166 gratia
1200 2121 1340 2168 majoris
1366 2121 1562 2161 testimonii,
1590 2120 1697 2168 figillo

229 2180 359 2212 domini
379 2177 576 2213 Alexandri
599 2176 774 2212 senescalli
801 2176 916 2211 Scotie
935 2175 1074 2223 presens
1100 2176 1264 2223 scriptum
1295 2177 1338 2211 ad
1366 2176 1558 2211 instantiam
1585 2189 1697 2211 meam

226 2247 297 2267 una
314 2247 392 2268 cum
410 2232 519 2280 sigillo
538 2246 616 2268 meo
642 2233 708 2267 feci
733 2232 901 2267 roborari.
954 2232 1035 2266 Hiis
1061 2232 1210 2273 testibus,
1242 2233 1384 2267 domino
1404 2233 1561 2267 VValtero
1581 2232 1697 2267 Senes-

227 2289 315 2323 callo
342 2289 467 2323 comite
486 2290 528 2323 de
549 2289 725 2329 Menteth,
754 2288 896 2322 domino
923 2288 1074 2335 Symone
1101 2289 1230 2323 vicario
1261 2289 1303 2322 de
1331 2288 1522 2335 Innerkyp,
1555 2288 1696 2321 domino

228 2344 346 2379 David
365 2345 542 2390 capellano
562 2345 604 2379 de
625 2345 736 2390 Nigra
761 2345 850 2385 aula,
883 2345 1025 2379 domino
1055 2343 1229 2378 Mauricio
1258 2344 1438 2390 capellano
1467 2344 1509 2377 de
1539 2340 1693 2382 Paffelet,
