1870 2683
199 274 270 306 402
598 271 912 306 REGISTRUM
942 272 1280 309 MONASTERII

204 368 286 404 Deo
305 375 339 404 et
357 368 455 402 beate
475 366 591 401 Marie
610 371 644 401 et
662 367 865 401 Conventui
893 368 936 402 de
956 368 1060 408 Sixle‚
1088 382 1150 415 per
1167 368 1429 416 assignationem
1456 373 1587 408 domini
1606 377 1674 410 mei

205 425 337 459 domini
357 423 503 458 WValteri
520 422 582 456 filii
602 422 710 456 Alani
737 423 870 457 domini
902 423 1010 470 Regis
1041 424 1157 459 Scotie
1184 426 1368 467 senescalli,
1396 428 1441 462 ad
1469 428 1672 466 solvendum

204 479 329 515 eisdem
348 480 528 514 annuatim
546 478 722 513 redditum
740 479 847 513 trium
865 492 1061 515 marcarum
1079 482 1123 516 ad
1152 482 1240 516 duos
1257 484 1340 517 anni
1359 485 1526 520 terminos
1543 486 1670 522 scilicet

204 536 425 570 medietatem
443 535 486 570 ad
505 534 625 569 festum
646 534 864 570 Pentecostes
894 541 930 570 et
959 537 1181 572 medietatem
1213 539 1256 572 ad
1286 539 1407 574 festum
1439 541 1558 576 Sancti
1578 541 1675 577 Mar-

202 593 289 635 tini;
317 605 421 639 quem
439 592 531 626 idem
550 591 712 626 dominus
730 605 828 626 meus
846 592 894 626 eis
911 593 947 627 in
965 605 1088 640 puram
1107 599 1142 628 et
1160 600 1364 640 perpetuam
1377 596 1597 633 elemofinam
1611 613 1675 646 pro

202 651 309 685 salute
326 651 440 684 anime
458 648 517 684 sue
536 655 569 684 et
587 650 730 684 suorum
759 662 822 696 per
840 654 971 683 cartam
991 648 1085 683 suam
1104 650 1254 684 contulit
1272 650 1314 685 de
1332 652 1473 687 redditu
1491 652 1551 688 suo
1569 668 1672 700 quem

202 720 267 753 ego
286 712 320 740 et
338 706 483 740 heredes
500 705 568 740 mei
587 704 637 738 illi
668 710 702 739 et
729 704 915 739 heredibus
932 704 1000 739 suis
1029 707 1210 740 annuatim
1228 706 1361 742 solvere
1379 709 1591 745 tenebantur
1608 725 1674 759 pro

200 769 295 798 terra
312 775 415 809 quam
434 762 525 796 idem
545 761 707 795 dominus
725 773 823 795 meus
842 761 926 795 mihi
944 767 979 795 et
996 761 1181 796 heredibus
1203 763 1288 797 meis
1307 764 1349 798 de
1367 764 1400 799 se
1427 770 1462 799 et
1488 766 1674 804 heredibus

201 819 268 854 suis
284 819 493 854 hereditarie
511 818 701 853 tenendam
718 829 781 865 per
799 822 929 852 cartam
946 817 1042 852 suam
1060 818 1220 859 contulit,
1250 832 1354 865 quam
1372 820 1476 856 etiam
1497 822 1675 860 Henricus

202 874 369 910 VValenfis
385 875 564 921 quondam
580 874 706 909 tenuit.
758 873 806 908 Et
823 874 866 908 ad
884 873 987 920 hujus
1005 874 1056 908 rei
1074 874 1241 921 majorem
1266 874 1498 918 securitatem,
1519 879 1566 913 eis
1586 880 1676 916 hanc

202 938 331 967 cartam
352 944 463 966 meam
482 930 581 977 sigilli
598 931 667 965 mei
685 928 897 977 appositione
916 931 1086 965 munitam
1115 931 1260 966 contuli.
1328 932 1409 967 Hiis
1427 934 1577 975 testibus,
1599 936 1673 971 Do-

201 989 297 1022 mino
317 988 398 1022 Ada
415 987 537 1021 abbate
556 987 599 1021 de
619 986 766 1026 Melros,
801 985 957 1032 Hugone
976 985 1155 1034 suppriore
1174 987 1209 1021 in
1227 988 1348 1022 eadem
1377 989 1494 1030 domo,
1528 991 1673 1038 Rogero

199 1046 272 1080 filio
286 1045 390 1092 Glay,
413 1045 584 1085 Hectore,
604 1044 627 1080 J
630 1044 767 1078 ohanne
782 1043 824 1078 de
840 1043 1153 1089 Montegummeri,
1175 1044 1352 1085 militibus,
1374 1045 1546 1087 Wilelmo,
1564 1047 1672 1089 Luca,

201 1102 371 1142 Roberto,
392 1101 589 1148 capellanis,
611 1100 804 1135 Malcolmo
823 1100 896 1134 filio
917 1099 1134 1146 Maldoveny
1152 1100 1287 1134 comitis
1305 1101 1347 1135 de
1361 1100 1539 1144 Levenax,
1558 1103 1676 1140 Wilel-

199 1171 256 1193 mo
275 1159 318 1193 de
338 1158 521 1204 Pertheyc,
555 1156 715 1191 Roberto
734 1157 777 1191 de
796 1155 990 1203 Eglelham,
1025 1155 1144 1190 Alano
1163 1155 1206 1190 de
1226 1155 1507 1204 Wynelingham,
1528 1160 1673 1203 clericis,

200 1214 364 1249 Wilelmo
385 1214 501 1254 Scoto,
522 1218 556 1247 et
574 1212 659 1246 aliis.

200 1383 307 1417 Carta
317 1382 592 1417 confirmationis
606 1381 739 1415 domini
747 1380 943 1415 Alexandri
958 1381 1048 1427 regis
1055 1380 1170 1416 Scotie
1184 1381 1286 1429 super
1298 1382 1400 1418 dict-is
1413 1383 1524 1419 tribus
1538 1387 1674 1422 marcis.

200 1494 532 1529 ALEXANDER
552 1493 623 1528 Dei
640 1494 753 1540 gratia
769 1506 833 1527 rex
851 1493 1050 1527 Scottorum
1071 1493 1233 1528 omnibus
1260 1494 1377 1541 probis
1409 1496 1606 1532 hominibus
1624 1503 1678 1533 to-

197 1552 265 1585 tius
283 1557 376 1586 terre
394 1550 452 1585 sue
471 1550 604 1584 clericis
622 1555 657 1584 et
675 1550 768 1584 laicis
787 1550 942 1584 salutem.
995 1549 1112 1584 Sciant
1129 1549 1305 1596 presentes
1324 1557 1359 1586 et
1376 1552 1486 1587 futuri
1511 1565 1576 1587 nos
1594 1566 1676 1589 con-

198 1606 322 1642 ceffiffe
352 1613 387 1641 et
417 1607 480 1640 hac
500 1612 596 1640 carta
612 1605 727 1640 nostra
753 1603 967 1640 confirmaffe
994 1605 1221 1640 donationem
1251 1606 1348 1641 illam
1377 1620 1479 1653 quam
1501 1608 1676 1645 Walterus

198 1663 289 1697 filius
308 1663 416 1697 Alani
434 1662 638 1697 senescallus
655 1661 769 1696 noster
787 1662 869 1696 fecit
894 1661 976 1696 Deo
1007 1667 1042 1696 et
1071 1661 1170 1696 beate
1202 1661 1318 1697 Marie
1346 1669 1381 1698 et
1413 1666 1604 1700 conventui
1633 1667 1676 1701 de

199 1720 315 1767 Syxle,
346 1720 389 1754 de
406 1719 517 1753 tribus
535 1719 658 1753 marcis
676 1719 799 1753 annuis
817 1718 1049 1765 percipiendis
1066 1730 1129 1765 per
1147 1731 1270 1753 manus
1290 1719 1371 1754 Ade
1403 1720 1445 1755 de
1464 1719 1556 1755 Neff
1566 1727 1602 1756 et
1618 1722 1677 1757 he-

197 1776 322 1811 redum
340 1776 483 1810 suorum
511 1775 554 1809 de
584 1780 680 1810 terra
696 1787 800 1821 quam
820 1774 999 1809 Henricus
1019 1773 1184 1808 VValenfis
1210 1775 1387 1820 quondam
1414 1777 1539 1817 tenuit,
1571 1791 1676 1823 quam

199 1832 339 1878 quidem
370 1837 499 1866 terram
519 1831 634 1865 dictus
654 1830 869 1865 Senescallus
886 1830 980 1865 dicte
1000 1830 1081 1864 Ade
1113 1836 1148 1865 et
1176 1830 1361 1865 heredibus
1391 1830 1458 1866 suis
1488 1833 1677 1868 tenendam

197 1889 406 1923 hereditarie
431 1901 495 1935 per
522 1893 653 1922 cartam
671 1886 765 1921 suain
792 1886 951 1921 contulit.
1005 1885 1203 1933 Affignavit
1234 1887 1337 1921 etiam
1365 1888 1480 1923 dicius
1500 1888 1676 1924 lValterus

196 1943 399 1979 senescallus
417 1944 617 1990 predictum
638 1943 755 1978 Adam
774 1948 808 1977 et
825 1943 971 1977 heredes
989 1942 1067 1977 suos
1084 1943 1245 1990 predicto
1273 1944 1463 1979 conventui
1494 1944 1536 1979 de
1572 1945 1676 1992 Syxle

198 2001 241 2035 ad
258 2001 458 2048 predictum
477 2000 653 2034 redditum
672 2000 779 2034 trium
798 2011 993 2034 marcarum
1020 1999 1202 2033 annuatim
1231 1999 1276 2034 ad
1306 1999 1395 2033 duos
1419 2001 1590 2035 terminos
1615 2001 1678 2036 im-

196 2062 406 2104 perpetuum
423 2056 640 2097 solvendum,
670 2055 798 2090 scilicet
816 2055 1039 2090 medietatem
1065 2055 1110 2089 ad
1133 2054 1256 2090 festum
1285 2055 1503 2091 Pentecostes
1521 2061 1556 2091 et
1574 2056 1676 2092 aliam

196 2113 419 2147 medietatem
438 2113 483 2146 ad
500 2112 622 2146 festum
641 2111 761 2146 Sancti
782 2111 953 2154 Martini;
981 2112 1257 2158 percipiendum,
1284 2112 1478 2146 tenendum
1497 2118 1531 2147 et
1548 2112 1676 2148 haben-

198 2168 281 2202 dum
299 2169 346 2202 ita
364 2169 472 2203 libere
492 2174 525 2203 et
544 2169 671 2214 quiete,
702 2167 856 2215 plenarie
875 2173 910 2202 et
927 2168 1120 2202 honorifice
1137 2166 1222 2202 ficut
1239 2172 1334 2202 carta
1358 2168 1509 2214 predicti
1529 2167 1675 2204 lValteri

197 2223 258 2256 filii
279 2224 386 2257 Alani
404 2225 564 2271 predicto
591 2224 780 2258 conventui
807 2223 889 2257 inde
919 2223 1080 2258 confeffihz
1101 2223 1190 2270 juste
1218 2223 1372 2264 testatur,
1403 2223 1507 2259 Salvo
1536 2224 1674 2260 servitio

196 2279 312 2313 nostro
332 2280 373 2314 de
391 2280 550 2326 predicta
567 2286 672 2314 terra.
726 2279 896 2320 Testibus‚
916 2279 1076 2326 magistro
1098 2279 1245 2314 Matheo
1264 2279 1482 2320 cancellario,
1517 2279 1674 2314 VValtero

197 2334 337 2369 Olifard
362 2335 551 2382 justiciario
582 2336 779 2377 Laudonie,
800 2335 951 2370 Patricio
978 2336 1050 2370 filio
1078 2335 1236 2377 Comitis,
1264 2336 1409 2382 Rogero
1437 2336 1479 2370 de
1508 2335 1670 2383 Mubray,
