<?xml version="1.0" encoding="UTF-8"?>
<!DOCTYPE html PUBLIC "-//W3C//DTD XHTML 1.0 Transitional//EN"
    "http://www.w3.org/TR/xhtml1/DTD/xhtml1-transitional.dtd">
<html xmlns="http://www.w3.org/1999/xhtml" xml:lang="en" lang="en">
 <head>
  <title>
</title>
<meta http-equiv="Content-Type" content="text/html;charset=utf-8" />
  <meta name='ocr-system' content='tesseract 3.04.00' />
  <meta name='ocr-capabilities' content='ocr_page ocr_carea ocr_par ocr_line ocrx_word'/>
</head>
<body>
  <div class='ocr_page' id='page_1' title='image "./registrummonaste00mait_0100.png"; bbox 0 0 1839 2652; ppageno 0'>
   <div class='ocr_carea' id='block_1_1' title="bbox 200 277 1283 320">
    <p class='ocr_par' dir='ltr' id='par_1_1' title="bbox 200 277 1283 320">
     <span class='ocr_line' id='line_1_1' title="bbox 200 277 1283 320; baseline -0.009 0"><span class='ocrx_word' id='word_1_1' title='bbox 200 290 248 320; x_wconf 63' lang='lat'>40</span> <span class='ocrx_word' id='word_1_2' title='bbox 602 278 916 317; x_wconf 88' lang='lat' dir='ltr'>REGISTRUM</span> <span class='ocrx_word' id='word_1_3' title='bbox 944 277 1283 313; x_wconf 87' lang='lat' dir='ltr'><strong>MONASTERII</strong></span> 
     </span>
    </p>
   </div>
   <div class='ocr_carea' id='block_1_2' title="bbox 206 373 1686 2387">
    <p class='ocr_par' dir='ltr' id='par_1_2' title="bbox 206 373 1686 2387">
     <span class='ocr_line' id='line_1_2' title="bbox 206 373 1685 425; baseline -0.003 -9"><span class='ocrx_word' id='word_1_4' title='bbox 206 382 345 416; x_wconf 81' lang='lat' dir='ltr'>tertiam</span> <span class='ocrx_word' id='word_1_5' title='bbox 364 380 419 415; x_wconf 88' lang='lat' dir='ltr'>vel</span> <span class='ocrx_word' id='word_1_6' title='bbox 437 384 596 425; x_wconf 76' lang='lat' dir='ltr'>quartam</span> <span class='ocrx_word' id='word_1_7' title='bbox 615 379 742 412; x_wconf 89' lang='lat' dir='ltr'>dietam</span> <span class='ocrx_word' id='word_1_8' title='bbox 761 376 884 422; x_wconf 84' lang='lat' dir='ltr'>aliquis</span> <span class='ocrx_word' id='word_1_9' title='bbox 903 380 1003 409; x_wconf 86' lang='lat' dir='ltr'>extra</span> <span class='ocrx_word' id='word_1_10' title='bbox 1022 374 1117 407; x_wconf 80' lang='lat' dir='ltr'>suam</span> <span class='ocrx_word' id='word_1_11' title='bbox 1144 374 1321 407; x_wconf 85' lang='lat' dir='ltr'>civitatem</span> <span class='ocrx_word' id='word_1_12' title='bbox 1352 378 1387 407; x_wconf 90' lang='lat' dir='ltr'>et</span> <span class='ocrx_word' id='word_1_13' title='bbox 1417 373 1587 409; x_wconf 82' lang='lat' dir='ltr'>diocesem</span> <span class='ocrx_word' id='word_1_14' title='bbox 1606 388 1685 411; x_wconf 86' lang='lat' dir='ltr'>auc-</span> 
     </span>
     <span class='ocr_line' id='line_1_3' title="bbox 208 428 1686 483; baseline -0.001 -15"><span class='ocrx_word' id='word_1_15' title='bbox 208 439 349 472; x_wconf 80' lang='lat' dir='ltr'>toritate</span> <span class='ocrx_word' id='word_1_16' title='bbox 379 434 591 483; x_wconf 86' lang='lat' dir='ltr'>presentium</span> <span class='ocrx_word' id='word_1_17' title='bbox 610 447 683 468; x_wconf 88' lang='lat' dir='ltr'>non</span> <span class='ocrx_word' id='word_1_18' title='bbox 702 433 872 472; x_wconf 90' lang='lat' dir='ltr'>trahatur,</span> <span class='ocrx_word' id='word_1_19' title='bbox 901 443 1005 476; x_wconf 88' lang='lat' dir='ltr'>quam</span> <span class='ocrx_word' id='word_1_20' title='bbox 1036 429 1111 463; x_wconf 89' lang='lat' dir='ltr'>aliis</span> <span class='ocrx_word' id='word_1_21' title='bbox 1141 428 1405 475; x_wconf 84' lang='lat' dir='ltr'>quibuscunque</span> <span class='ocrx_word' id='word_1_22' title='bbox 1435 430 1686 466; x_wconf 89' lang='lat' dir='ltr'>constitutioni-</span> 
     </span>
     <span class='ocr_line' id='line_1_4' title="bbox 210 484 1686 539; baseline -0.003 -12"><span class='ocrx_word' id='word_1_23' title='bbox 210 494 273 527; x_wconf 91' lang='lat' dir='ltr'>bus</span> <span class='ocrx_word' id='word_1_24' title='bbox 301 506 321 526; x_wconf 87' lang='lat' dir='ltr'>a</span> <span class='ocrx_word' id='word_1_25' title='bbox 345 489 642 539; x_wconf 75' lang='lat' dir='ltr'>predecessoribus</span> <span class='ocrx_word' id='word_1_26' title='bbox 668 488 790 523; x_wconf 86' lang='lat' dir='ltr'>nostris</span> <span class='ocrx_word' id='word_1_27' title='bbox 816 486 986 521; x_wconf 85' lang='lat' dir='ltr'>Romanis</span> <span class='ocrx_word' id='word_1_28' title='bbox 1012 485 1244 533; x_wconf 83' lang='lat' dir='ltr'>pontificibus,</span> <span class='ocrx_word' id='word_1_29' title='bbox 1273 490 1346 519; x_wconf 83' lang='lat' dir='ltr'>tam</span> <span class='ocrx_word' id='word_1_30' title='bbox 1372 484 1415 519; x_wconf 89' lang='lat' dir='ltr'>de</span> <span class='ocrx_word' id='word_1_31' title='bbox 1435 485 1611 532; x_wconf 86' lang='lat' dir='ltr'>judicibus</span> <span class='ocrx_word' id='word_1_32' title='bbox 1630 489 1686 523; x_wconf 88' lang='lat' dir='ltr'>de-</span> 
     </span>
     <span class='ocr_line' id='line_1_5' title="bbox 208 541 1685 595; baseline -0.007 -12"><span class='ocrx_word' id='word_1_33' title='bbox 208 549 331 595; x_wconf 76' lang='lat' dir='ltr'>legatis</span> <span class='ocrx_word' id='word_1_34' title='bbox 355 553 390 582; x_wconf 83' lang='lat' dir='ltr'>et</span> <span class='ocrx_word' id='word_1_35' title='bbox 416 545 727 585; x_wconf 78' lang='lat' dir='ltr'>conservatoribus,</span> <span class='ocrx_word' id='word_1_36' title='bbox 748 556 851 590; x_wconf 88' lang='lat' dir='ltr'>quam</span> <span class='ocrx_word' id='word_1_37' title='bbox 876 541 1031 590; x_wconf 82' lang='lat' dir='ltr'>personis</span> <span class='ocrx_word' id='word_1_38' title='bbox 1059 541 1152 576; x_wconf 85' lang='lat' dir='ltr'>ultra</span> <span class='ocrx_word' id='word_1_39' title='bbox 1171 546 1305 575; x_wconf 88' lang='lat' dir='ltr'>certum</span> <span class='ocrx_word' id='word_1_40' title='bbox 1331 553 1517 576; x_wconf 89' lang='lat' dir='ltr'>numerum</span> <span class='ocrx_word' id='word_1_41' title='bbox 1537 543 1579 576; x_wconf 90' lang='lat' dir='ltr'>ad</span> <span class='ocrx_word' id='word_1_42' title='bbox 1592 543 1685 590; x_wconf 87' lang='lat' dir='ltr'>judi-</span> 
     </span>
     <span class='ocr_line' id='line_1_6' title="bbox 210 596 1686 645; baseline -0.004 -6"><span class='ocrx_word' id='word_1_43' title='bbox 210 606 300 639; x_wconf 90' lang='lat' dir='ltr'>cium</span> <span class='ocrx_word' id='word_1_44' title='bbox 319 617 392 638; x_wconf 90' lang='lat' dir='ltr'>non</span> <span class='ocrx_word' id='word_1_45' title='bbox 410 602 586 642; x_wconf 75' lang='lat' dir='ltr'>vocandis,</span> <span class='ocrx_word' id='word_1_46' title='bbox 608 606 642 636; x_wconf 90' lang='lat' dir='ltr'>et</span> <span class='ocrx_word' id='word_1_47' title='bbox 660 601 745 641; x_wconf 89' lang='lat' dir='ltr'>aliis,</span> <span class='ocrx_word' id='word_1_48' title='bbox 770 600 882 639; x_wconf 82' lang='lat' dir='ltr'>editis,</span> <span class='ocrx_word' id='word_1_49' title='bbox 912 611 979 644; x_wconf 90' lang='lat' dir='ltr'>que</span> <span class='ocrx_word' id='word_1_50' title='bbox 997 597 1112 632; x_wconf 87' lang='lat' dir='ltr'>nostre</span> <span class='ocrx_word' id='word_1_51' title='bbox 1130 596 1264 644; x_wconf 80' lang='lat' dir='ltr'>poffent</span> <span class='ocrx_word' id='word_1_52' title='bbox 1282 597 1318 631; x_wconf 91' lang='lat' dir='ltr'>in</span> <span class='ocrx_word' id='word_1_53' title='bbox 1335 597 1399 631; x_wconf 89' lang='lat' dir='ltr'>hac</span> <span class='ocrx_word' id='word_1_54' title='bbox 1417 603 1516 644; x_wconf 87' lang='lat' dir='ltr'>parte</span> <span class='ocrx_word' id='word_1_55' title='bbox 1527 597 1686 645; x_wconf 88' lang='lat' dir='ltr'>jurisdic-</span> 
     </span>
     <span class='ocr_line' id='line_1_7' title="bbox 209 653 1686 706; baseline -0.003 -11"><span class='ocrx_word' id='word_1_56' title='bbox 209 661 296 695; x_wconf 88' lang='lat' dir='ltr'>tioni</span> <span class='ocrx_word' id='word_1_57' title='bbox 323 665 383 694; x_wconf 87' lang='lat' dir='ltr'>aut</span> <span class='ocrx_word' id='word_1_58' title='bbox 400 659 569 706; x_wconf 88' lang='lat' dir='ltr'>potestati,</span> <span class='ocrx_word' id='word_1_59' title='bbox 603 657 743 703; x_wconf 86' lang='lat' dir='ltr'>ejusque</span> <span class='ocrx_word' id='word_1_60' title='bbox 761 656 872 690; x_wconf 88' lang='lat' dir='ltr'>libero</span> <span class='ocrx_word' id='word_1_61' title='bbox 895 655 1074 694; x_wconf 86' lang='lat' dir='ltr'>exercitio,</span> <span class='ocrx_word' id='word_1_62' title='bbox 1103 653 1366 700; x_wconf 83' lang='lat' dir='ltr'>quomodolibet</span> <span class='ocrx_word' id='word_1_63' title='bbox 1385 653 1550 696; x_wconf 81' lang='lat' dir='ltr'>obviare3</span> <span class='ocrx_word' id='word_1_64' title='bbox 1578 654 1638 690; x_wconf 92' lang='lat' dir='ltr'>seu</span> <span class='ocrx_word' id='word_1_65' title='bbox 1663 654 1686 689; x_wconf 90' lang='lat' dir='ltr'><strong>fi</strong></span> 
     </span>
     <span class='ocr_line' id='line_1_8' title="bbox 209 708 1686 762; baseline -0.003 -11"><span class='ocrx_word' id='word_1_66' title='bbox 209 716 380 762; x_wconf 76' lang='lat' dir='ltr'>aliquibus</span> <span class='ocrx_word' id='word_1_67' title='bbox 398 715 632 750; x_wconf 87' lang='lat' dir='ltr'>communiter</span> <span class='ocrx_word' id='word_1_68' title='bbox 649 713 705 748; x_wconf 89' lang='lat' dir='ltr'>vel</span> <span class='ocrx_word' id='word_1_69' title='bbox 724 711 854 746; x_wconf 69' lang='lat' dir='ltr'>divisim</span> <span class='ocrx_word' id='word_1_70' title='bbox 875 724 894 745; x_wconf 89' lang='lat' dir='ltr'>a</span> <span class='ocrx_word' id='word_1_71' title='bbox 911 710 1071 757; x_wconf 61' lang='lat' dir='ltr'>predie‘m</span> <span class='ocrx_word' id='word_1_72' title='bbox 1088 708 1126 743; x_wconf 88' lang='lat' dir='ltr'>fit</span> <span class='ocrx_word' id='word_1_73' title='bbox 1144 709 1222 744; x_wconf 87' lang='lat' dir='ltr'>sede</span> <span class='ocrx_word' id='word_1_74' title='bbox 1241 708 1417 743; x_wconf 88' lang='lat' dir='ltr'>indultum</span> <span class='ocrx_word' id='word_1_75' title='bbox 1437 710 1532 755; x_wconf 92' lang='lat' dir='ltr'>quod</span> <span class='ocrx_word' id='word_1_76' title='bbox 1549 723 1686 746; x_wconf 80' lang='lat' dir='ltr'>excom-</span> 
     </span>
     <span class='ocr_line' id='line_1_9' title="bbox 211 765 1685 818; baseline -0.003 -12"><span class='ocrx_word' id='word_1_77' title='bbox 211 772 380 806; x_wconf 85' lang='lat' dir='ltr'>municari</span> <span class='ocrx_word' id='word_1_78' title='bbox 398 770 556 818; x_wconf 81' lang='lat' dir='ltr'>suspendi</span> <span class='ocrx_word' id='word_1_79' title='bbox 574 770 631 805; x_wconf 86' lang='lat' dir='ltr'>vel</span> <span class='ocrx_word' id='word_1_80' title='bbox 648 769 820 808; x_wconf 76' lang='lat' dir='ltr'>interdici,</span> <span class='ocrx_word' id='word_1_81' title='bbox 848 767 907 801; x_wconf 88' lang='lat' dir='ltr'>seu</span> <span class='ocrx_word' id='word_1_82' title='bbox 926 772 1025 801; x_wconf 81' lang='lat' dir='ltr'>extra</span> <span class='ocrx_word' id='word_1_83' title='bbox 1041 766 1097 800; x_wconf 91' lang='lat' dir='ltr'>vel</span> <span class='ocrx_word' id='word_1_84' title='bbox 1115 766 1209 800; x_wconf 86' lang='lat' dir='ltr'>ultra</span> <span class='ocrx_word' id='word_1_85' title='bbox 1227 771 1322 800; x_wconf 86' lang='lat' dir='ltr'>certa</span> <span class='ocrx_word' id='word_1_86' title='bbox 1338 765 1416 800; x_wconf 77' lang='lat' dir='ltr'>loca</span> <span class='ocrx_word' id='word_1_87' title='bbox 1445 766 1489 800; x_wconf 79' lang='lat' dir='ltr'>ad</span> <span class='ocrx_word' id='word_1_88' title='bbox 1513 766 1685 814; x_wconf 85' lang='lat' dir='ltr'>judicium</span> 
     </span>
     <span class='ocr_line' id='line_1_10' title="bbox 211 821 1686 874; baseline -0.003 -11"><span class='ocrx_word' id='word_1_89' title='bbox 211 829 359 869; x_wconf 86' lang='lat' dir='ltr'>evocari,</span> <span class='ocrx_word' id='word_1_90' title='bbox 379 839 451 862; x_wconf 90' lang='lat' dir='ltr'>non</span> <span class='ocrx_word' id='word_1_91' title='bbox 463 826 598 874; x_wconf 66' lang='lat' dir='ltr'>polluit,</span> <span class='ocrx_word' id='word_1_92' title='bbox 618 839 680 873; x_wconf 88' lang='lat' dir='ltr'>per</span> <span class='ocrx_word' id='word_1_93' title='bbox 692 826 824 860; x_wconf 78' lang='lat' dir='ltr'>litteras</span> <span class='ocrx_word' id='word_1_94' title='bbox 838 822 1039 870; x_wconf 83' lang='lat' dir='ltr'>apostolicas</span> <span class='ocrx_word' id='word_1_95' title='bbox 1056 833 1130 856; x_wconf 90' lang='lat' dir='ltr'>non</span> <span class='ocrx_word' id='word_1_96' title='bbox 1147 821 1321 856; x_wconf 87' lang='lat' dir='ltr'>faciendas</span> <span class='ocrx_word' id='word_1_97' title='bbox 1339 821 1478 868; x_wconf 85' lang='lat' dir='ltr'>plenam</span> <span class='ocrx_word' id='word_1_98' title='bbox 1498 828 1534 856; x_wconf 86' lang='lat' dir='ltr'>et</span> <span class='ocrx_word' id='word_1_99' title='bbox 1552 823 1686 870; x_wconf 87' lang='lat' dir='ltr'>expres-</span> 
     </span>
     <span class='ocr_line' id='line_1_11' title="bbox 211 876 1684 925; baseline -0.003 -6"><span class='ocrx_word' id='word_1_100' title='bbox 211 884 279 919; x_wconf 82' lang='lat' dir='ltr'>sam</span> <span class='ocrx_word' id='word_1_101' title='bbox 298 898 337 919; x_wconf 84' lang='lat' dir='ltr'>ac</span> <span class='ocrx_word' id='word_1_102' title='bbox 355 884 398 918; x_wconf 90' lang='lat' dir='ltr'>de</span> <span class='ocrx_word' id='word_1_103' title='bbox 416 883 523 918; x_wconf 81' lang='lat' dir='ltr'>verbo</span> <span class='ocrx_word' id='word_1_104' title='bbox 539 883 582 917; x_wconf 87' lang='lat' dir='ltr'>ad</span> <span class='ocrx_word' id='word_1_105' title='bbox 601 882 746 916; x_wconf 80' lang='lat' dir='ltr'>verbum</span> <span class='ocrx_word' id='word_1_106' title='bbox 767 881 809 915; x_wconf 88' lang='lat' dir='ltr'>de</span> <span class='ocrx_word' id='word_1_107' title='bbox 824 879 962 914; x_wconf 88' lang='lat' dir='ltr'>indulto</span> <span class='ocrx_word' id='word_1_108' title='bbox 978 877 1175 925; x_wconf 88' lang='lat' dir='ltr'>hujusmodi</span> <span class='ocrx_word' id='word_1_109' title='bbox 1190 883 1224 912; x_wconf 90' lang='lat' dir='ltr'>et</span> <span class='ocrx_word' id='word_1_110' title='bbox 1238 889 1360 912; x_wconf 87' lang='lat' dir='ltr'>eorum</span> <span class='ocrx_word' id='word_1_111' title='bbox 1375 876 1529 924; x_wconf 85' lang='lat' dir='ltr'>personis</span> <span class='ocrx_word' id='word_1_112' title='bbox 1542 884 1576 913; x_wconf 86' lang='lat' dir='ltr'>et</span> <span class='ocrx_word' id='word_1_113' title='bbox 1589 879 1684 920; x_wconf 84' lang='lat' dir='ltr'>locis,</span> 
     </span>
     <span class='ocr_line' id='line_1_12' title="bbox 211 934 1686 985; baseline -0.003 -11"><span class='ocrx_word' id='word_1_114' title='bbox 211 940 390 975; x_wconf 84' lang='lat' dir='ltr'>ordinibus</span> <span class='ocrx_word' id='word_1_115' title='bbox 409 946 442 974; x_wconf 88' lang='lat' dir='ltr'>et</span> <span class='ocrx_word' id='word_1_116' title='bbox 461 939 660 973; x_wconf 85' lang='lat' dir='ltr'>nominibus</span> <span class='ocrx_word' id='word_1_117' title='bbox 677 937 826 985; x_wconf 86' lang='lat' dir='ltr'>propriis</span> <span class='ocrx_word' id='word_1_118' title='bbox 844 935 1072 974; x_wconf 83' lang='lat' dir='ltr'>mentionem,</span> <span class='ocrx_word' id='word_1_119' title='bbox 1101 939 1136 968; x_wconf 91' lang='lat' dir='ltr'>et</span> <span class='ocrx_word' id='word_1_120' title='bbox 1153 934 1307 979; x_wconf 85' lang='lat' dir='ltr'>qualibet</span> <span class='ocrx_word' id='word_1_121' title='bbox 1325 934 1392 968; x_wconf 86' lang='lat' dir='ltr'>alia</span> <span class='ocrx_word' id='word_1_122' title='bbox 1410 934 1503 969; x_wconf 70' lang='lat' dir='ltr'>di&amp;e</span> <span class='ocrx_word' id='word_1_123' title='bbox 1531 934 1618 970; x_wconf 87' lang='lat' dir='ltr'>sedis</span> <span class='ocrx_word' id='word_1_124' title='bbox 1635 937 1686 971; x_wconf 89' lang='lat' dir='ltr'>in-</span> 
     </span>
     <span class='ocr_line' id='line_1_13' title="bbox 212 990 1685 1042; baseline -0.006 -12"><span class='ocrx_word' id='word_1_125' title='bbox 212 997 392 1042; x_wconf 68' lang='lat' dir='ltr'>dulgentia</span> <span class='ocrx_word' id='word_1_126' title='bbox 409 995 564 1042; x_wconf 76' lang='lat' dir='ltr'>generali</span> <span class='ocrx_word' id='word_1_127' title='bbox 582 994 638 1029; x_wconf 89' lang='lat' dir='ltr'>vel</span> <span class='ocrx_word' id='word_1_128' title='bbox 656 993 803 1041; x_wconf 84' lang='lat' dir='ltr'>speciali,</span> <span class='ocrx_word' id='word_1_129' title='bbox 834 990 1069 1038; x_wconf 81' lang='lat' dir='ltr'>cujuscunque</span> <span class='ocrx_word' id='word_1_130' title='bbox 1086 991 1218 1024; x_wconf 88' lang='lat' dir='ltr'>tenoris</span> <span class='ocrx_word' id='word_1_131' title='bbox 1238 990 1368 1030; x_wconf 79' lang='lat' dir='ltr'>existat,</span> <span class='ocrx_word' id='word_1_132' title='bbox 1396 1003 1459 1036; x_wconf 87' lang='lat' dir='ltr'>per</span> <span class='ocrx_word' id='word_1_133' title='bbox 1476 1003 1579 1037; x_wconf 81' lang='lat' dir='ltr'>quam</span> <span class='ocrx_word' id='word_1_134' title='bbox 1609 1005 1685 1039; x_wconf 91' lang='lat' dir='ltr'>pre-</span> 
     </span>
     <span class='ocr_line' id='line_1_14' title="bbox 210 1045 1686 1098; baseline -0.003 -11"><span class='ocrx_word' id='word_1_135' title='bbox 210 1052 362 1087; x_wconf 84' lang='lat' dir='ltr'>sentibus</span> <span class='ocrx_word' id='word_1_136' title='bbox 374 1065 445 1086; x_wconf 88' lang='lat' dir='ltr'>non</span> <span class='ocrx_word' id='word_1_137' title='bbox 465 1049 654 1098; x_wconf 73' lang='lat' dir='ltr'>expressam</span> <span class='ocrx_word' id='word_1_138' title='bbox 667 1049 723 1084; x_wconf 88' lang='lat' dir='ltr'>vel</span> <span class='ocrx_word' id='word_1_139' title='bbox 737 1049 892 1084; x_wconf 83' lang='lat' dir='ltr'>totaliter</span> <span class='ocrx_word' id='word_1_140' title='bbox 911 1058 983 1080; x_wconf 89' lang='lat' dir='ltr'>non</span> <span class='ocrx_word' id='word_1_141' title='bbox 1002 1045 1164 1079; x_wconf 84' lang='lat' dir='ltr'>insertam</span> <span class='ocrx_word' id='word_1_142' title='bbox 1179 1045 1292 1079; x_wconf 86' lang='lat' dir='ltr'>nostre</span> <span class='ocrx_word' id='word_1_143' title='bbox 1306 1045 1560 1093; x_wconf 63' lang='lat' dir='ltr'>jurisdictionis</span> <span class='ocrx_word' id='word_1_144' title='bbox 1578 1049 1686 1095; x_wconf 87' lang='lat' dir='ltr'>expli-</span> 
     </span>
     <span class='ocr_line' id='line_1_15' title="bbox 210 1103 1684 1155; baseline -0.001 -12"><span class='ocrx_word' id='word_1_145' title='bbox 210 1110 299 1143; x_wconf 84' lang='lat' dir='ltr'>catio</span> <span class='ocrx_word' id='word_1_146' title='bbox 314 1110 350 1142; x_wconf 88' lang='lat' dir='ltr'>in</span> <span class='ocrx_word' id='word_1_147' title='bbox 368 1109 431 1142; x_wconf 89' lang='lat' dir='ltr'>hac</span> <span class='ocrx_word' id='word_1_148' title='bbox 450 1113 547 1155; x_wconf 85' lang='lat' dir='ltr'>parte</span> <span class='ocrx_word' id='word_1_149' title='bbox 560 1107 673 1141; x_wconf 72' lang='lat' dir='ltr'>valeat</span> <span class='ocrx_word' id='word_1_150' title='bbox 687 1104 951 1152; x_wconf 86' lang='lat' dir='ltr'>quomodolibet</span> <span class='ocrx_word' id='word_1_151' title='bbox 966 1103 1138 1150; x_wconf 87' lang='lat' dir='ltr'>impediri,</span> <span class='ocrx_word' id='word_1_152' title='bbox 1160 1109 1194 1137; x_wconf 84' lang='lat' dir='ltr'>et</span> <span class='ocrx_word' id='word_1_153' title='bbox 1213 1104 1256 1137; x_wconf 86' lang='lat' dir='ltr'>de</span> <span class='ocrx_word' id='word_1_154' title='bbox 1270 1116 1337 1149; x_wconf 89' lang='lat' dir='ltr'>qua</span> <span class='ocrx_word' id='word_1_155' title='bbox 1355 1103 1590 1151; x_wconf 85' lang='lat' dir='ltr'>cujuscunque</span> <span class='ocrx_word' id='word_1_156' title='bbox 1608 1111 1684 1141; x_wconf 89' lang='lat' dir='ltr'>toto</span> 
     </span>
     <span class='ocr_line' id='line_1_16' title="bbox 209 1158 1681 1207; baseline -0.003 -8"><span class='ocrx_word' id='word_1_157' title='bbox 209 1172 332 1199; x_wconf 86' lang='lat' dir='ltr'>tenore</span> <span class='ocrx_word' id='word_1_158' title='bbox 352 1165 394 1199; x_wconf 89' lang='lat' dir='ltr'>de</span> <span class='ocrx_word' id='word_1_159' title='bbox 412 1164 519 1199; x_wconf 78' lang='lat' dir='ltr'>verbo</span> <span class='ocrx_word' id='word_1_160' title='bbox 539 1164 582 1197; x_wconf 86' lang='lat' dir='ltr'>ad</span> <span class='ocrx_word' id='word_1_161' title='bbox 599 1162 745 1197; x_wconf 85' lang='lat' dir='ltr'>verbum</span> <span class='ocrx_word' id='word_1_162' title='bbox 764 1162 800 1195; x_wconf 89' lang='lat' dir='ltr'>in</span> <span class='ocrx_word' id='word_1_163' title='bbox 818 1160 940 1195; x_wconf 81' lang='lat' dir='ltr'>nostris</span> <span class='ocrx_word' id='word_1_164' title='bbox 958 1159 1117 1193; x_wconf 81' lang='lat' dir='ltr'>habenda</span> <span class='ocrx_word' id='word_1_165' title='bbox 1134 1158 1172 1193; x_wconf 84' lang='lat' dir='ltr'>fit</span> <span class='ocrx_word' id='word_1_166' title='bbox 1190 1159 1315 1194; x_wconf 86' lang='lat' dir='ltr'>litteris</span> <span class='ocrx_word' id='word_1_167' title='bbox 1341 1160 1474 1194; x_wconf 88' lang='lat' dir='ltr'>mentio</span> <span class='ocrx_word' id='word_1_168' title='bbox 1502 1159 1656 1207; x_wconf 88' lang='lat' dir='ltr'>specialis</span> <span class='ocrx_word' id='word_1_169' title='bbox 1672 1177 1681 1204; x_wconf 89' lang='lat'>;</span> 
     </span>
     <span class='ocr_line' id='line_1_17' title="bbox 211 1215 1685 1265; baseline -0.003 -8"><span class='ocrx_word' id='word_1_170' title='bbox 211 1222 378 1256; x_wconf 87' lang='lat' dir='ltr'>Ceterum</span> <span class='ocrx_word' id='word_1_171' title='bbox 397 1221 559 1256; x_wconf 88' lang='lat' dir='ltr'>volumus</span> <span class='ocrx_word' id='word_1_172' title='bbox 579 1226 612 1253; x_wconf 87' lang='lat' dir='ltr'>et</span> <span class='ocrx_word' id='word_1_173' title='bbox 630 1218 814 1265; x_wconf 83' lang='lat' dir='ltr'>apostolica</span> <span class='ocrx_word' id='word_1_174' title='bbox 841 1216 1051 1251; x_wconf 62' lang='lat' dir='ltr'>auctoritate</span> <span class='ocrx_word' id='word_1_175' title='bbox 1080 1215 1299 1249; x_wconf 84' lang='lat' dir='ltr'>(lecrevimus</span> <span class='ocrx_word' id='word_1_176' title='bbox 1326 1215 1420 1260; x_wconf 89' lang='lat' dir='ltr'>quod</span> <span class='ocrx_word' id='word_1_177' title='bbox 1452 1216 1597 1261; x_wconf 85' lang='lat' dir='ltr'>quilibet</span> <span class='ocrx_word' id='word_1_178' title='bbox 1614 1219 1685 1253; x_wconf 90' lang='lat' dir='ltr'>ves-</span> 
     </span>
     <span class='ocr_line' id='line_1_18' title="bbox 208 1272 1685 1325; baseline -0.003 -13"><span class='ocrx_word' id='word_1_179' title='bbox 208 1284 303 1312; x_wconf 86' lang='lat' dir='ltr'>trum</span> <span class='ocrx_word' id='word_1_180' title='bbox 321 1276 479 1325; x_wconf 87' lang='lat' dir='ltr'>prosequi</span> <span class='ocrx_word' id='word_1_181' title='bbox 500 1276 613 1310; x_wconf 81' lang='lat' dir='ltr'>valeat</span> <span class='ocrx_word' id='word_1_182' title='bbox 631 1274 828 1313; x_wconf 83' lang='lat' dir='ltr'>articulum,</span> <span class='ocrx_word' id='word_1_183' title='bbox 857 1273 960 1307; x_wconf 84' lang='lat' dir='ltr'>etiam</span> <span class='ocrx_word' id='word_1_184' title='bbox 979 1285 1040 1319; x_wconf 87' lang='lat' dir='ltr'>per</span> <span class='ocrx_word' id='word_1_185' title='bbox 1059 1272 1166 1306; x_wconf 86' lang='lat' dir='ltr'>alium</span> <span class='ocrx_word' id='word_1_186' title='bbox 1184 1272 1397 1312; x_wconf 74' lang='lat' dir='ltr'>inchoatum,</span> <span class='ocrx_word' id='word_1_187' title='bbox 1417 1274 1574 1318; x_wconf 85' lang='lat' dir='ltr'>quamvis</span> <span class='ocrx_word' id='word_1_188' title='bbox 1592 1275 1685 1310; x_wconf 89' lang='lat' dir='ltr'>idem</span> 
     </span>
     <span class='ocr_line' id='line_1_19' title="bbox 210 1329 1686 1377; baseline -0.002 -9"><span class='ocrx_word' id='word_1_189' title='bbox 210 1335 376 1368; x_wconf 83' lang='lat' dir='ltr'>inchoans</span> <span class='ocrx_word' id='word_1_190' title='bbox 394 1333 492 1367; x_wconf 88' lang='lat' dir='ltr'>nullo</span> <span class='ocrx_word' id='word_1_191' title='bbox 512 1332 617 1366; x_wconf 87' lang='lat' dir='ltr'>fuerit</span> <span class='ocrx_word' id='word_1_192' title='bbox 635 1331 885 1377; x_wconf 86' lang='lat' dir='ltr'>impedimento</span> <span class='ocrx_word' id='word_1_193' title='bbox 904 1329 1073 1363; x_wconf 81' lang='lat' dir='ltr'>canonico</span> <span class='ocrx_word' id='word_1_194' title='bbox 1100 1329 1325 1376; x_wconf 71' lang='lat' dir='ltr'>prepeditus,</span> <span class='ocrx_word' id='word_1_195' title='bbox 1354 1329 1517 1375; x_wconf 86' lang='lat' dir='ltr'>quodque</span> <span class='ocrx_word' id='word_1_196' title='bbox 1548 1343 1568 1364; x_wconf 88' lang='lat' dir='ltr'>a</span> <span class='ocrx_word' id='word_1_197' title='bbox 1598 1331 1686 1366; x_wconf 83' lang='lat' dir='ltr'>datis</span> 
     </span>
     <span class='ocr_line' id='line_1_20' title="bbox 209 1383 1685 1437; baseline -0.002 -13"><span class='ocrx_word' id='word_1_198' title='bbox 209 1389 420 1437; x_wconf 86' lang='lat' dir='ltr'>presentium</span> <span class='ocrx_word' id='word_1_199' title='bbox 439 1388 477 1422; x_wconf 82' lang='lat' dir='ltr'>fit</span> <span class='ocrx_word' id='word_1_200' title='bbox 496 1387 593 1422; x_wconf 86' lang='lat' dir='ltr'>vobis</span> <span class='ocrx_word' id='word_1_201' title='bbox 611 1393 645 1421; x_wconf 83' lang='lat' dir='ltr'>et</span> <span class='ocrx_word' id='word_1_202' title='bbox 663 1386 851 1432; x_wconf 81' lang='lat' dir='ltr'>unicuique</span> <span class='ocrx_word' id='word_1_203' title='bbox 877 1384 1038 1424; x_wconf 85' lang='lat' dir='ltr'>vestrum,</span> <span class='ocrx_word' id='word_1_204' title='bbox 1067 1385 1102 1418; x_wconf 92' lang='grc'>111</span> <span class='ocrx_word' id='word_1_205' title='bbox 1129 1383 1295 1431; x_wconf 84' lang='lat' dir='ltr'>premissis</span> <span class='ocrx_word' id='word_1_206' title='bbox 1313 1385 1474 1419; x_wconf 90' lang='lat' dir='ltr'>omnibus</span> <span class='ocrx_word' id='word_1_207' title='bbox 1503 1390 1538 1420; x_wconf 91' lang='lat' dir='ltr'>et</span> <span class='ocrx_word' id='word_1_208' title='bbox 1564 1399 1685 1422; x_wconf 90' lang='lat' dir='ltr'>eorum</span> 
     </span>
     <span class='ocr_line' id='line_1_21' title="bbox 210 1441 1686 1492; baseline -0.001 -12"><span class='ocrx_word' id='word_1_209' title='bbox 210 1446 360 1492; x_wconf 36' lang='lat' dir='ltr'>lingulis</span> <span class='ocrx_word' id='word_1_210' title='bbox 390 1445 497 1492; x_wconf 80' lang='lat' dir='ltr'>ceptis</span> <span class='ocrx_word' id='word_1_211' title='bbox 528 1449 563 1478; x_wconf 79' lang='lat' dir='ltr'>et</span> <span class='ocrx_word' id='word_1_212' title='bbox 591 1456 662 1477; x_wconf 89' lang='grc'><strong>11011</strong></span> <span class='ocrx_word' id='word_1_213' title='bbox 690 1443 807 1489; x_wconf 87' lang='lat' dir='ltr'>ceptis,</span> <span class='ocrx_word' id='word_1_214' title='bbox 836 1441 1052 1488; x_wconf 78' lang='lat' dir='ltr'>presentibus</span> <span class='ocrx_word' id='word_1_215' title='bbox 1080 1447 1114 1475; x_wconf 88' lang='lat' dir='ltr'>et</span> <span class='ocrx_word' id='word_1_216' title='bbox 1141 1441 1278 1481; x_wconf 85' lang='lat' dir='ltr'>futuris,</span> <span class='ocrx_word' id='word_1_217' title='bbox 1306 1446 1512 1488; x_wconf 85' lang='lat' dir='ltr'>perpetuata</span> <span class='ocrx_word' id='word_1_218' title='bbox 1538 1443 1686 1489; x_wconf 88' lang='lat' dir='ltr'>potestas</span> 
     </span>
     <span class='ocr_line' id='line_1_22' title="bbox 211 1496 1686 1549; baseline -0.001 -13"><span class='ocrx_word' id='word_1_219' title='bbox 211 1508 245 1536; x_wconf 86' lang='lat' dir='ltr'>et</span> <span class='ocrx_word' id='word_1_220' title='bbox 257 1500 452 1549; x_wconf 84' lang='lat' dir='ltr'>jurisdictio</span> <span class='ocrx_word' id='word_1_221' title='bbox 471 1500 648 1539; x_wconf 80' lang='lat' dir='ltr'>attributa,</span> <span class='ocrx_word' id='word_1_222' title='bbox 677 1505 716 1533; x_wconf 89' lang='lat' dir='ltr'>ut</span> <span class='ocrx_word' id='word_1_223' title='bbox 736 1512 777 1533; x_wconf 87' lang='lat' dir='ltr'>eo</span> <span class='ocrx_word' id='word_1_224' title='bbox 795 1498 917 1543; x_wconf 73' lang='lat' dir='ltr'>vigore</span> <span class='ocrx_word' id='word_1_225' title='bbox 936 1504 970 1532; x_wconf 84' lang='lat' dir='ltr'>et</span> <span class='ocrx_word' id='word_1_226' title='bbox 989 1511 1028 1532; x_wconf 80' lang='lat' dir='ltr'>ea</span> <span class='ocrx_word' id='word_1_227' title='bbox 1046 1498 1210 1532; x_wconf 87' lang='lat' dir='ltr'>firmitate</span> <span class='ocrx_word' id='word_1_228' title='bbox 1229 1496 1358 1545; x_wconf 85' lang='lat' dir='ltr'>poffitis</span> <span class='ocrx_word' id='word_1_229' title='bbox 1375 1499 1412 1532; x_wconf 91' lang='lat' dir='ltr'>in</span> <span class='ocrx_word' id='word_1_230' title='bbox 1429 1498 1595 1545; x_wconf 88' lang='lat' dir='ltr'>premiffis</span> <span class='ocrx_word' id='word_1_231' title='bbox 1614 1513 1686 1535; x_wconf 92' lang='lat' dir='ltr'>om-</span> 
     </span>
     <span class='ocr_line' id='line_1_23' title="bbox 210 1553 1685 1604; baseline -0.001 -12"><span class='ocrx_word' id='word_1_232' title='bbox 210 1558 321 1598; x_wconf 89' lang='lat' dir='ltr'>nibus,</span> <span class='ocrx_word' id='word_1_233' title='bbox 351 1557 458 1604; x_wconf 89' lang='lat' dir='ltr'>ceptis</span> <span class='ocrx_word' id='word_1_234' title='bbox 477 1562 511 1590; x_wconf 89' lang='lat' dir='ltr'>et</span> <span class='ocrx_word' id='word_1_235' title='bbox 528 1569 601 1590; x_wconf 90' lang='grc'><strong>11011</strong></span> <span class='ocrx_word' id='word_1_236' title='bbox 620 1556 737 1601; x_wconf 80' lang='lat' dir='ltr'>ceptis,</span> <span class='ocrx_word' id='word_1_237' title='bbox 766 1553 981 1600; x_wconf 82' lang='lat' dir='ltr'>presentibus</span> <span class='ocrx_word' id='word_1_238' title='bbox 1000 1559 1034 1588; x_wconf 92' lang='lat' dir='ltr'>et</span> <span class='ocrx_word' id='word_1_239' title='bbox 1052 1554 1188 1594; x_wconf 89' lang='lat' dir='ltr'>futuris,</span> <span class='ocrx_word' id='word_1_240' title='bbox 1218 1559 1252 1588; x_wconf 86' lang='lat' dir='ltr'>et</span> <span class='ocrx_word' id='word_1_241' title='bbox 1269 1566 1334 1600; x_wconf 88' lang='lat' dir='ltr'>pro</span> <span class='ocrx_word' id='word_1_242' title='bbox 1358 1555 1535 1600; x_wconf 69' lang='lat' dir='ltr'>predi&amp;is,</span> <span class='ocrx_word' id='word_1_243' title='bbox 1564 1569 1685 1603; x_wconf 89' lang='lat' dir='ltr'>proce-</span> 
     </span>
     <span class='ocr_line' id='line_1_24' title="bbox 211 1608 1686 1659; baseline -0.001 -11"><span class='ocrx_word' id='word_1_244' title='bbox 211 1615 304 1653; x_wconf 86' lang='lat' dir='ltr'>dere,</span> <span class='ocrx_word' id='word_1_245' title='bbox 333 1625 371 1647; x_wconf 87' lang='lat' dir='ltr'>ac</span> <span class='ocrx_word' id='word_1_246' title='bbox 389 1611 412 1646; x_wconf 97' lang='grc'>11</span> <span class='ocrx_word' id='word_1_247' title='bbox 429 1612 588 1659; x_wconf 63' lang='grc'><strong>1110111613</strong></span> <span class='ocrx_word' id='word_1_248' title='bbox 606 1611 724 1644; x_wconf 84' lang='grc'><strong>01111113</strong></span> <span class='ocrx_word' id='word_1_249' title='bbox 742 1616 776 1645; x_wconf 87' lang='lat' dir='ltr'>et</span> <span class='ocrx_word' id='word_1_250' title='bbox 793 1608 925 1656; x_wconf 83' lang='lat' dir='ltr'>fiugula</span> <span class='ocrx_word' id='word_1_251' title='bbox 951 1622 1068 1643; x_wconf 84' lang='lat' dir='ltr'>coram</span> <span class='ocrx_word' id='word_1_252' title='bbox 1095 1609 1192 1643; x_wconf 84' lang='lat' dir='ltr'>vobis</span> <span class='ocrx_word' id='word_1_253' title='bbox 1223 1615 1322 1656; x_wconf 87' lang='lat' dir='ltr'>cepta</span> <span class='ocrx_word' id='word_1_254' title='bbox 1345 1608 1494 1651; x_wconf 85' lang='lat' dir='ltr'>fuissent,</span> <span class='ocrx_word' id='word_1_255' title='bbox 1525 1617 1559 1645; x_wconf 91' lang='lat' dir='ltr'>et</span> <span class='ocrx_word' id='word_1_256' title='bbox 1583 1612 1686 1659; x_wconf 85' lang='lat' dir='ltr'>juris-</span> 
     </span>
     <span class='ocr_line' id='line_1_25' title="bbox 212 1665 1685 1716; baseline -0.001 -13"><span class='ocrx_word' id='word_1_257' title='bbox 212 1670 320 1704; x_wconf 65' lang='lat' dir='ltr'>dic‘tio</span> <span class='ocrx_word' id='word_1_258' title='bbox 339 1668 449 1703; x_wconf 86' lang='lat' dir='ltr'>vestra</span> <span class='ocrx_word' id='word_1_259' title='bbox 467 1672 501 1702; x_wconf 90' lang='lat' dir='ltr'>et</span> <span class='ocrx_word' id='word_1_260' title='bbox 529 1666 708 1714; x_wconf 82' lang='lat' dir='ltr'>cujussibet</span> <span class='ocrx_word' id='word_1_261' title='bbox 738 1665 899 1706; x_wconf 86' lang='lat' dir='ltr'>vestrum,</span> <span class='ocrx_word' id='word_1_262' title='bbox 928 1666 964 1699; x_wconf 90' lang='lat' dir='ltr'>in</span> <span class='ocrx_word' id='word_1_263' title='bbox 993 1666 1160 1712; x_wconf 67' lang='lat' dir='ltr'>predictis</span> <span class='ocrx_word' id='word_1_264' title='bbox 1190 1666 1350 1700; x_wconf 90' lang='lat' dir='ltr'>omnibus</span> <span class='ocrx_word' id='word_1_265' title='bbox 1381 1671 1415 1700; x_wconf 91' lang='lat' dir='ltr'>et</span> <span class='ocrx_word' id='word_1_266' title='bbox 1445 1665 1595 1713; x_wconf 76' lang='lat' dir='ltr'>singulis,</span> <span class='ocrx_word' id='word_1_267' title='bbox 1623 1682 1685 1716; x_wconf 83' lang='lat' dir='ltr'>per</span> 
     </span>
     <span class='ocr_line' id='line_1_26' title="bbox 214 1720 1685 1768; baseline 0 -9"><span class='ocrx_word' id='word_1_268' title='bbox 214 1726 415 1759; x_wconf 83' lang='lat' dir='ltr'>citationem</span> <span class='ocrx_word' id='word_1_269' title='bbox 443 1724 499 1758; x_wconf 85' lang='lat' dir='ltr'>vel</span> <span class='ocrx_word' id='word_1_270' title='bbox 530 1723 673 1756; x_wconf 86' lang='lat' dir='ltr'>modum</span> <span class='ocrx_word' id='word_1_271' title='bbox 703 1722 809 1756; x_wconf 90' lang='lat' dir='ltr'>alium</span> <span class='ocrx_word' id='word_1_272' title='bbox 835 1726 1041 1768; x_wconf 84' lang='lat' dir='ltr'>perpetuata</span> <span class='ocrx_word' id='word_1_273' title='bbox 1070 1721 1281 1767; x_wconf 80' lang='lat' dir='ltr'>legittimum</span> <span class='ocrx_word' id='word_1_274' title='bbox 1312 1720 1485 1763; x_wconf 76' lang='lat' dir='ltr'>extitisset,</span> <span class='ocrx_word' id='word_1_275' title='bbox 1523 1724 1685 1759; x_wconf 87' lang='lat' dir='ltr'>constitu-</span> 
     </span>
     <span class='ocr_line' id='line_1_27' title="bbox 211 1777 1685 1827; baseline 0 -12"><span class='ocrx_word' id='word_1_276' title='bbox 211 1783 307 1816; x_wconf 87' lang='lat' dir='ltr'>tione</span> <span class='ocrx_word' id='word_1_277' title='bbox 325 1780 484 1827; x_wconf 44' lang='lat' dir='ltr'>predic-ta</span> <span class='ocrx_word' id='word_1_278' title='bbox 502 1777 604 1825; x_wconf 91' lang='lat' dir='ltr'>super</span> <span class='ocrx_word' id='word_1_279' title='bbox 622 1777 921 1812; x_wconf 84' lang='lat' dir='ltr'>conservatoribus</span> <span class='ocrx_word' id='word_1_280' title='bbox 954 1783 988 1811; x_wconf 88' lang='lat' dir='ltr'>et</span> <span class='ocrx_word' id='word_1_281' title='bbox 1015 1777 1082 1811; x_wconf 83' lang='lat' dir='ltr'>alia</span> <span class='ocrx_word' id='word_1_282' title='bbox 1111 1777 1264 1823; x_wconf 85' lang='lat' dir='ltr'>qualibet</span> <span class='ocrx_word' id='word_1_283' title='bbox 1294 1778 1330 1812; x_wconf 91' lang='lat' dir='ltr'>in</span> <span class='ocrx_word' id='word_1_284' title='bbox 1358 1779 1573 1813; x_wconf 85' lang='lat' dir='ltr'>contrarium</span> <span class='ocrx_word' id='word_1_285' title='bbox 1592 1781 1685 1815; x_wconf 85' lang='lat' dir='ltr'>edita</span> 
     </span>
     <span class='ocr_line' id='line_1_28' title="bbox 210 1833 1683 1881; baseline 0 -10"><span class='ocrx_word' id='word_1_286' title='bbox 210 1849 283 1871; x_wconf 87' lang='lat' dir='ltr'>non</span> <span class='ocrx_word' id='word_1_287' title='bbox 314 1835 478 1870; x_wconf 84' lang='lat' dir='ltr'>obstante.</span> <span class='ocrx_word' id='word_1_288' title='bbox 545 1834 681 1868; x_wconf 85' lang='lat' dir='ltr'>Datum</span> <span class='ocrx_word' id='word_1_289' title='bbox 700 1834 868 1867; x_wconf 79' lang='lat' dir='ltr'>Avinion&#39;</span> <span class='ocrx_word' id='word_1_290' title='bbox 897 1833 1017 1867; x_wconf 83' lang='lat' dir='ltr'>Idibus</span> <span class='ocrx_word' id='word_1_291' title='bbox 1038 1834 1181 1880; x_wconf 86' lang='lat' dir='ltr'>Aprilis,</span> <span class='ocrx_word' id='word_1_292' title='bbox 1209 1834 1432 1881; x_wconf 86' lang='lat' dir='ltr'>pontificatus</span> <span class='ocrx_word' id='word_1_293' title='bbox 1459 1835 1567 1870; x_wconf 86' lang='lat' dir='ltr'>nostri</span> <span class='ocrx_word' id='word_1_294' title='bbox 1590 1850 1683 1871; x_wconf 88' lang='lat' dir='ltr'>anno</span> 
     </span>
     <span class='ocr_line' id='line_1_29' title="bbox 210 1889 1684 1937; baseline 0 -10"><span class='ocrx_word' id='word_1_295' title='bbox 210 1893 373 1927; x_wconf 64' lang='lat' dir='ltr'>secundo.</span> <span class='ocrx_word' id='word_1_296' title='bbox 426 1891 531 1926; x_wconf 89' lang='lat' dir='ltr'>Unde</span> <span class='ocrx_word' id='word_1_297' title='bbox 553 1890 728 1937; x_wconf 85' lang='lat' dir='ltr'>conquesti</span> <span class='ocrx_word' id='word_1_298' title='bbox 745 1890 824 1924; x_wconf 89' lang='lat' dir='ltr'>sunt</span> <span class='ocrx_word' id='word_1_299' title='bbox 841 1889 941 1923; x_wconf 83' lang='lat' dir='ltr'>nobis</span> <span class='ocrx_word' id='word_1_300' title='bbox 959 1889 1108 1935; x_wconf 73' lang='lat' dir='ltr'>religiosi</span> <span class='ocrx_word' id='word_1_301' title='bbox 1125 1890 1190 1923; x_wconf 82' lang='lat' dir='ltr'>viri</span> <span class='ocrx_word' id='word_1_302' title='bbox 1210 1890 1329 1924; x_wconf 87' lang='lat' dir='ltr'>Abbas</span> <span class='ocrx_word' id='word_1_303' title='bbox 1348 1896 1382 1925; x_wconf 88' lang='lat' dir='ltr'>et</span> <span class='ocrx_word' id='word_1_304' title='bbox 1399 1898 1593 1926; x_wconf 86' lang='lat' dir='ltr'>conventus</span> <span class='ocrx_word' id='word_1_305' title='bbox 1612 1906 1684 1927; x_wconf 86' lang='lat' dir='ltr'>mo-</span> 
     </span>
     <span class='ocr_line' id='line_1_30' title="bbox 210 1944 1683 1993; baseline 0 -10"><span class='ocrx_word' id='word_1_306' title='bbox 210 1949 346 1984; x_wconf 82' lang='lat' dir='ltr'>nasterii</span> <span class='ocrx_word' id='word_1_307' title='bbox 365 1948 407 1982; x_wconf 92' lang='lat' dir='ltr'>de</span> <span class='ocrx_word' id='word_1_308' title='bbox 427 1946 608 1987; x_wconf 75' lang='lat' dir='ltr'>Paiseleto,</span> <span class='ocrx_word' id='word_1_309' title='bbox 630 1947 761 1981; x_wconf 89' lang='lat' dir='ltr'>ordinis</span> <span class='ocrx_word' id='word_1_310' title='bbox 780 1944 1025 1985; x_wconf 78' lang='lat' dir='ltr'>Cluniacenfis,</span> <span class='ocrx_word' id='word_1_311' title='bbox 1047 1945 1269 1991; x_wconf 79' lang='lat' dir='ltr'>Glasguenfis</span> <span class='ocrx_word' id='word_1_312' title='bbox 1287 1946 1436 1987; x_wconf 89' lang='lat' dir='ltr'>diocefis,</span> <span class='ocrx_word' id='word_1_313' title='bbox 1462 1949 1556 1993; x_wconf 88' lang='lat' dir='ltr'>quod</span> <span class='ocrx_word' id='word_1_314' title='bbox 1574 1949 1683 1984; x_wconf 90' lang='lat' dir='ltr'>domi-</span> 
     </span>
     <span class='ocr_line' id='line_1_31' title="bbox 209 2001 1683 2051; baseline 0.001 -11"><span class='ocrx_word' id='word_1_315' title='bbox 209 2019 275 2040; x_wconf 87' lang='lat' dir='ltr'>nus</span> <span class='ocrx_word' id='word_1_316' title='bbox 290 2004 474 2039; x_wconf 60' lang='lat' dir='ltr'>*Wilehnus</span> <span class='ocrx_word' id='word_1_317' title='bbox 487 2003 592 2037; x_wconf 84' lang='lat' dir='ltr'>More</span> <span class='ocrx_word' id='word_1_318' title='bbox 607 2003 649 2037; x_wconf 89' lang='lat' dir='ltr'>de</span> <span class='ocrx_word' id='word_1_319' title='bbox 666 2002 874 2042; x_wconf 88' lang='lat' dir='ltr'>Abircorne,</span> <span class='ocrx_word' id='word_1_320' title='bbox 892 2001 1017 2036; x_wconf 85' lang='lat' dir='ltr'>eisdem</span> <span class='ocrx_word' id='word_1_321' title='bbox 1037 2008 1071 2036; x_wconf 91' lang='lat' dir='ltr'>et</span> <span class='ocrx_word' id='word_1_322' title='bbox 1088 2003 1296 2038; x_wconf 81' lang='lat' dir='ltr'>monasterio</span> <span class='ocrx_word' id='word_1_323' title='bbox 1310 2003 1370 2038; x_wconf 89' lang='lat' dir='ltr'>suo</span> <span class='ocrx_word' id='word_1_324' title='bbox 1389 2003 1501 2051; x_wconf 86' lang='lat' dir='ltr'>sepius</span> <span class='ocrx_word' id='word_1_325' title='bbox 1515 2011 1550 2040; x_wconf 83' lang='lat' dir='ltr'>et</span> <span class='ocrx_word' id='word_1_326' title='bbox 1568 2006 1683 2041; x_wconf 89' lang='lat' dir='ltr'>multi-</span> 
     </span>
     <span class='ocr_line' id='line_1_32' title="bbox 209 2057 1682 2109; baseline 0.001 -14"><span class='ocrx_word' id='word_1_327' title='bbox 209 2062 345 2109; x_wconf 86' lang='lat' dir='ltr'>pliciter</span> <span class='ocrx_word' id='word_1_328' title='bbox 363 2059 409 2094; x_wconf 89' lang='lat' dir='ltr'>est</span> <span class='ocrx_word' id='word_1_329' title='bbox 427 2059 621 2106; x_wconf 82' lang='lat' dir='ltr'>injuriatus,</span> <span class='ocrx_word' id='word_1_330' title='bbox 651 2059 784 2092; x_wconf 64' lang='lat' dir='ltr'>dietum</span> <span class='ocrx_word' id='word_1_331' title='bbox 802 2057 1047 2092; x_wconf 83' lang='lat' dir='ltr'>monasterium</span> <span class='ocrx_word' id='word_1_332' title='bbox 1065 2058 1164 2093; x_wconf 83' lang='lat' dir='ltr'>suum</span> <span class='ocrx_word' id='word_1_333' title='bbox 1183 2065 1306 2094; x_wconf 88' lang='lat' dir='ltr'>contra</span> <span class='ocrx_word' id='word_1_334' title='bbox 1322 2060 1541 2095; x_wconf 84' lang='lat' dir='ltr'>voluntatem</span> <span class='ocrx_word' id='word_1_335' title='bbox 1561 2074 1682 2097; x_wconf 89' lang='lat' dir='ltr'>eorum</span> 
     </span>
     <span class='ocr_line' id='line_1_33' title="bbox 210 2115 1682 2160; baseline 0 -7"><span class='ocrx_word' id='word_1_336' title='bbox 210 2118 386 2157; x_wconf 74' lang='lat' dir='ltr'>intrando,</span> <span class='ocrx_word' id='word_1_337' title='bbox 407 2116 514 2151; x_wconf 75' lang='lat' dir='ltr'>hostia</span> <span class='ocrx_word' id='word_1_338' title='bbox 532 2122 566 2150; x_wconf 88' lang='lat' dir='ltr'>et</span> <span class='ocrx_word' id='word_1_339' title='bbox 584 2115 747 2150; x_wconf 83' lang='lat' dir='ltr'>fenestras</span> <span class='ocrx_word' id='word_1_340' title='bbox 764 2115 969 2160; x_wconf 84' lang='lat' dir='ltr'>frangendo,</span> <span class='ocrx_word' id='word_1_341' title='bbox 990 2115 1149 2149; x_wconf 89' lang='lat' dir='ltr'>homines</span> <span class='ocrx_word' id='word_1_342' title='bbox 1167 2121 1201 2149; x_wconf 89' lang='lat' dir='ltr'>et</span> <span class='ocrx_word' id='word_1_343' title='bbox 1219 2115 1367 2150; x_wconf 85' lang='lat' dir='ltr'>famulos</span> <span class='ocrx_word' id='word_1_344' title='bbox 1390 2115 1468 2150; x_wconf 87' lang='lat' dir='ltr'>suos</span> <span class='ocrx_word' id='word_1_345' title='bbox 1484 2115 1543 2151; x_wconf 91' lang='lat' dir='ltr'>fibi</span> <span class='ocrx_word' id='word_1_346' title='bbox 1562 2118 1599 2152; x_wconf 91' lang='lat' dir='ltr'>in</span> <span class='ocrx_word' id='word_1_347' title='bbox 1616 2118 1682 2153; x_wconf 89' lang='lat' dir='ltr'>hoc</span> 
     </span>
     <span class='ocr_line' id='line_1_34' title="bbox 210 2170 1682 2212; baseline -0.001 -3"><span class='ocrx_word' id='word_1_348' title='bbox 210 2174 398 2209; x_wconf 79' lang='lat' dir='ltr'>reiistentes</span> <span class='ocrx_word' id='word_1_349' title='bbox 416 2172 646 2212; x_wconf 84' lang='lat' dir='ltr'>verberando,</span> <span class='ocrx_word' id='word_1_350' title='bbox 676 2184 715 2206; x_wconf 87' lang='lat' dir='ltr'>ac</span> <span class='ocrx_word' id='word_1_351' title='bbox 743 2171 845 2205; x_wconf 85' lang='lat' dir='ltr'>etiam</span> <span class='ocrx_word' id='word_1_352' title='bbox 873 2170 963 2204; x_wconf 82' lang='lat' dir='ltr'>infra</span> <span class='ocrx_word' id='word_1_353' title='bbox 980 2170 1099 2205; x_wconf 83' lang='lat' dir='ltr'>villam</span> <span class='ocrx_word' id='word_1_354' title='bbox 1118 2171 1161 2205; x_wconf 89' lang='lat' dir='ltr'>de</span> <span class='ocrx_word' id='word_1_355' title='bbox 1181 2170 1352 2206; x_wconf 85' lang='lat' dir='ltr'>Passeleto</span> <span class='ocrx_word' id='word_1_356' title='bbox 1371 2172 1549 2207; x_wconf 90' lang='lat' dir='ltr'>hominem</span> <span class='ocrx_word' id='word_1_357' title='bbox 1581 2175 1682 2209; x_wconf 83' lang='lat' dir='ltr'>muti-</span> 
     </span>
     <span class='ocr_line' id='line_1_35' title="bbox 210 2225 1681 2269; baseline -0.001 -4"><span class='ocrx_word' id='word_1_358' title='bbox 210 2231 327 2269; x_wconf 77' lang='lat' dir='ltr'>lando,</span> <span class='ocrx_word' id='word_1_359' title='bbox 347 2241 485 2263; x_wconf 86' lang='lat' dir='ltr'>necnon</span> <span class='ocrx_word' id='word_1_360' title='bbox 505 2235 538 2262; x_wconf 85' lang='lat' dir='ltr'>et</span> <span class='ocrx_word' id='word_1_361' title='bbox 557 2228 600 2262; x_wconf 87' lang='lat' dir='ltr'>ad</span> <span class='ocrx_word' id='word_1_362' title='bbox 614 2233 724 2262; x_wconf 85' lang='lat' dir='ltr'>terras</span> <span class='ocrx_word' id='word_1_363' title='bbox 741 2226 817 2261; x_wconf 84' lang='lat' dir='ltr'>suas</span> <span class='ocrx_word' id='word_1_364' title='bbox 835 2225 1070 2260; x_wconf 74' lang='lat' dir='ltr'>ecclesiasticas</span> <span class='ocrx_word' id='word_1_365' title='bbox 1088 2227 1123 2260; x_wconf 89' lang='lat' dir='ltr'>in</span> <span class='ocrx_word' id='word_1_366' title='bbox 1143 2226 1282 2261; x_wconf 88' lang='lat' dir='ltr'>diverfis</span> <span class='ocrx_word' id='word_1_367' title='bbox 1299 2228 1384 2262; x_wconf 88' lang='lat' dir='ltr'>locis</span> <span class='ocrx_word' id='word_1_368' title='bbox 1402 2228 1584 2263; x_wconf 85' lang='lat' dir='ltr'>existentes</span> <span class='ocrx_word' id='word_1_369' title='bbox 1602 2242 1681 2265; x_wconf 89' lang='lat' dir='ltr'>cum</span> 
     </span>
     <span class='ocr_line' id='line_1_36' title="bbox 210 2282 1680 2332; baseline -0.001 -11"><span class='ocrx_word' id='word_1_370' title='bbox 210 2288 276 2322; x_wconf 83' lang='lat' dir='ltr'>suis</span> <span class='ocrx_word' id='word_1_371' title='bbox 294 2285 492 2331; x_wconf 84' lang='lat' dir='ltr'>sequacibus</span> <span class='ocrx_word' id='word_1_372' title='bbox 520 2285 638 2318; x_wconf 81' lang='lat' dir='ltr'>illicite</span> <span class='ocrx_word' id='word_1_373' title='bbox 664 2283 874 2323; x_wconf 86' lang='lat' dir='ltr'>accedend0‚</span> <span class='ocrx_word' id='word_1_374' title='bbox 903 2282 1061 2316; x_wconf 87' lang='lat' dir='ltr'>homines</span> <span class='ocrx_word' id='word_1_375' title='bbox 1091 2295 1213 2317; x_wconf 88' lang='lat' dir='ltr'>eorum</span> <span class='ocrx_word' id='word_1_376' title='bbox 1241 2284 1470 2324; x_wconf 80' lang='lat' dir='ltr'>verberando,</span> <span class='ocrx_word' id='word_1_377' title='bbox 1499 2286 1680 2332; x_wconf 88' lang='lat' dir='ltr'>capiendo,</span> 
     </span>
     <span class='ocr_line' id='line_1_37' title="bbox 210 2338 1683 2387; baseline -0.001 -9"><span class='ocrx_word' id='word_1_378' title='bbox 210 2343 308 2379; x_wconf 80' lang='lat' dir='ltr'>bonis</span> <span class='ocrx_word' id='word_1_379' title='bbox 326 2341 392 2375; x_wconf 84' lang='lat' dir='ltr'>suis</span> <span class='ocrx_word' id='word_1_380' title='bbox 410 2341 487 2375; x_wconf 88' lang='lat' dir='ltr'>illos</span> <span class='ocrx_word' id='word_1_381' title='bbox 514 2340 704 2387; x_wconf 81' lang='lat' dir='ltr'>spoliando,</span> <span class='ocrx_word' id='word_1_382' title='bbox 732 2352 772 2374; x_wconf 87' lang='lat' dir='ltr'>ac</span> <span class='ocrx_word' id='word_1_383' title='bbox 798 2339 907 2374; x_wconf 62' lang='lat' dir='ltr'>dietas</span> <span class='ocrx_word' id='word_1_384' title='bbox 936 2344 1045 2373; x_wconf 85' lang='lat' dir='ltr'>terras</span> <span class='ocrx_word' id='word_1_385' title='bbox 1072 2338 1194 2386; x_wconf 84' lang='lat' dir='ltr'>injuste</span> <span class='ocrx_word' id='word_1_386' title='bbox 1221 2340 1407 2380; x_wconf 76' lang='lat' dir='ltr'>namando,</span> <span class='ocrx_word' id='word_1_387' title='bbox 1435 2339 1597 2375; x_wconf 82' lang='lat' dir='ltr'>animalia</span> <span class='ocrx_word' id='word_1_388' title='bbox 1615 2342 1683 2377; x_wconf 89' lang='lat' dir='ltr'>dic-</span> 
     </span>
    </p>
   </div>
  </div>
 </body>
</html>
