1839 2652
188 308 257 340 248
586 297 691 332 REG
700 294 900 331 ISTRUM
932 292 1269 328 MONASTERII

193 399 394 438 evidentias,
415 396 634 431 munimenta
653 399 687 428 et
705 391 870 438 rescripta
887 403 954 436 que
973 388 1048 437 ipfis
1068 388 1200 422 Abbati
1220 393 1254 422 et
1273 388 1464 423 conventui
1482 401 1674 435 eorumque

192 453 438 491 succefforibus
469 457 591 486 contra
620 455 781 484 tenorem
806 445 1018 494 presentium
1045 444 1201 492 poterint
1228 444 1265 477 in
1293 443 1409 490 aliquo
1439 444 1621 491 prevalere
1641 450 1675 479 et

193 512 294 546 dietis
312 507 538 555 burgenfibus
557 512 592 541 et
610 503 852 540 communitati
884 507 918 536 et
948 513 1068 536 eorum
1088 497 1334 534 succefforibus
1361 500 1396 533 in
1424 500 1613 547 dampnum
1642 506 1676 535 et

192 566 423 615 prejudicium
441 563 583 610 aliquod
601 560 812 596 redundare.
867 558 910 592 In
928 569 1078 603 quorum
1097 555 1256 590 omnium
1287 561 1322 590 et
1348 554 1563 602 singulorum
1589 556 1677 590 testi-

193 623 363 662 monium,
394 620 484 668 parti
505 632 588 655 vero
607 617 711 664 hujus
728 615 896 662 scripture
926 626 989 660 per
1020 612 1165 646 modum
1193 612 1365 658 cyrografi
1385 611 1546 646 confecte
1572 624 1678 659 penes

195 679 331 715 eosdem
362 677 536 711 Abbatem
556 681 590 709 et
609 678 824 708 conventum
856 676 890 705 et
918 681 1040 704 eorum
1071 666 1277 702 sueeeffores
1304 668 1499 703 remanenti
1530 667 1677 714 figillum

196 746 382 771 commune
400 732 550 780 predicti
567 730 670 777 burgi
689 728 736 764 est
753 725 952 775 appensum,
984 725 1071 772 parti
1106 724 1208 758 etiam
1238 724 1339 758 alteri
1369 737 1475 772 penes
1501 724 1679 771 predifitos

195 790 385 838 burgenses
403 794 437 824 et
456 787 743 823 communitatem
773 790 807 818 et
835 794 957 817 eorum
978 779 1184 815 suceeffores
1199 781 1394 815 remanenti
1422 779 1569 827 figillum
1588 793 1680 814 com-

197 860 303 883 mune
322 844 462 893 capituli
483 844 568 878 dieti
589 840 786 877 monasterii
805 838 852 873 est
869 836 1070 885 appensum,
1100 836 1191 883 apud
1213 834 1366 883 Paffelay
1391 836 1446 871 die
1465 842 1499 871 et
1517 840 1610 870 anno
1629 835 1680 870 su-

197 904 376 953 pradictiS.

200 1074 259 1109 De
278 1073 401 1108 eodem
420 1071 637 1106 molendino.

201 1183 482 1222 UNIVERSIS
495 1187 612 1230 pateat
629 1194 693 1229 per
711 1178 886 1228 presentes
904 1177 1037 1211 litteras
1059 1188 1134 1215 nos,
1153 1175 1310 1215 ballivos,
1331 1174 1518 1222 burgenses
1537 1181 1571 1210 et
1590 1189 1682 1211 com-

202 1242 411 1277 munitatem
428 1240 531 1285 burgi
550 1239 592 1273 de
613 1237 794 1272 Reinfrew
815 1247 880 1282 pro
910 1233 1011 1267 nobis
1040 1238 1074 1266 et
1104 1231 1227 1266 nostris
1244 1231 1490 1266 succefforibus
1507 1233 1620 1267 teneri
1647 1239 1682 1267 et

201 1298 349 1334 firmiter
368 1296 515 1342 obligari
535 1292 702 1341 religiofis
720 1292 803 1327 viris
821 1291 971 1325 dominis
992 1289 1123 1324 Abbati
1154 1295 1188 1323 et
1217 1290 1407 1324 conventui
1425 1290 1620 1325 monasterii
1640 1291 1683 1325 de

203 1350 358 1400 Paffelay
389 1356 424 1386 et
454 1363 577 1385 eorum
609 1346 866 1386 suecefl'oribus,
907 1346 1040 1380 ordinis
1068 1344 1315 1386 Cluniaeeufis,
1346 1345 1579 1393 Glasgwenfis
1610 1347 1683 1381 dio-

204 1409 295 1450 cefis,
316 1409 352 1442 in
370 1420 442 1442 una
459 1419 576 1441 marca
593 1405 685 1439 bone
704 1409 739 1438 et
756 1402 877 1449 legalis
895 1407 1036 1436 monete
1054 1414 1118 1448 pro
1137 1401 1340 1436 molendino
1355 1402 1496 1437 illorum
1512 1403 1555 1437 de
1576 1403 1683 1437 Rein-

204 1466 303 1506 frew,
330 1463 496 1499 solvenda
517 1461 644 1497 eisdem
665 1459 796 1494 Abbati
815 1464 848 1493 et
868 1458 1058 1493 conventui
1076 1463 1111 1492 et
1139 1470 1262 1491 eorum
1280 1456 1524 1493 succefl'oribus
1542 1459 1583 1493 ad
1603 1458 1683 1493 festa

206 1520 426 1556 Pentecostes
445 1524 479 1554 et
499 1517 618 1553 Sancti
638 1515 785 1550 Martini
800 1516 836 1549 in
851 1527 950 1562 yeme
964 1527 1027 1562 per
1040 1514 1179 1560 equales
1191 1514 1370 1561 portiones
1382 1514 1571 1549 secundum
1589 1516 1683 1561 quod

203 1581 388 1625 proportat
407 1580 441 1610 et
459 1574 603 1609 testatur
621 1573 656 1606 in
675 1572 857 1606 evidentiis
876 1571 1045 1606 confeffis
1072 1571 1164 1604 inter
1194 1583 1258 1604 nos
1289 1576 1323 1605 et
1350 1570 1449 1617 ipios.
1503 1570 1563 1605 Ad
1589 1572 1683 1618 quod

205 1633 356 1667 fideliter
375 1630 642 1669 observandum,
669 1628 861 1662 tenendum
881 1633 915 1661 et
933 1627 1129 1662 faciendum
1148 1628 1260 1661 modis
1278 1628 1313 1661 in
1333 1628 1504 1669 omnibus,
1523 1635 1629 1676 prout
1647 1630 1683 1663 in

207 1701 327 1724 eorum
349 1686 533 1722 evidentiis
565 1691 599 1720 et
629 1683 752 1718 nostris
777 1683 914 1730 plenius
933 1684 1145 1723 continetur,
1175 1683 1368 1729 obligamus
1397 1696 1461 1718 nos
1489 1690 1524 1719 et
1551 1685 1684 1720 nostros

206 1742 415 1779 succeffores
433 1748 469 1777 et
488 1741 606 1776 omnia
622 1740 715 1774 bona
732 1739 847 1774 nostra
865 1739 1006 1774 mobilia
1032 1746 1066 1775 et
1092 1740 1281 1775 immobilia
1299 1741 1497 1787 ubicunque
1523 1741 1682 1777 locorum

206 1801 337 1835 fuerint
355 1800 499 1834 inventa
518 1798 592 1832 fore
612 1796 858 1842 distringenda,
887 1797 1071 1837 namanda,
1100 1797 1277 1844 capienda,
1306 1803 1340 1832 et
1366 1797 1571 1833 abducenda
1588 1804 1622 1833 et
1640 1800 1683 1834 ad

208 1857 429 1892 voluntatem
459 1855 635 1889 dictorum
664 1852 812 1886 Abbatis
842 1858 877 1887 et
904 1858 1098 1887 conventus
1129 1859 1164 1887 et
1194 1866 1317 1888 eorum
1346 1852 1587 1896 succefl'orum,
1615 1854 1685 1890 fine

208 1913 351 1948 licentia
367 1911 513 1958 alicujus
531 1908 675 1944 ministri
694 1907 903 1943 ecclesiastici
934 1908 992 1944 seu
1018 1908 1178 1944 iecularis
1196 1910 1391 1951 vendenda,
1418 1911 1596 1958 quousque
1614 1916 1684 1946 tam

211 1970 254 2004 de
269 1969 427 2016 dampnis
441 1979 543 2014 quam
560 1964 716 2013 expenfis
735 1970 769 1999 et
786 1964 962 1999 laboribus
976 1978 1054 2011 que,
1074 1978 1160 2012 quos
1174 1965 1230 2000 vel
1249 1979 1332 2012 quas
1350 1965 1409 2014 ipfi
1424 1967 1544 2002 Abbas
1558 1974 1592 2002 et
1604 1981 1685 2002 con-

211 2030 338 2060 ventus
356 2030 391 2058 et
409 2035 531 2060 eorum
549 2018 765 2061 suecefl'ores,
782 2019 956 2055 occasione
975 2022 1068 2057 dicte
1085 2021 1217 2056 summe
1235 2023 1381 2069 pecunie
1399 2023 1511 2058 forma
1527 2023 1686 2071 premifl'a

212 2095 286 2116 non
300 2080 422 2121 solute,
436 2078 669 2118 sustinuerint,
683 2089 785 2123 quam
801 2077 843 2111 de
854 2077 1047 2124 principali,
1060 2077 1214 2124 plenarie
1230 2078 1335 2113 fuerit
1346 2077 1570 2121 satisfa6fflm,
1586 2081 1684 2116 nullo

216 2137 371 2172 remedio
384 2136 474 2184 juris
493 2134 649 2170 canonici
668 2132 727 2168 seu
745 2132 853 2167 civilis
871 2133 907 2167 in
926 2134 1138 2168 contrarium
1159 2134 1324 2169 obstante.
1368 2135 1412 2169 In
1426 2136 1686 2183 cujus‚‚reitesti-

217 2194 374 2227 monium
394 2191 542 2239 sigillum
562 2202 747 2225 commune
774 2188 879 2224 nostri
898 2189 998 2236 burgi
1019 2189 1061 2224 de
1086 2190 1248 2226 Reinfrw
1264 2190 1479 2238 presentibus
1497 2192 1544 2227 est
1560 2206 1686 2241 appen—

217 2249 291 2283 sum
310 2248 401 2295 apud
422 2247 606 2282 Reinfrew
625 2247 661 2280 in
678 2246 768 2281 festis
796 2245 1047 2292 Apostolorum
1066 2245 1216 2294 Philippi
1236 2252 1269 2282 et
1286 2247 1408 2284 Jacobi
1426 2260 1519 2283 anno
1539 2248 1685 2283 Domini

219 2303 398 2339 millefimo
416 2301 755 2350 quadringentesmio
774 2302 909 2337 decimo
926 2307 1061 2348 quarto.
