1839 2652
163 270 211 302 QO
558 259 872 295 REGISTRUM
902 257 1240 294 MONASTERII

163 362 232 398 suis
250 361 292 395 de
320 358 419 393 nobis
450 362 484 391 et
513 355 758 391 successoribus
784 354 907 388 nostris
937 355 1208 401 imperpetuum,
1236 352 1363 388 seilicet
1393 360 1427 387 et
1454 366 1519 400 pro
1549 359 1644 388 terra·

164 420 257 453 inter
277 416 374 450 Maio
392 419 426 448 et
445 413 584 453 Calder,
614 418 648 446 et
674 418 768 446 terra
786 411 828 445 de
848 410 1021 450 Durabat,
1050 415 1084 443 et
1116 409 1354 455 MickelregiS,
1385 414 1420 443 et
1438 422 1500 455 pro
1520 409 1644 443 ceteris

167 473 269 509 terris
282 477 315 505 et
326 468 543 504 libertatibus
555 481 639 514 quas
652 467 752 501 nobis
764 466 859 500 dedit
875 471 908 499 et
917 463 1090 505 concellit,
1098 464 1183 498 ficut
1197 470 1292 498 carta
1299 464 1326 511 ej
1333 477 1371 498 us
1385 464 1527 498 testatur
1541 476 1642 510 quam

165 540 273 577 penes
291 539 355 560 nos
372 525 550 558 habemus.
581 523 660 556 Hiis
679 522 828 562 testibus,
844 521 1002 555 Waltero
1018 519 1222 566 Glasguenfi
1237 519 1407 567 episcopo,
1425 519 1590 554 lVilelmo
1603 519 1647 553 de

165 583 314 631 Lynsay,
358 580 516 615 Roberto
547 579 651 619 Croo,
681 577 845 611 Wilelmo
877 577 920 610 de
952 576 1041 616 Lile,
1072 576 1231 610 Henrico
1260 576 1303 610 de
1334 575 1418 616 Nes,
1458 575 1577 609 Alano
1604 575 1647 609 de

170 639 275 681 Croc,
305 636 462 683 Rogerio
491 633 654 674 Avenell,
681 633 842 679 magistro
862 632 968 666 Petro
1000 632 1042 666 de
1070 631 1237 672 Driburc,
1267 631 1421 666 Radulfo
1453 631 1644 678 capellano,

167 695 267 730 Luca
283 692 474 740 capellano,
504 690 670 724 Wilelmo
688 689 760 723 filio
780 688 905 728 Maidi,
934 693 968 722 et
988 687 1105 721 multis
1123 687 1208 721 aliis.

172 864 230 898 De
248 862 403 897 multura
421 861 464 895 de
482 860 593 906 burgo
613 859 656 893 de
677 858 814 893 Renfru
832 856 1036 891 molendino
1056 856 1098 890 de
1120 855 1269 896 Renfru,
1299 862 1334 890 et
1352 855 1394 889 de
1414 868 1523 890 mora.

174 971 466 1008 WALTERUS
483 971 575 1005 filius
594 969 713 1009 Alani,
729 968 931 1003 senescallus
947 967 1072 1007 Scotie,
1083 966 1273 1013 justiciario
1287 966 1449 1000 Galfrido
1463 965 1651 1000 Marscallo

175 1036 211 1065 et
227 1028 409 1077 prepositis
428 1028 470 1062 de
491 1026 630 1061 Renfru
648 1025 809 1059 fidelibus
826 1023 893 1058 suis
912 1023 1068 1057 salutem.
1109 1021 1320 1056 Mandamus
1339 1022 1436 1056 vobis
1455 1028 1488 1056 et
1505 1022 1652 1068 precipi-

175 1099 253 1122 mus
271 1086 434 1132 quatInus
452 1083 660 1129 distringatis
690 1080 878 1127 burgenses
915 1079 958 1113 de
991 1078 1129 1112 Renfru
1159 1078 1203 1111 ad
1230 1077 1431 1112 solvendam
1462 1077 1652 1112 multuram

176 1142 367 1191 plenariam
386 1140 564 1174 monachis
582 1138 704 1172 nostris
723 1138 765 1171 de
786 1134 932 1170 Pafl'elet
951 1140 985 1168 et
1002 1133 1206 1167 molendino
1226 1134 1419 1168 eorundem
1438 1133 1480 1167 de
1502 1133 1650 1172 Renfru,

176 1198 261 1233 ficut
280 1197 435 1231 multura
463 1194 609 1229 solvitur
627 1194 662 1226 in
681 1192 755 1226 aliis
773 1192 891 1237 burgis
918 1203 980 1238 per
1010 1195 1161 1235 quatuor
1191 1195 1306 1235 partes
1332 1189 1369 1222 in
1397 1189 1555 1222 circuitu.
1607 1187 1655 1221 Et

178 1254 309 1289 faciatis
326 1257 366 1286 ut
384 1250 443 1298 ipfi
460 1249 622 1284 monaehi
640 1248 790 1282 habeant
804 1252 937 1293 partem
953 1245 1046 1280 [uam
1067 1245 1109 1278 de
1124 1257 1234 1284 mora,
1262 1250 1297 1278 et
1315 1244 1413 1278 nullo
1432 1244 1537 1278 modo
1556 1243 1658 1278 omit-

179 1311 269 1345 tatis.
321 1308 460 1343 Valete.

184 1480 292 1515 Carta
310 1478 352 1512 de
373 1476 588 1523 Hyllington
607 1487 649 1508 ex
668 1473 858 1507 donatione
878 1471 1024 1506 Walteri
1044 1472 1105 1506 filii
1125 1471 1245 1505 Alani.

189 1588 476 1626 WALTERUS
503 1587 594 1621 1111115
630 1585 749 1625 Alani,
780 1585 912 1618 domini
943 1584 1051 1629 Regis
1087 1583 1201 1617 Scotie
1243 1581 1458 1621 senescallus,
1499 1580 1660 1615 omnibus

184 1646 383 1682 hominibus
401 1650 435 1679 et
453 1643 569 1677 amicis
589 1641 655 1675 suis
672 1647 742 1675 tam
760 1639 975 1686 presentibus
993 1652 1095 1685 quain
1110 1639 1236 1672 futuris
1259 1637 1414 1671 salutem.
1467 1637 1587 1671 Sciatis
1606 1649 1661 1670 me

187 1701 326 1742 dedifl'e‚
347 1697 540 1736 coneefliffe
559 1704 593 1732 et
610 1698 675 1731 hac
692 1695 843 1743 presenti
862 1700 956 1729 carta
974 1708 1051 1729 mea
1069 1692 1284 1729 confirmaffe
1304 1693 1385 1727 Deo
1404 1698 1438 1727 et
1457 1692 1586 1727 SanGto
1605 1692 1662 1728 Ja-

189 1759 277 1793 cobo
295 1763 330 1792 et
349 1756 480 1791 San&o
494 1754 630 1788 Mirino
650 1753 693 1786 de
713 1749 860 1785 Passelet
879 1757 912 1784 et
932 1751 1109 1784 monachis
1128 1750 1255 1783 ibidem
1275 1749 1355 1782 Deo
1374 1747 1611 1788 servientibus,
1627 1749 1663 1781 in

190 1813 397 1849 escambium
415 1812 522 1846 totius
540 1816 632 1843 terre
651 1820 754 1853 quam
772 1807 863 1854 apud
885 1807 1075 1852 Ennyrwic
1092 1805 1291 1839 habuerunt
1310 1810 1343 1838 et
1355 1804 1459 1838 michi
1478 1809 1512 1838 et
1530 1804 1663 1838 heredi-

190 1871 254 1905 bus
271 1869 356 1904 meis
374 1881 435 1915 per
454 1872 583 1900 cartam
601 1863 694 1898 suan]
715 1863 866 1909 quietam
886 1862 1135 1901 clamaverunt,
1157 1866 1302 1907 excepta
1313 1873 1383 1893 una
1395 1872 1474 1893 acra
1485 1865 1577 1893 terre
1590 1873 1666 1906 per-

191 1929 325 1961 tinente
352 1925 396 1958 ad
413 1923 577 1958 vicarium
608 1933 650 1953 ex
678 1918 872 1964 aquilonari
900 1923 997 1963 parte
1027 1917 1197 1956 01111118τί1,
1226 1922 1261 1950 et
1291 1916 1443 1962 exceptis
1474 1914 1667 1961 meflilagiis

193 1983 284 2017 circa
301 1981 498 2016 cimiterum
517 1976 622 2022 usque
640 1975 684 2008 ad
702 1973 866 2013 rivulum,
895 1986 973 2006 cuni
993 1978 1071 2006 orto
1092 1978 1126 2006 et
1153 1972 1228 2006 aliis
1246 1970 1437 2005 afiamentis
1455 1984 1522 2016 que
1540 1970 1667 2005 habere

193 2038 349 2072 solebant
375 2036 418 2069 ad
445 2034 595 2068 decimas
626 2030 812 2077 garbarum
831 2028 1054 2074 colligendas,
1084 2028 1177 2061 illam
1209 2032 1424 2061 carrucatam
1457 2032 1549 2061 terre
1575 2027 1668 2074 apud

197 2094 401 2139 Hillington
419 2103 522 2137 quam
544 2086 752 2133 Radulphus
782 2085 982 2132 capellanus
1001 2086 1125 2125 tenuit,
1154 2097 1234 2118 cum
1253 2084 1414 2118 omnibus
1438 2083 1537 2130 justis
1566 2085 1675 2131 perti-

196 2149 324 2184 nentiis
336 2154 370 2182 et
386 2145 497 2181 divisffi
509 2145 576 2179 suis
590 2159 599 2186 3
621 2143 667 2177 Et
685 2142 828 2188 triginta
841 2141 950 2175 bollas
961 2141 1070 2175 farine
1086 2140 1265 2174 annuatim
1280 2139 1520 2186 percipiendas
1534 2140 1576 2173 de
1590 2139 1671 2173 Ada

197 2206 240 2240 de
261 2204 358 2239 Kent
376 2209 410 2237 et
427 2201 612 2236 heredibus
630 2198 708 2238 11115,
736 2211 800 2245 pro
819 2203 913 2232 terra
929 2196 989 2231 sua
1007 2197 1049 2230 (18
1077 2195 1257 2242 Ingliston,
1287 2200 1321 2229 et
1351 2200 1464 2228 totum
1494 2193 1672 2228 servitium

198 2260 299 2308 11111115
320 2259 399 2293 Α(18
419 2263 453 2292 et
471 2257 641 2291 heredum
667 2255 810 2289 suorum
830 2253 1099 2300 imperpetuum,
1120 2264 1199 2285 cum
1217 2250 1378 2284 libertate
1408 2249 1560 2284 habendi
1584 2250 1675 2284 infra

197 2315 355 2352 forestam
375 2326 486 2349 meam
504 2313 599 2348 ultra
618 2311 719 2352 Kert,
746 2322 809 2358 per
827 2308 936 2345 visum
963 2307 1221 2343 forestariorum
1239 2318 1410 2347 meorum,
1439 2305 1603 2340 focalium
1630 2307 1674 2340 ad
