1839 2652
863 264 899 300 ix

179 366 376 398 Confirmatio
392 365 520 396 Roberti
534 363 622 406 regis,
638 363 675 394 de
690 367 770 394 terra
785 363 822 393 de
837 362 865 392 Ie
879 361 1026 397 Thornle‚
1040 360 1078 390 fo.
1091 360 1175 391 xlvii.
1194 360 1303 399 (1404,
1318 360 1425 389 iterum
1442 359 1552 398 scripta

135 426 217 450 carta
234 419 376 460 Hugonis
392 418 500 449 VValas
517 428 584 457 quae
601 420 684 447 extat
699 425 797 455 supra,
815 425 842 454 p.
860 414 912 452 79,
938 412 1047 451 1403‚)
1524 409 1550 439 P
1577 410 1618 438 80

184 491 424 521 Instrumentum
439 487 672 519 renunciationis
687 485 799 516 domini
810 485 831 514 J
835 483 959 514 ohannis
972 482 1092 518 walam,
1104 486 1132 512 et
1143 482 1271 520 qualiter
1282 481 1456 521 recognovit
1469 491 1555 510 suum

139 552 267 571 errorem
283 541 319 570 de
335 540 445 580 injusta
457 538 632 579 spoliatione
643 543 791 568 terrarum
801 535 838 566 de
851 535 988 564 Thorule
1000 534 1211 564 monachorum
1223 534 1259 563 de
1273 533 1394 573 Paslay,
1407 533 1444 562 fo.
1459 533 1553 562 xlviii.

141 591 265 630 (1449)
1580 584 1621 612 82

183 659 340 700 Regalitas
355 658 434 699 regis
449 659 471 688 J
474 658 558 689 aoobi
575 657 688 697 quarti,
713 657 751 687 fo.
768 655 843 686 xlix.
871 655 997 695 (1488‚)
1580 655 1622 683 84

184 727 381 760 Confirmatio
397 727 563 758 Alexandri
577 737 653 767 pape
670 726 724 762 iiii,
742 735 829 766 super
844 724 1034 754 libertatibus
1050 725 1087 755 de
1104 724 1235 761 Pasleto,
1259 726 1297 754 fo.
1315 726 1333 754 l.
1352 725 1477 764 (1254)
1580 724 1622 754 86

183 799 346 830 Relaxatio
360 799 487 829 duarum
503 798 671 828 celdrarum
686 796 781 827 farine
802 796 965 826 molendini
981 797 1018 826 de
1034 797 1165 833 Pasleto‚
1182 797 1220 826 fo.
1238 797 1267 826 li.
1291 796 1452 837 (1164-7
1456 797 1500 835 7,)
1583 796 1624 826 86

185 870 278 899 Carta
294 868 428 899 Walteri
442 868 498 907 filii
514 868 614 905 Alani,
631 868 668 898 de
683 866 817 907 plenaria
832 870 912 897 secta
927 866 1090 897 molendini
1106 867 1143 897 de
1160 868 1281 897 Pasleto
1305 872 1334 897 et
1360 867 1446 903 Rais,
1473 867 1511 897 fo.
1529 868 1558 896 li.

144 918 355 959 (nol-770
1585 919 1626 956 87

186 990 280 1019 Carta
295 988 461 1019 Alexandri
476 988 532 1018 filii
547 987 692 1024 lValteri‚
709 987 746 1017 de
761 988 876 1018 duabus
899 988 1006 1019 celdris
1030 989 1125 1019 farine
1141 989 1178 1019 de
1202 989 1288 1019 firma
1316 990 1486 1020 Inchinnan
1508 1001 1562 1030 pro

145 1040 277 1070 multura
292 1040 329 1070 de
345 1039 419 1075 Ras,
444 1039 482 1069 fo.
499 1038 531 1068 li.
557 1037 682 1078 (1246)

188 1111 282 1141 Carta
298 1109 462 1140 Alexandri
478 1109 533 1139 filii
549 1109 682 1139 Walteri
699 1109 736 1139 de
751 1114 831 1139 terra
847 1109 924 1140 infra
940 1111 1084 1150 parchum
1097 1111 1221 1149 inclusa,
1239 1116 1268 1142 et
1280 1112 1333 1142 viii
1348 1113 1455 1143 celdris
1470 1113 1564 1144 fiirine

145 1172 242 1191 annue
257 1161 406 1200 pensionis
421 1160 458 1190 de
474 1160 656 1196 Inchinnan,
673 1160 711 1189 fo.
728 1159 770 1189 lii.
797 1162 837 1200 (p.
856 1160 966 1201 1246)

1589 1166 1630 1194 88

191 1232 284 1261 Carta
299 1230 418 1261 licentie
433 1230 572 1260 trahendi
588 1240 696 1268 aquam
713 1240 730 1259 a
745 1230 844 1260 rivulo
860 1232 1011 1273 Espdayr,
1036 1233 1073 1263 fo.
1090 1233 1131 1262 lii.
1158 1235 1199 1273 (p.
1217 1233 1326 1273 1246)
1590 1238 1631 1265 88

191 1300 390 1331 Confirmatio
406 1299 544 1329 wilelmi
559 1299 638 1339 regis
655 1300 764 1336 scotie,
781 1301 818 1330 de
837 1306 911 1339 toto,
935 1303 973 1332 fo.
990 1303 1031 1332 lii.
1058 1304 1267 1344 (1179-89,)
1592 1308 1633 1338 89

193 1370 392 1401 Confirmatio
408 1370 547 1399 Wilelmi
563 1370 641 1409 regis
658 1370 758 1399 scotie
783 1371 819 1400 de
835 1372 971 1402 omnibus
987 1373 1073 1402 terris
1089 1373 1167 1404 infra
1183 1374 1342 1414 Aldpatrik
1369 1380 1399 1405 et
1415 1376 1565 1416 Espdayr=

151 1427 179 1451 et
192 1422 229 1451 de
238 1426 318 1450 terra
330 1431 421 1460 prope
432 1419 637 1449 molendinum
647 1420 684 1449 de
698 1420 828 1457 Pasleto,
841 1426 870 1451 et
879 1422 916 1451 de
928 1422 1053 1461 piscaria
1065 1424 1102 1453 cle
1113 1424 1250 1461 Renfrw,
1262 1425 1299 1454 fo.
1310 1425 1363 1455 liii.
1379 1426 1452 1465 (121
1459 1427 1547 1465 1-4,)
1592 1429 1633 1459 89

194 1490 392 1521 Confirmatio
407 1489 519 1519 domini
536 1489 700 1519 Alexandri
716 1489 771 1519 filii
788 1490 921 1522 Walteri
937 1494 975 1522 de
990 1494 1128 1523 omnibus
1143 1495 1240 1531 terris,
1257 1495 1295 1525 fo.
1310 1495 1364 1525 liii.
1390 1497 1515 1536 (1252)
1594 1500 1634 1529 90

194 1562 328 1592 Donatio
344 1561 509 1601 regalitatis
526 1561 653 1590 Roberti
669 1561 751 1590 tertii
767 1562 845 1601 regis
863 1563 972 1599 Scotie,
997 1564 1034 1593 de
1062 1564 1138 1605 Kyll
1154 1569 1184 1594 et
1206 1566 1242 1595 de
1258 1566 1394 1596 omnibus
1410 1568 1495 1597 terris
1511 1578 1572 1597 mo-

153 1612 273 1642 nasterii
289 1612 326 1642 de
342 1611 463 1641 Pasleto
480 1611 509 1640 in
526 1621 615 1641 unam
631 1611 797 1648 baroniam,
821 1613 860 1642 fo.
878 1614 930 1643 liii.
950 1613 1075 1654 (1396‚)
1595 1620 1632 1651 91

198 1681 395 1712 Confirmatio
411 1681 432 1711 J
435 1682 519 1711 aeobi
537 1682 689 1711 senescalli
707 1682 818 1719 Scotie,
845 1684 882 1713 de
898 1684 985 1714 certis
1002 1685 1167 1726 privilegiis
1183 1688 1326 1717 concessis
1343 1690 1521 1718 monasterio
1537 1690 1573 1719 de

156 1733 286 1769 Pasleto,
310 1732 450 1762 videlieet
465 1732 637 1771 lapidicinia
652 1732 811 1773 frangendi
826 1737 887 1764 tam
906 1734 973 1776 [ad]
992 1736 1192 1766 edificandum
1208 1748 1298 1776 quam
1314 1739 1351 1767 ad
1371 1739 1480 1768 calcem
1497 1751 1574 1768 com-

156 1783 320 1813 burendam
336 1782 413 1812 infra
429 1782 584 1812 baronIam
600 1783 637 1812 de
656 1782 794 1820 Renfrw,
818 1784 856 1813 fo.
873 1784 923 1814 liv.
949 1786 1074 1824 (1294‚)

201 1854 352 1884 Robertus
368 1853 429 1882 Dei
444 1853 542 1893 gratia
556 1862 612 1883 rex
628 1853 795 1883 Scotorum.
833 1855 985 1894 Perpetua
995 1856 1140 1895 protectio
1156 1858 1246 1887 trium
1263 1859 1441 1895 clausarum,
1460 1861 1496 1889 fi».
1514 1861 1574 1890 lvii.

160 1905 284 1944 (1398‚)
1599 1912 1639 1943 96

203 1973 403 2004 Confirmatio
418 1974 597 2014 generaliter
612 1974 692 2005 facta
707 1974 744 2004 de
759 1975 896 2005 omnibus
911 1975 1120 2007 donationibus
1136 1984 1196 2008 tam
1212 1979 1242 2008 in
1259 1980 1344 2009 terris
1360 1991 1450 2018 quam
1467 1982 1496 2011 in
1513 1983 1578 2011 aliis

163 2024 329 2055 redditibus
345 2034 398 2064 per
412 2035 513 2065 regem
528 2025 697 2055 Robertum
713 2025 846 2062 tertium,
870 2025 908 2055 fo.
926 2026 987 2056 lvii.
1005 2028 1130 2066 (1396‚)

1601 2033 1642 2071 97

206 2095 302 2125 Carta
319 2095 552 2126 confirmationis
568 2095 653 2126 Petri
668 2096 705 2126 de
721 2096 836 2133 Polloc,
854 2098 891 2128 de
906 2098 1040 2133 Mei-nes,
1066 2099 1103 2127 fo.
1120 2099 1193 2129 lviii.
1220 2100 1428 2139 (1177-99‚)
1603 2104 1644 2135 98

207 2165 341 2195 Donatio
357 2165 452 2202 Petri,
469 2166 590 2196 ecclesie
605 2167 642 2197 de
658 2166 774 2203 Polloc,
798 2166 836 2196 fo.
853 2168 927 2198 lviii.
947 2168 1156 2207 (1]77-99.)
1604 2176 1645 2206 98

211 2234 411 2266 Confirmatio
426 2236 447 2265 J
451 2235 557 2266 ocelini
572 2237 711 2278 episcopi,
728 2238 849 2268 ecclesie
865 2238 901 2268 de
918 2238 1032 2273 Polloc,
1050 2239 1087 2267 fo.
1104 2239 1155 2267 lix.
1175 2240 1384 2280 (UTI-99³)
1606 2246 1646 2275 99

212 2307 305 2337 Carta
322 2305 407 2337 Petri
422 2305 477 2337 filii
493 2305 642 2345 Fulberti,
667 2308 787 2339 ecclesie
800 2309 837 2339 de
853 2308 968 2345 Polloc,
992 2309 1029 2339 fo.
1046 2309 1097 2338 lix.
1125 2310 1334 2348 (1189--99‚)
1607 2316 1647 2346 99
