1870 2683
291 267 361 301 2294<
686 259 1000 296 REGISTRUM
1029 259 1369 296 MONASTERII

289 359 520 394 servatoribus
538 370 642 403 quam
660 356 815 404 personis
832 357 927 390 ultra
944 361 1079 391 certum
1097 368 1286 391 numerum
1304 356 1348 391 ad
1361 355 1535 403 judicium
1553 369 1626 391 non
1645 370 1772 392 vocan-

293 418 354 456 dis,
386 421 419 450 et
446 415 519 449 aliis
538 414 639 448 editis
657 427 724 460 que
742 413 852 448 vestre
871 411 1006 460 poffent
1023 412 1059 446 in
1077 412 1141 447 hac
1158 418 1257 460 parte
1283 411 1519 459 jurisditffioni
1538 417 1598 446 aut
1615 413 1773 460 potestati

294 470 432 519 ejusque
451 471 560 504 libero
580 470 746 504 exercitio
764 469 1028 515 quomodolibet
1042 469 1182 503 obviare
1199 483 1208 511 ;
1237 467 1296 503 seu
1313 468 1336 502 si
1354 468 1525 515 aliquibus
1542 470 1775 503 communiter

294 528 349 561 vel
368 525 499 561 divisim
517 539 536 560 a
554 526 713 573 prediehz
729 524 768 559 fit
785 524 864 559 sede
882 525 1058 559 indultum
1077 526 1171 571 quod
1203 525 1510 565 excommunicari,
1541 523 1701 571 suspendi
1719 526 1775 559 vel

296 582 466 622 interdici,
487 580 545 616 seu
564 587 663 616 extra
681 581 737 615 vel
756 581 849 615 ultra
866 586 962 615 certa
980 581 1057 615 loca
1074 581 1118 615 ad
1130 581 1302 628 judicium
1323 581 1462 616 evocari
1481 593 1553 615 non
1571 579 1696 628 poffint
1713 594 1776 628 per

298 639 430 672 litteras
447 637 648 685 apostolicas
666 651 738 671 non
756 638 921 672 facientes
946 637 1084 684 plenam
1105 643 1139 672 et
1157 635 1346 685 expressam
1374 650 1414 672 ac
1445 637 1487 672 de
1513 637 1621 672 verbo
1639 637 1683 671 ad
1700 649 1776 671 ver-

301 694 381 727 bum
401 694 444 728 de
462 694 600 728 indulto
618 693 815 740 hujusmodi
834 699 868 728 et
887 706 1009 727 eorum
1027 693 1193 740 personiS‚
1223 694 1308 728 locis
1338 699 1373 728 et
1402 693 1602 728 nominibus
1628 693 1777 740 propriis

299 750 525 790 mentionem,
546 755 580 784 et
598 749 751 795 qualibet
769 749 835 784 alia
853 750 945 784 diste
963 748 1051 784 sedis
1068 750 1288 796 indulgentia
1304 749 1461 797 generali
1477 750 1535 784 vel
1551 749 1700 797 speciali,
1720 762 1778 783 cu-

294 805 488 852 justunque
506 806 637 840 tenoris
656 805 785 845 existat,
805 818 867 852 per
886 818 1000 851 quam,
1015 805 1230 852 presentibus
1248 819 1321 840 non
1339 803 1530 853 expressam
1548 806 1604 841 vel
1622 805 1777 840 totaliter

302 875 372 895 non
391 861 564 902 insertam,
581 861 690 896 vestre
703 861 956 909 jurisdiffionis
974 862 1159 908 explicatio
1179 862 1214 896 in
1231 862 1295 896 hac
1312 868 1411 910 parte
1430 862 1543 899 valeat
1560 861 1778 908 quomodoli-

301 918 357 951 bet
372 918 543 964 impediri,
564 924 599 952 et
612 918 654 952 de
667 931 735 964 qua
748 917 983 964 cujuscunque
998 924 1073 952 toto
1088 924 1211 953 tenore
1226 919 1269 953 de
1282 918 1389 953 verbo
1401 919 1445 953 ad
1458 918 1605 953 verbum
1619 917 1778 952 habenda

301 973 338 1007 sit
357 975 393 1006 in
411 973 533 1008 nostris
550 974 675 1008 litteris
693 975 825 1008 mentio
844 974 1007 1020 specialis.
1060 974 1228 1009 Ceterum
1247 974 1409 1009 volumus
1436 980 1471 1009 et
1498 974 1683 1022 apostolica
1699 987 1778 1008 auc-

302 1030 442 1063 toritate
461 1030 680 1064 decernimus
698 1030 793 1076 quod
810 1030 955 1076 quilibet
974 1030 1123 1064 vestrum
1142 1029 1302 1076 prosequi
1328 1030 1442 1065 valeat
1469 1031 1655 1065 articulum
1674 1030 1777 1064 etiam

304 1099 364 1131 per
382 1086 490 1119 alium
509 1086 711 1120 inchoatum
738 1086 895 1132 quamvis
913 1086 1003 1120 iden]
1024 1086 1191 1120 inchoans
1208 1087 1307 1121 nullo
1334 1087 1440 1122 fuerit
1458 1087 1707 1134 impedimento
1726 1098 1779 1120 ca-

302 1142 429 1175 nonico
448 1142 672 1188 prepeditus;
701 1142 864 1188 quodque
883 1155 903 1176 a
921 1141 1000 1175 data
1017 1141 1228 1189 presentium
1255 1141 1295 1176 fit
1320 1143 1417 1177 vobis
1444 1149 1478 1177 et
1503 1143 1691 1188 unicuique
1709 1142 1780 1176 ves-

303 1204 395 1230 trum
415 1198 450 1230 in
469 1196 634 1243 premissis
653 1197 813 1231 omnibus
832 1203 866 1231 et
886 1210 1008 1231 eorum
1026 1196 1176 1243 singulis,
1208 1199 1316 1244 ceptis
1335 1204 1370 1232 et
1388 1211 1459 1232 non
1478 1198 1596 1245 ceptis,
1616 1196 1781 1245 presenti-

305 1254 368 1287 bus
388 1260 422 1287 et
440 1253 575 1293 futuris,
596 1259 801 1300 perpetuata
818 1253 964 1300 potestas
983 1259 1017 1288 et
1028 1253 1226 1300 jurisdictio
1245 1254 1421 1295 attributa,
1441 1260 1481 1288 ut
1495 1267 1536 1289 eo
1554 1254 1675 1300 vigore
1694 1260 1728 1288 et
1742 1267 1783 1288 ea

306 1310 468 1343 firmitate
487 1308 615 1356 possitis
632 1310 669 1343 in
687 1308 853 1356 premiflis
872 1309 1044 1349 omnibus
1077 1310 1184 1357 ceptis
1212 1316 1247 1344 et
1275 1323 1346 1344 non
1365 1311 1484 1357 ceptis,
1516 1310 1730 1357 presentibus
1748 1316 1783 1344 et

306 1367 441 1406 futuris,
475 1372 509 1400 et
526 1379 590 1412 pro
610 1366 776 1413 prediGffls
794 1366 996 1413 procedere,
1028 1378 1067 1399 ac
1084 1363 1108 1399 fi
1126 1366 1285 1413 prediEta
1315 1366 1432 1400 omnia
1457 1371 1492 1400 et
1517 1365 1649 1412 singula
1666 1378 1784 1400 coram

307 1422 404 1455 vobis
423 1428 523 1468 cepta
539 1420 689 1462 fuissent,
722 1429 755 1456 et
781 1420 979 1468 jurisdifi‘tio
997 1421 1108 1456 vestra
1138 1428 1172 1456 et
1203 1421 1382 1469 cujussibet
1398 1421 1548 1456 vestrum
1566 1422 1602 1456 in
1619 1421 1785 1469 preditffis

310 1477 470 1512 omnibus
488 1484 522 1512 et
540 1477 680 1524 singulis
698 1491 759 1524 per
778 1478 979 1512 citationem
996 1477 1052 1511 vel
1072 1478 1214 1512 modum
1233 1478 1338 1512 alium
1358 1483 1565 1525 perpetuata
1575 1478 1784 1524 legittimum

312 1532 484 1574 extitisset,
516 1534 761 1568 constitutione
780 1533 940 1580 predffiffl
956 1533 1057 1579 super
1084 1534 1384 1569 conservatoribus
1411 1540 1446 1568 et
1475 1534 1543 1568 alia
1571 1533 1724 1580 qualibet
1749 1534 1786 1567 in

313 1591 526 1623 contrarium
542 1590 633 1624 edita
647 1602 719 1623 non
734 1589 899 1623 obstante.
929 1588 1061 1623 Datum
1077 1589 1255 1624 Avinione
1272 1590 1392 1624 Idibus
1407 1590 1550 1636 Aprilis,
1564 1589 1787 1636 pontificatus

314 1645 416 1679 nostri
436 1658 529 1679 anno
544 1645 705 1679 secundo.
750 1645 938 1691 Duplicata
951 1657 984 1691 p.
1000 1644 1042 1678 de
1057 1645 1177 1680 Faiol’.
1217 1646 1354 1687 Quibus
1368 1646 1491 1680 litteris
1503 1646 1666 1693 perleefis
1678 1651 1713 1680 et
1726 1658 1787 1679 no-

313 1704 363 1736 bis
380 1703 593 1750 presentatis,
614 1716 676 1750 per
694 1703 823 1748 nosque
842 1715 920 1737 cum
940 1715 1008 1748 qua
1026 1702 1141 1737 decuit
1160 1703 1357 1736 reverentia
1371 1702 1528 1749 receptis,
1549 1707 1704 1748 exparte
1719 1701 1788 1735 dic-

314 1767 431 1793 torum
450 1759 688 1805 religiosorum
711 1759 857 1793 Abbatis
883 1764 918 1793 et
944 1764 1138 1793 conventus
1156 1757 1351 1792 monasterii
1377 1756 1611 1792 Cluniacenfis
1630 1763 1664 1792 et
1682 1770 1789 1792 mem-

315 1816 458 1849 brorum
478 1815 630 1862 ejusdem
649 1815 762 1850 eidem
781 1814 987 1849 monasterio
1017 1813 1252 1860 subjectorum
1271 1813 1371 1848 nobis
1389 1814 1503 1848 extitit
1521 1813 1698 1848 humiliter
1715 1813 1790 1860 sup-

315 1872 480 1917 plicatum
498 1877 537 1905 ut
556 1877 679 1905 contra
697 1877 934 1918 occupatores,
955 1871 1166 1910 detentores,
1186 1870 1417 1917 usurpatores
1447 1869 1694 1910 molestatores,
1713 1882 1789 1917 pre-

316 1928 518 1974 sumptores,
548 1933 705 1974 raptores
723 1933 758 1961 et
776 1927 997 1973 injuriatores
1015 1927 1191 1961 di&orum
1217 1925 1471 1972 religiosorum,
1499 1925 1725 1973 personarum
1755 1932 1790 1960 et

319 1985 492 2018 bonorum
520 1984 687 2023 omnium,
717 1983 897 2017 mobilium
917 1988 951 2017 et
967 1981 1198 2016 immobilium
1228 1981 1381 2029 ipsorum
1399 1988 1434 2017 et
1452 1982 1631 2016 hominum
1651 1982 1791 2016 suorum

320 2040 488 2074 vellemus
501 2039 687 2086 providere
702 2039 827 2073 eisdem
846 2039 889 2073 de
906 2039 1062 2073 remedio
1077 2038 1294 2072 condecenti.
1346 2037 1422 2073 Nos
1436 2051 1520 2074 vero
1535 2038 1665 2078 Abbas,
1679 2039 1791 2086 judex

321 2103 355 2130 et
373 2096 595 2130 conservator
613 2096 648 2129 in
667 2095 798 2142 justitia
816 2094 942 2129 eisdem
960 2093 1124 2140 religiosis
1142 2094 1291 2129 deficere
1317 2095 1488 2135 nolentes,
1515 2095 1694 2141 presertim
1712 2096 1792 2141 quia

102 2167 107 2181 ι
144 2176 152 2184 ,
172 2165 214 2185 ,α’
248 2163 295 2184 vm.
322 2153 442 2186 mundi
461 2152 592 2186 malitia
608 2152 783 2186 intantum
814 2151 922 2185 crevit
940 2150 1034 2196 quod
1059 2149 1120 2184 nisi
1147 2149 1294 2196 religiosi
1321 2150 1489 2185 haberent
1517 2150 1730 2186 defensorem
1749 2151 1791 2185 ad

317 2208 482 2255 justitiam
501 2209 661 2244 celeriter
676 2209 901 2243 obtinendam
913 2214 1036 2242 contra
1049 2206 1294 2247 molestatores,
1310 2206 1510 2241 detentores
1524 2211 1559 2240 et
1571 2206 1792 2253 injuriatores

325 2264 531 2310 hujusmodi,
564 2265 664 2299 multi
683 2265 841 2299 homines
873 2264 992 2298 Deum
1010 2276 1072 2311 pre
1091 2263 1200 2298 oculis
1217 2275 1289 2297 non
1308 2262 1484 2302 habentes,
1517 2262 1571 2296 sed
1601 2261 1659 2296 sue
1676 2260 1792 2296 salutis

326 2322 555 2360 immemores,
571 2334 642 2355 non
662 2326 868 2355 vererentur
886 2333 991 2354 manu
1010 2319 1174 2366 sacrilega
1191 2332 1313 2354 eorum
1331 2318 1530 2354 substantias
1546 2318 1711 2365 usurpare
1726 2333 1736 2361 3
1757 2326 1791 2354 et
