1839 2652
744 254 816 289 DE
843 253 1113 289 PASSELET.
1598 258 1668 289 Q85

189 349 258 396 legi
276 354 311 384 et
329 349 372 384 de
390 349 498 385 verbo
516 351 559 385 ad
578 351 725 386 verbum
744 351 896 386 fideliter
913 351 978 385 feci
996 350 1136 397 copiari,
1157 349 1263 384 nichil
1281 349 1412 385 addens
1430 349 1487 385 vel
1502 350 1664 384 minuens

187 405 282 451 quod
297 405 431 440 sensum
450 407 561 442 variet
578 413 638 442 aut
655 407 876 442 intellectum
893 406 1111 447 transmutet,
1130 405 1191 441 sub
1209 419 1302 441 anno
1318 406 1466 441 Domini
1483 405 1662 441 millesimo

187 461 527 508 quadringentesimo
554 469 691 510 quarto,
721 463 844 498 menfis
874 463 897 499 J
900 463 961 497 ulii
992 463 1047 497 die
1075 463 1344 509 quartadecima,
1375 463 1569 497 indictione
1596 468 1664 496 ter-

186 517 380 558 tiadecima,
408 519 631 564 pontificatus
648 517 845 554 sanetiffimi
862 520 898 553 in
918 519 1054 553 Christo
1080 519 1187 566 patris
1204 525 1239 553 et
1257 519 1390 553 domini
1407 518 1513 554 nostri
1531 518 1665 553 domini

188 572 373 608 Benedicti
392 575 510 609 divina
529 575 750 622 providentia
767 588 855 622 pape
885 575 1107 609 tertiidecimi
1137 587 1231 609 anno
1260 575 1407 609 decimo.
1461 575 1573 622 Super
1590 575 1663 620 qui-

186 629 250 663 bus
269 630 429 664 omnibus
447 636 482 664 et
499 629 641 677 fingulis
654 631 747 664 idem
773 630 935 664 dominus
955 630 1149 670 lVilelmus,
1169 631 1245 665 vice
1263 630 1312 665 sui
1332 631 1492 672 Abbatis‚
1512 643 1663 665 conven-

186 690 242 719 tus
268 691 303 719 et
321 685 518 720 monasterii
536 686 737 733 supradicti,
757 687 858 733 petiit
875 699 937 733 per
955 698 1011 720 me
1037 685 1265 733 subscriptum
1296 688 1473 721 notarium
1501 686 1558 720 fibi
1587 686 1663 720 fieri

185 740 363 788 publicum
399 742 677 777 instrumentum.
731 742 827 776 Acta
844 742 989 776 fuerunt
1007 742 1071 775 hec
1089 742 1125 775 in
1144 742 1283 776 civitate
1313 741 1528 788 Glasgwenfi
1554 755 1663 789 prope

185 809 324 832 crucem
342 798 409 832 fori
428 797 592 845 ejusdem,
620 798 682 832 sub
699 810 804 838 anno,
832 798 1036 837 indictione,
1065 796 1192 837 mense,
1222 798 1276 831 die
1295 803 1330 832 et
1355 798 1561 844 pontificatu
1587 810 1664 844 pre-

185 853 298 887 dietis.
361 853 583 888 Presentibus
617 853 770 888 discretis
799 854 883 887 viris
911 853 1061 887 dominis
1092 852 1250 888 lValtero
1282 853 1374 888 lVan
1403 855 1532 888 vicario
1564 852 1664 888 Glas-

183 907 324 954 gwenfi,
354 908 512 943 lValtero
532 909 639 944 Bricii
657 910 787 944 vicario
807 909 850 944 de
872 908 1070 956 Kylpatrik‚
1092 908 1324 955 Glasgwenfis
1342 909 1493 950 diocefis,
1516 909 1659 955 Nigello

184 962 375 1011 Wysehard
389 965 519 999 vicario
537 965 581 1000 de
600 964 768 1012 Ersckyn,
790 964 1021 1011 Glasgwenfis
1039 963 1189 1005 diocesis,
1206 970 1240 999 et
1259 964 1429 1011 Magistro
1448 964 1662 1000 Christofero

186 1019 347 1054 Pontfret
375 1020 501 1055 clerico
533 1020 765 1068 Glasgwenfis
793 1019 944 1061 diocefis,
972 1020 1113 1055 testibus
1143 1021 1187 1055 ad
1212 1019 1372 1068 premiffa
1389 1021 1521 1055 vocatis
1538 1019 1663 1067 specia-

182 1076 262 1111 liter
280 1081 315 1110 et
332 1077 473 1123 rogatis.

280 1131 328 1166 Et
347 1145 412 1178 ego
433 1132 588 1167 Thomas
616 1133 658 1167 de
685 1132 797 1179 Barry
815 1132 981 1179 preibiter
1001 1132 1253 1168 Sanetiandree
1272 1132 1422 1173 diocesis,
1451 1132 1661 1167 auctoritate

277 1188 463 1235 apostolica
480 1194 515 1223 et
532 1188 705 1236 imperiali
734 1190 901 1229 notarius,
930 1188 1105 1236 predictas
1123 1189 1256 1224 litteras
1274 1189 1475 1236 apostolicas
1500 1188 1568 1224 five
1587 1189 1662 1223 bul-

278 1244 347 1278 lam
366 1245 448 1284 vidi,
465 1245 574 1284 tenui,
595 1257 635 1278 ac
652 1245 687 1278 in
705 1243 877 1291 presentia
894 1245 1030 1280 testium
1049 1244 1318 1292 prescriptorum
1338 1246 1380 1280 de
1399 1245 1507 1279 verbo
1525 1245 1568 1279 ad
1586 1258 1662 1279 ver-

278 1299 360 1334 bum
378 1300 523 1346 perlegi,
552 1299 691 1346 prelens
709 1299 976 1335 instrumentum
997 1301 1039 1335 de
1058 1300 1211 1348 ejusdem
1229 1314 1313 1336 vera
1330 1301 1531 1336 confefflmm
1549 1301 1659 1347 copia,

277 1368 341 1402 per
358 1356 464 1390 alium
480 1356 522 1390 de
535 1356 700 1390 mandato
716 1369 795 1390 meo
810 1362 904 1390 certa
921 1355 1062 1391 scientia
1075 1355 1251 1404 scriptum,
1266 1357 1451 1404 publicavi,
1468 1361 1501 1391 et
1516 1356 1552 1390 in
1571 1356 1660 1390 hanc

276 1411 425 1445 formam
442 1411 615 1459 publicam
634 1412 764 1458 redegi,
793 1412 848 1446 hic
866 1425 921 1447 me
947 1413 1089 1460 propria
1106 1425 1212 1447 manu
1242 1411 1428 1459 subscripfi,
1455 1410 1658 1458 signumque

276 1479 394 1502 meum
414 1466 618 1502 consuetum
636 1467 779 1515 apposui
797 1474 950 1514 rogatus,
978 1469 1015 1503 in
1033 1468 1266 1503 testimonium
1283 1466 1537 1518 premifl'orum‘.

181 1636 293 1671 Aliud
320 1635 577 1684 transumptum
608 1636 675 1671 five
706 1637 806 1683 copia
835 1638 1054 1684 quarundam
1082 1637 1278 1672 litterarum
1306 1636 1572 1686 apostolicarum
1597 1635 1657 1670 sub

179 1692 291 1727 forma
308 1691 537 1727 instrumenti.

178 1802 461 1838 UNIVERSIS
487 1804 664 1850 presentes
684 1805 818 1839 litteras
835 1804 1041 1852 inspecturis
1059 1818 1124 1840 nos
1140 1806 1248 1840 frater
1266 1805 1374 1840 Oddo
1393 1806 1436 1840 de
1456 1805 1576 1840 Protia
1593 1804 1655 1838 hu-

179 1857 269 1892 milis
287 1858 398 1905 major
415 1859 513 1905 prior
539 1860 737 1894 monasterii
757 1860 1002 1901 Cluniacenfis,
1031 1867 1155 1896 notum
1182 1862 1326 1896 facimus
1355 1861 1450 1908 quod
1480 1874 1544 1895 nos
1571 1860 1656 1895 vidi-

179 1926 266 1954 mus,
294 1914 511 1960 palpavimus
529 1922 563 1950 et
581 1917 758 1950 tenuimus
776 1929 815 1951 ac
832 1930 895 1964 per
912 1918 1087 1952 notarium
1103 1918 1281 1965 publicum
1299 1918 1555 1965 infrascriptum
1574 1916 1653 1962 legi,

178 1969 290 2004 teneri
309 1975 343 2003 et
361 1970 493 2016 palpari
510 1971 664 2012 fecimus,
693 1972 854 2018 quasdam
873 1973 1005 2007 litteras
1022 1973 1223 2020 apostolicas
1250 1974 1474 2008 dominorum
1494 1972 1655 2007 Clemen-

178 2025 222 2059 tis
239 2037 327 2072 pape
344 2024 429 2059 sexti
448 2032 483 2060 et
502 2026 702 2062 Innocentii
720 2041 807 2075 pape
825 2029 939 2074 quarti
958 2042 1080 2063 eorum
1099 2030 1189 2064 veris
1219 2029 1319 2064 bullis
1345 2029 1516 2076 plumbeis
1533 2028 1569 2062 in
1588 2027 1653 2061 filis

178 2080 313 2116 sericeis
331 2082 446 2116 crocei
473 2087 508 2116 et
538 2083 636 2118 rubei
654 2084 781 2118 coloris
798 2097 896 2119 more
928 2085 1090 2120 Romane
1121 2087 1215 2120 curie
1245 2085 1403 2125 bullatas,
1431 2084 1538 2125 sanas,
1567 2084 1654 2118 inte-

177 2149 267 2184 gras,
295 2149 369 2171 non
387 2138 533 2179 vitiatas,
562 2152 634 2173 non
653 2140 859 2175 cancellatas
876 2153 942 2176 nec
971 2142 1008 2175 in
1035 2141 1150 2187 aliqua
1176 2141 1227 2176 sui
1256 2147 1355 2189 parte
1385 2140 1566 2188 suspectas,
1594 2139 1652 2174 sed

178 2193 274 2227 omni
291 2192 431 2240 prorsus
448 2195 533 2228 vitio
552 2201 587 2229 et
604 2194 794 2242 suspicione
806 2202 976 2238 carentes,
990 2203 1130 2231 tenores
1144 2198 1203 2243 qui
1213 2196 1405 2243 sequuntur
1418 2197 1648 2236 continentes,

178 2248 422 2284 CLEMENS
456 2249 646 2298 Episcopus
676 2251 794 2285 servus
820 2251 999 2286 servorum
1019 2251 1089 2286 Dei
1108 2252 1244 2287 dilectis
1270 2253 1347 2287 filiis
1367 2252 1498 2287 Abbati
1516 2258 1550 2287 et
1568 2264 1649 2286 con-

178 2305 298 2341 ventui
316 2305 512 2340 monasterii
531 2306 766 2342 Cluniacenfis
784 2307 828 2342 ad
848 2307 1045 2342 Romanam
1072 2306 1246 2344 ecclesiam
1274 2308 1372 2343 nullo
1400 2309 1516 2344 medio
1546 2308 1649 2356 perti-
