1870 2683
203 274 249 311 37
268 288 274 298 .
600 265 914 301 REGISTRUM
944 264 1280 300 MONASTERII

210 370 354 400 ventum
373 364 415 397 de
436 362 580 403 Passeto,
608 367 648 397 ut
668 373 778 407 supra
782 360 877 406 filio
890 361 1096 406 precedenti
1114 372 1222 406 usque
1239 360 1319 395 huc.
1371 359 1416 395 In
1434 361 1532 408 cujus
1552 362 1604 398 rei
1620 361 1684 397 tes-

211 420 396 455 timonium
428 417 576 464 figillum
608 417 762 452 nostrum
796 416 1012 464 presentibus
1045 416 1190 450 fecimus
1223 416 1362 463 apponi.
1426 416 1560 453 Datum
1591 419 1684 466 apud

214 476 356 522 Glasgw
374 475 429 509 die
448 475 622 509 dominica
639 474 797 521 proxima
822 472 897 520 post
926 472 1047 507 festum
1065 472 1316 519 purificationis
1343 472 1442 508 beate
1471 472 1587 509 Marie
1604 474 1685 509 Vir-

211 532 311 577 ginis,
339 531 422 565 anni
439 531 549 577 gratie
568 530 627 564 Mmi
647 530 745 564 cccmi
764 529 887 576 quinti.

216 699 322 733 Carta
341 698 490 733 Roberti
509 698 661 743 [domini
680 698 741 741 de]
761 697 973 732 Portarfeild
992 697 1034 732 de
1053 697 1243 732 donatione
1257 698 1316 733 xvi
1329 699 1565 741 denariorum,
1593 704 1627 735 et
1641 700 1687 734 xii

214 755 437 789 denariorum
453 755 495 789 de
514 755 703 789 donatione
722 754 828 801 patris
846 753 895 788 sui
912 754 948 787 in
967 753 1079 800 burgo
1098 754 1141 788 de
1161 754 1320 790 Renfrw.

217 867 410 902 SCIANT
435 866 612 915 presentes
631 872 665 902 et
684 867 793 901 futuri
812 866 906 912 quod
925 878 990 912 ego
1011 865 1188 901 Robertus
1219 866 1345 901 Portar
1363 867 1525 902 dominus
1543 868 1585 902 de.
1605 868 1689 903 Por-

216 923 355 958 tarfeild
386 923 441 963 do,
471 923 626 957 concedo
645 928 680 957 et
697 923 761 957 hac
779 922 929 969 presenti
947 927 1041 956 carta
1058 935 1135 956 mea
1153 923 1323 957 confirmo
1342 923 1434 964 Deo,
1454 924 1553 958 beate
1573 923 1689 958 Marie

216 980 357 1026 Virgini
376 986 410 1014 et
427 980 535 1014 beatis
560 980 693 1015 ι11100110
720 985 754 1014 et
785 979 919 1013 Mirino
948 979 991 1012 de
1023 977 1155 1012 Passeto
1186 983 1220 1012 et
1250 979 1427 1013 monachis
1459 979 1587 1014 ibidem
1607 980 1688 1014 Deo

218 1036 442 1071 servientibus
469 1041 503 1070 et
534 1037 791 1082 imperpetuum
817 1034 1004 1074 servituris,
1033 1048 1096 1081 pro
1126 1034 1234 1069 salute
1264 1036 1378 1070 anime
1408 1048 1496 1076 mee,
1523 1037 1629 1083 patris
1655 1042 1689 1071 et

218 1093 336 1126 matris
355 1105 431 1126 mee
450 1098 483 1126 et
501 1105 565 1139 pro
583 1092 691 1126 salute
709 1092 903 1125 animarum
923 1091 1078 1125 omnium
1098 1104 1257 1125 meorum
1276 1091 1528 1126 antecessorum
1559 1098 1593 1126 et
1618 1092 1690 1127 suc-

218 1146 398 1187 cessorum,
418 1160 574 1181 annuum
593 1147 769 1181 redditum
800 1146 971 1180 sexdecim
1003 1147 1237 1187 denariorum,
1258 1147 1301 1181 de
1319 1160 1438 1182 annuo
1452 1148 1592 1182 redditu
1611 1161 1689 1183 meo

219 1204 362 1250 triginta
380 1204 604 1237 denariorum
624 1208 774 1237 exeunte
787 1203 829 1236 de
847 1202 1016 1249 burgagio
1035 1202 1206 1238 Johannis
1219 1202 1362 1237 VValkar
1374 1203 1584 1244 habendum,
1601 1205 1691 1239 infra

220 1260 368 1306 burgum
389 1260 430 1294 de
452 1259 600 1293 Renfrw
622 1259 762 1305 jacente
793 1258 883 1292 infra
913 1271 1135 1293 communem
1166 1259 1337 1294 venellam
1369 1259 1487 1294 versus
1518 1259 1691 1295 ecclesiam

219 1315 451 1362 parochialem
470 1315 739 1361 protendentem
760 1327 802 1349 ex
820 1322 918 1362 parte
937 1315 1109 1355 orientali,
1139 1328 1182 1350 ex
1198 1320 1296 1362 parte
1315 1328 1396 1356 una,
1425 1322 1459 1350 et
1485 1316 1691 1364 burgagium

221 1372 368 1419 Aymeri
386 1372 408 1407 J
412 1372 558 1405 ohannis
576 1384 619 1405 ex
636 1376 734 1418 parte
754 1371 960 1405 occidentali
980 1370 1143 1417 ejusdem,
1169 1384 1211 1405 ex
1228 1376 1326 1418 parte
1345 1372 1464 1413 altera,
1484 1373 1521 1406 in
1538 1373 1693 1414 liberam,

221 1442 343 1476 puram
364 1434 398 1462 et
416 1433 618 1475 perpetuam
640 1426 872 1462 elemofinam.
926 1426 1139 1461 Habendum
1155 1432 1189 1461 et
1200 1428 1392 1462 tenendum
1408 1434 1441 1463 et
1453 1429 1607 1476 plenarie
1621 1443 1697 1477 per-

222 1485 421 1533 cipiendum
440 1497 502 1531 per
520 1484 673 1531 prefatos
691 1484 784 1518 viros
803 1482 980 1529 religiosos
998 1481 1137 1529 fingulis
1164 1484 1263 1517 annis
1290 1484 1547 1531 imperpetuum
1564 1486 1698 1532 predic-

223 1549 298 1576 tum
316 1554 472 1575 annuum
491 1540 667 1573 redditum
687 1539 859 1574 sexdecim
887 1539 1111 1573 denariorum
1142 1539 1185 1573 ad
1216 1539 1303 1573 duos
1333 1540 1415 1574 anni
1442 1541 1610 1575 terminos
1635 1554 1699 1588 per

225 1598 363 1644 equales
380 1597 572 1644 portiones,
604 1596 767 1630 videlicet
786 1596 868 1629 msto
887 1595 1048 1629 denarios
1065 1595 1109 1629 ad
1126 1594 1247 1629 festum
1266 1594 1484 1630 Pentecostes
1503 1602 1538 1630 et
1556 1597 1637 1630 οᾶὶο
1655 1597 1699 1631 ad

225 1655 345 1689 festum
366 1653 485 1688 Sancti
506 1652 654 1686 Martini
674 1652 709 1685 111
727 1652 863 1698 hyeme.
916 1651 1062 1697 Insuper
1080 1663 1164 1685 vero
1183 1663 1249 1697 ego
1267 1651 1420 1698 prefatus
1439 1651 1618 1686 Robertus
1634 1665 1699 1699 pro

226 1723 282 1745 me
301 1716 335 1744 et
353 1708 539 1743 heredibus
557 1709 641 1742 meis
660 1708 804 1748 ratifico,
834 1707 989 1754 approbo
1008 1712 1042 1741 et
1060 1707 1122 1740 hac
1140 1706 1290 1753 presenti
1308 1712 1402 1741 carta
1427 1720 1504 1741 mea
1530 1708 1699 1742 confirmo

228 1767 302 1801 illas
329 1766 554 1800 donationem
574 1770 607 1798 et
626 1763 875 1799 concessionem
908 1776 990 1809 quas
1022 1762 1217 1809 Stephanus
1248 1762 1374 1796 Portar
1401 1763 1577 1808 quondam
1603 1769 1701 1810 pater

228 1835 325 1857 meus
344 1821 424 1856 fecit
442 1821 607 1868 predictis
625 1821 707 1854 viris
724 1818 888 1866 religiosis
907 1819 948 1853 de
967 1831 1084 1852 annuo
1105 1818 1243 1852 redditu
1275 1818 1458 1853 duodecim
1478 1819 1701 1854 denariorum

230 1884 379 1913 exeunte
399 1878 440 1911 de
460 1877 628 1923 burgagio
647 1876 741 1922 quod
761 1875 914 1910 Michael
934 1875 1082 1921 Sperlyn
1104 1874 1219 1915 habet,
1238 1880 1335 1909 tenet
1354 1880 1389 1909 et
1405 1873 1551 1922 possidet
1568 1876 1702 1910 heredi-

227 1935 313 1970 tarie
325 1935 414 1968 infra
427 1934 560 1967 dietum
573 1933 721 1978 burgum
732 1932 774 1965 (16
784 1931 1090 1977 Renfrw,jacente
1102 1930 1405 1977 infraburgagium
1421 1944 1537 1966 meum
1551 1944 1593 1966 ex
1604 1937 1702 1979 parte

228 2004 309 2031 una,
330 1996 364 2024 et
382 1989 588 2036 burgagium
607 1988 758 2022 Wilelmi
777 1987 869 2034 Urry
885 2000 927 2021 ex
945 1992 1042 2033 parte
1061 1986 1181 2020 altera.
1235 1986 1448 2020 Habendum
1463 1992 1497 2021 et
1511 1987 1702 2021 tenendum

231 2048 363 2082 dictum
383 2058 539 2080 annuum
559 2045 733 2078 redditum
754 2043 935 2077 duodecim
956 2042 1180 2076 denariorum
1199 2042 1339 2088 prefatis
1357 2043 1439 2076 viris
1456 2041 1631 2088 religiosis,
1661 2042 1702 2076 de

233 2104 327 2137 dicto
346 2101 515 2147 burgagio
534 2100 673 2145 singulis
691 2099 790 2133 annis
808 2099 1066 2145 imperpetuum
1084 2110 1146 2144 per
1163 2097 1252 2144 ipsos
1269 2098 1531 2145 percipiendum
1554 2099 1597 2132 ad
1617 2099 1703 2132 duos

231 2159 312 2193 anni
330 2158 499 2192 terminos
518 2169 579 2203 per
598 2155 736 2201 equales
752 2155 931 2202 portiones
955 2154 1081 2188 scilicet
1106 2154 1164 2188 sex
1191 2154 1351 2188 denarios
1377 2154 1421 2188 ad
1438 2153 1559 2188 festum
1579 2154 1703 2188 Pente-

231 2213 336 2248 costes
355 2219 389 2247 et
406 2212 463 2247 sex
482 2212 641 2246 denarios
659 2211 703 2245 ad
720 2210 840 2245 festum
861 2210 980 2245 Sancti
996 2210 1143 2244 Martini
1154 2211 1190 2244 in
1205 2211 1339 2257 hyeme.
1391 2210 1469 2256 Ego
1487 2223 1571 2245 vero
1590 2211 1702 2244 dictus

235 2269 422 2308 Robertus‚
436 2268 580 2302 heredes
598 2267 666 2301 mei
681 2272 715 2301 et
729 2266 885 2313 affignati
896 2266 1012 2307 nostri,
1028 2267 1205 2313 predictos
1216 2279 1352 2301 annuos
1366 2267 1532 2307 redditus,
1548 2271 1618 2300 tam
1632 2266 1702 2299 sex-

234 2325 344 2360 decim
373 2324 596 2358 denariorum
627 2335 730 2369 quam
749 2323 933 2358 duodecim
949 2323 1172 2358 denariorum
1186 2328 1225 2358 ut
1238 2323 1452 2370 premittitur
1462 2321 1702 2370 percipiendos
