1839 2652
158 296 225 328 108
550 288 868 326 REGISTRUM
898 287 1238 325 MONASTERII

156 395 248 429 cato,
277 401 340 435 pro
359 387 525 422 tribunali
542 386 711 428 sedentes,
746 392 780 421 et
798 387 964 421 habentes
982 399 1044 433 pre
1063 384 1172 419 oculis
1190 383 1301 418 solum
1322 382 1453 423 Deum,
1486 383 1528 418 de
1546 384 1635 430 peri-

160 453 277 480 torum
296 443 437 478 confilio
456 449 490 478 et
509 441 651 483 affensu,
684 444 720 477 in
739 443 804 477 hiis
822 441 954 490 scriptis
971 454 1033 489 per
1050 442 1141 475 hanc
1158 439 1307 473 nostram
1328 438 1544 473 diffinitivam
1562 438 1635 473 sen-

158 501 302 535 tentiam
317 500 602 547 p1·onuncia1nuS‚
618 500 836 534 decrevimus
848 505 882 534 et
894 498 1120 537 declaramus,
1128 496 1277 544 prefatas
1290 495 1438 529 decimas
1449 496 1633 542 garbarum

159 557 203 591 ad
222 555 332 603 ipsum
346 555 591 590 monasterium
607 556 650 590 de
664 554 845 597 Paffeleto,
861 556 997 589 ratione
1012 554 1106 588 dicte
1120 552 1178 587 sue
1196 551 1421 600 parrochialis
1436 551 1573 586 ecclesie
1593 552 1635 586 de

159 612 354 658 Ruthglen‚
370 617 404 646 et
415 612 459 645 ad
471 612 584 646 dictos
597 611 773 646 Abbatem
788 617 822 646 et
836 616 1050 646 conventum
1064 609 1200 643 ratione
1213 609 1296 643 dicti
1311 607 1517 648 monasterii,
1531 608 1636 654 perti-

156 667 266 702 nuiffe
282 673 316 702 et
327 668 504 714 pertinere
516 681 536 702 a
547 673 645 702 tanto
658 672 815 714 tempore
829 667 927 715 cujus
945 667 1034 701 initii
1046 665 1214 700 memoria
1225 664 1406 699 hominum
1421 677 1494 698 non
1506 665 1634 708 existit3

160 725 324 771 dic'toque
339 723 499 770 magistro
514 724 668 759 Johanni
684 724 814 758 rectori
828 722 966 758 ecclesie
985 723 1027 758 de
1047 721 1255 769 Camyssang
1273 726 1307 756 et
1326 721 1464 756 ecclesie
1482 721 1540 757 sue
1558 735 1635 769 pre-

158 781 263 821 (ὶίἑὶθ,
291 781 327 814 in
346 785 381 814 et
398 779 500 827 super
518 780 620 814 dictis
639 779 791 820 decimis,
820 792 959 814 necnon
978 779 1274 825 occupationibuS,
1303 778 1573 820 detentionibus,
1602 785 1636 814 et

156 836 413 884 impedimentis
431 835 702 882 quibuscunque,
721 840 930 882 perpetuum
948 834 1119 870 silentium
1137 835 1390 882 imponendum
1407 835 1493 876 fore,
1523 841 1557 869 et
1575 835 1636 869 im-

156 893 319 940 ponimus
337 905 400 939 per
416 891 603 939 presentes.
658 891 702 925 In
723 904 873 937 quorum
904 892 1061 926 omnium
1092 897 1127 925 et
1156 890 1370 937 singulorum
1389 891 1634 932 testimonium,

156 949 332 996 presentes
350 949 483 983 litteras
508 947 576 983 five
606 947 745 995 presens
774 948 951 995 publicum
976 947 1242 981 instrumentum
1269 946 1467 993 hujufinodi
1484 947 1635 982 nostram

158 1005 376 1039 diffinitivam
394 1004 599 1039 sententiam
620 1005 655 1038 in
673 1004 706 1039 se
725 1005 945 1039 continentes
962 1003 1020 1037 seu
1040 1004 1233 1043 continens,
1262 1003 1387 1037 exinde
1405 1004 1492 1044 fieri,
1521 1010 1555 1038 et
1573 1017 1635 1051 per

158 1061 347 1095 Patricium
367 1061 542 1095 notarium
557 1060 711 1094 nostruin
726 1060 904 1106 publicum
918 1060 1173 1107 infrascriptum
1191 1058 1290 1094 scribi
1309 1065 1343 1094 et
1356 1060 1525 1106 publicari
1539 1074 1634 1095 man-

158 1118 326 1158 davimus,
346 1117 521 1163 nostrique
534 1116 633 1163 figilli
645 1115 803 1163 ju'ffimus
818 1122 853 1151 et
870 1117 1014 1151 fecimus
1028 1115 1234 1163 appensione
1247 1116 1386 1150 muniri.
1423 1116 1535 1152 Lefflz
1550 1123 1584 1152 et
1598 1117 1633 1151 in

156 1172 288 1220 scriptis
306 1174 527 1220 promulgata
544 1174 609 1207 fuit
627 1173 690 1207 hec
704 1172 843 1219 presens
861 1178 895 1207 et
912 1172 1102 1219 prescripta
1119 1171 1233 1206 nostra
1252 1171 1434 1206 diffinitiva
1451 1172 1631 1214 sententia,

157 1232 193 1265 in
212 1231 344 1277 capella
361 1231 507 1264 manerii
525 1229 631 1264 nostri
646 1230 688 1264 de
703 1229 800 1264 Lacu
815 1243 877 1276 per
890 1242 954 1263 nos
968 1228 1153 1263 Matheum
1173 1227 1369 1275 episcopum
1384 1227 1632 1275 supradifitum,

157 1285 217 1320 sub
232 1299 324 1320 anno
343 1299 363 1320 a
380 1286 561 1320 nativitate
581 1285 728 1319 Domini
745 1284 923 1319 millefimo
935 1283 1175 1320 trecentefimo
1193 1283 1416 1330 nonagesimo
1434 1291 1570 1330 quarto,
1584 1286 1634 1320 in-

158 1344 313 1378 ‹liffione
324 1343 484 1384 secunda,
493 1342 615 1377 meniis
628 1343 840 1389 Septembris
854 1343 910 1377 die
920 1341 1233 1388 xvii,pontificatus
1247 1339 1442 1375 sanctiffimi
1454 1342 1490 1375 in
1498 1341 1633 1377 Christo

156 1399 264 1446 patris
280 1404 313 1433 et
328 1400 457 1433 domini
472 1398 575 1433 nostri
589 1399 720 1433 domini
729 1399 921 1433 Clementis
934 1399 1051 1433 divina
1063 1397 1284 1445 providentia
1294 1410 1382 1444 pape
1394 1397 1528 1445 septimi
1540 1411 1632 1433 anno

158 1455 391 1489 sextodecimo
408 1469 417 1498 3
440 1454 671 1495 Presentibus,
692 1454 838 1489 discreto
852 1455 926 1489 viro
942 1455 1084 1489 domino
1100 1454 1265 1488 lVHeImo
1281 1454 1424 1488 VVatson
1436 1455 1565 1489 vicario
1580 1468 1632 1490 ec-

158 1511 256 1546 clesie
275 1512 317 1546 de
338 1511 476 1551 Moffet,
496 1510 657 1557 religioso
676 1511 752 1545 viro
771 1511 914 1545 domino
928 1510 1067 1544 Thoma
1082 1510 1197 1556 Pryde
1211 1510 1382 1543 monacho
1398 1510 1482 1544 dieti
1500 1511 1631 1545 monas-

158 1568 235 1601 terii
255 1568 296 1602 de
311 1566 490 1608 Pafl'eleto,
509 1567 650 1601 Simone
664 1567 707 1601 de
721 1567 953 1606 Carrutheris‚
974 1572 1009 1601 et
1024 1566 1163 1600 Thoma
1175 1566 1216 1599 de
1232 1565 1519 1613 Glendunwyne,
1532 1567 1631 1601 scuti-

157 1624 248 1663 seris,
270 1622 492 1669 Glasguenfis
510 1621 662 1663 diocesis,
683 1622 822 1657 testibus
840 1623 883 1656 ad
901 1622 1061 1670 premissa
1074 1623 1204 1656 vocatis
1216 1621 1408 1668 specialiter
1426 1628 1460 1657 et
1478 1624 1618 1669 rogatis.

253 1679 301 1714 Et
319 1692 384 1725 ego
404 1679 573 1713 Patricius
592 1679 634 1712 de
655 1678 816 1725 Huyston
843 1678 988 1713 clericus
1015 1677 1245 1724 GlasgueniiS,
1272 1678 1430 1725 publicus
1448 1679 1632 1725 apostolica

254 1740 289 1770 et
306 1735 476 1782 imperiali
495 1735 705 1769 unfitoritate
723 1735 890 1775 notarius,
911 1733 1068 1781 premiffe
1086 1733 1256 1768 sententie
1275 1734 1456 1769 diffinitive
1474 1735 1628 1778 Ιθὸὶίοηί,

252 1791 385 1831 lationi,
419 1796 453 1825 et
470 1791 507 1824 in
524 1789 656 1837 scriptis
673 1789 958 1836 promulgationi,
991 1789 1216 1836 omnibusque
1234 1789 1308 1823 aliis
1327 1795 1361 1824 et
1377 1789 1526 1837 fingulis,
1547 1792 1629 1826 dum

253 1846 295 1881 fic
315 1853 353 1881 ut
369 1847 594 1894 premittitur,
614 1858 676 1892 per
694 1845 1013 1880 reverendiffimum
1032 1851 1165 1893 patrem
1184 1847 1220 1880 in
1240 1846 1376 1880 Christo
1396 1852 1430 1881 et
1449 1847 1631 1882 dominum

254 1916 371 1937 meum
390 1903 570 1937 dominum
600 1901 785 1936 Matheum
815 1902 885 1936 Dei
911 1903 1023 1948 gratia
1053 1901 1249 1949 episcopum
1278 1902 1528 1949 Glasguensem
1554 1917 1630 1951 pre-

255 1959 389 1994 dietum
408 1964 442 1993 et
462 1971 579 1993 coram
598 1971 650 1998 eo,
683 1958 808 1993 fierent
827 1964 861 1992 et
879 1964 1077 2004 agerentur,
1105 1971 1256 1992 unacum
1274 1959 1525 2005 prenominatis
1543 1960 1631 1994 testi-

255 2016 319 2050 bus
336 2015 476 2063 presens
494 2015 647 2055 interfui,
676 2027 784 2060 eaque
802 2013 845 2048 fic
863 2015 938 2049 fieri
956 2015 1026 2048 vidi
1045 2020 1079 2049 et
1097 2015 1225 2055 audivi,
1254 2020 1288 2049 et
1302 2015 1345 2049 de
1363 2016 1527 2050 mandato
1546 2016 1631 2063 ejus-

257 2071 335 2106 dem
355 2071 487 2105 domini
505 2071 573 2104 mei
590 2069 750 2117 Episcopi
764 2069 886 2117 scripsi,
903 2070 1086 2117 publicavi,
1101 2076 1135 2105 et
1148 2071 1183 2104 in
1196 2071 1286 2105 hanc
1297 2071 1470 2118 publicam
1482 2072 1629 2106 formam

255 2127 386 2173 redegi,
417 2126 580 2173 lignoque
599 2139 677 2160 meo
695 2125 806 2166 solito,
827 2139 978 2161 unacum
1008 2125 1214 2173 appensione
1240 2126 1339 2173 figilli
1357 2127 1480 2173 prefati
1498 2128 1630 2162 domini

256 2184 325 2217 mei
344 2183 515 2230 Episcopi,
537 2182 676 2229 signavi,
706 2188 848 2229 rogatus
876 2188 909 2217 et
939 2181 1128 2229 requisitus,
1161 2183 1197 2216 in
1223 2183 1326 2217 fidem
1346 2188 1380 2217 et
1398 2183 1629 2218 testimonium

255 2239 410 2272 oninium
434 2237 686 2286 prelnifl'orum.
740 2238 836 2273 Illud
865 2239 1089 2273 interlineare
1118 2239 1210 2273 inter
1240 2239 1377 2273 tertiam
1409 2244 1443 2273 et
1472 2245 1629 2285 quartam

256 2296 364 2330 lineas
381 2309 401 2330 a
419 2298 540 2345 capite,
561 2297 595 2331 in
607 2297 674 2331 hoc
685 2296 867 2337 vocabulo,
883 2296 1012 2336 Blarie,
1025 2295 1180 2343 approbo
1195 2301 1229 2330 et
1240 2295 1320 2330 volo
1334 2295 1428 2330 omni
1441 2294 1630 2342 suspicione

255 2364 381 2387 carere.
