1839 2652
168 274 237 308 ‘262
574 269 890 306 REGISTRUM
920 269 1261 305 MONASTERII

170 370 368 404 luculenter
382 367 557 402 constabat
568 368 663 413 quod
676 365 845 401 0011001110
858 366 1032 400 dictarum
1045 365 1298 413 poffellionum,
1312 371 1485 401 terrarum
1503 373 1538 402 et
1555 373 1651 404 tene-

172 431 373 460 mentorum
392 422 453 457 sub
481 436 600 457 annuo
619 422 723 458 censu
741 423 778 456 in
796 421 1033 469 emphiteosim
1051 428 1270 469 perpetuam,
1298 422 1335 456 in
1353 422 1439 456 dieti
1458 423 1655 459 monasterii

172 481 361 515 utilitatem
376 480 516 514 cederet
529 479 740 514 evidentem.
790 479 1019 525 Quapropter
1037 478 1162 525 prefati
1181 478 1313 512 domini
1329 477 1548 513 commiflarii
1567 480 1658 514 dele-

171 536 254 582 gati,
274 534 442 583 premiffis
460 534 694 575 consideratis,
714 535 903 569 intellectis
924 541 958 570 et
975 535 1020 569 ad
1037 535 1182 581 plenum
1201 533 1364 576 discussis,
1386 535 1429 569 de
1441 534 1658 582 jurisperito-

172 605 250 627 rum
266 591 406 626 confilio
418 591 536 626 habito
552 597 586 626 et
599 591 728 639 secuto,
744 591 897 626 tractatu
911 591 1045 626 solenni
1059 591 1252 638 prehabito,
1267 591 1455 625 accedente
1467 591 1589 626 adhoc
1601 604 1658 626 ex-

171 646 283 695 prefl'o
298 647 465 683 consensu
472 654 667 683 conventus
674 648 1015 695 prefatimonasterii‚
1030 647 1192 694 predffi'co
1204 647 1658 694 venerabilipatriGeorgio

171 705 285 739 abbati
293 705 336 739 de
353 704 486 740 Passeto
495 711 580 740 tunc
593 704 745 752 presenti
757 709 792 739 et
803 703 870 738 suis
877 702 1134 743 successoribus,
1143 703 1187 737 ad
1194 703 1459 738 concedendum
1471 703 1532 737 sub
1539 716 1657 738 annuo
1716 726 1720 730 -

171 760 275 795 censu
293 759 523 808 pofleffiones,
550 767 661 796 terras
680 766 714 795 et
733 765 936 795 tenementa
953 760 997 794 ad
1015 772 1126 794 unum
1153 759 1302 793 milliare
1321 760 1413 794 circa
1431 759 1565 793 dictum
1584 772 1656 793 mo-

172 818 357 853 nasterium
376 818 556 853 existentia
573 825 608 854 et
626 819 739 853 eidem
771 816 994 865 pertinentia,
1023 816 1250 850 extendentia
1275 815 1319 850 ad
1345 815 1513 850 summam
1534 816 1657 862 viginti

171 875 325 921 quinque
344 875 563 916 ducatorum,
592 876 635 909 ad
665 875 853 909 utilitatem
873 874 959 907 dieti
978 872 1186 912 monasterii,
1214 872 1251 906 in
1279 870 1517 918 emphiteosim
1536 885 1658 919 perpe-

172 938 268 966 tuam
287 932 343 966 vel
362 938 497 966 certum
515 937 663 979 tempus,
687 932 790 978 juxta
808 936 970 964 tenorem
989 928 1083 962 bulle
1102 929 1150 962 eis
1169 927 1316 974 desuper
1335 928 1481 968 dimete,
1505 928 1657 962 auctori-

170 993 243 1022 tate
261 987 445 1035 apostolica
462 986 537 1035 ipfis
549 988 585 1021 in
600 988 663 1022 hac
674 992 772 1034 parte
788 983 973 1026 commissa,
990 983 1145 1032 expresse
1160 984 1296 1030 elargiti
1310 984 1455 1018 fuerunt
1467 989 1502 1018 et
1513 984 1653 1031 plenam

172 1043 374 1078 facultatem
388 1043 599 1078 tribuerunt.
627 1044 740 1090 Super
751 1042 876 1088 quibus
889 1034 1050 1075 om'nibus
1067 1046 1101 1075 et
1114 1039 1266 1087 finguliS,
1279 1040 1435 1087 prefatus
1449 1040 1657 1074 venerabilis

172 1105 272 1146 pater
299 1099 478 1146 Georgius
504 1099 607 1133 abbas
633 1099 833 1133 antedictus
858 1111 879 1132 a
909 1097 1009 1131 nobis
1034 1097 1179 1130 notariis
1205 1095 1352 1143 publicis
1377 1095 1573 1142 subscriptis
1599 1095 1657 1131 fibi

173 1156 249 1190 fieri
267 1156 367 1202 petiit
386 1168 496 1189 unum
510 1160 544 1189 et
555 1155 658 1202 plura
674 1155 851 1202 publicum
872 1160 906 1188 et
923 1152 1062 1200 publica
1080 1151 1349 1186 instrumentum
1369 1156 1403 1185 et
1417 1151 1656 1187 instrumenta.

173 1212 270 1246 Acta
287 1217 387 1246 erant
405 1212 468 1246 hec
497 1211 532 1245 in
562 1211 658 1245 dieto
688 1210 894 1244 monasterio
921 1209 964 1243 de
996 1208 1142 1248 Passeto,
1174 1207 1253 1242 loco
1281 1207 1464 1254 capitulari
1490 1207 1656 1255 ejusdem,

173 1267 234 1302 sub
251 1281 356 1308 anno,
389 1268 455 1308 die,
483 1266 611 1308 mense,
639 1267 833 1301 indictione
861 1271 896 1300 et
913 1265 1120 1312 pontificatu
1138 1264 1263 1310 quibus
1281 1264 1384 1311 supra
1398 1278 1408 1307 ;
1436 1263 1656 1312 presentibus

173 1324 300 1358 ibidem
318 1323 575 1359 venerabilibus
604 1328 639 1358 et
669 1323 823 1358 discretis
840 1322 933 1362 viris,
964 1320 1131 1367 magistris
1159 1320 1319 1355 Martino
1340 1320 1432 1355 Wan
1450 1321 1658 1356 cancellario

173 1379 399 1427 Glafigwenfi,
414 1380 567 1415 Patricio
588 1379 715 1414 Mason
733 1380 872 1414 rectore
886 1379 929 1413 de
943 1378 1085 1426 MyntO,
1107 1378 1316 1413 Alexandro
1336 1377 1504 1413 Menteth
1517 1378 1657 1420 clerico,

172 1437 335 1471 Johanne
354 1436 523 1484 Sympyll‚
544 1436 707 1471 Roberto
727 1435 895 1483 Sympyll,
924 1441 958 1470 et
975 1435 998 1470 J
1001 1435 1140 1470 ohanne
1160 1434 1305 1469 Ralston
1323 1434 1428 1475 laicis,
1456 1435 1598 1470 testibus
1615 1436 1658 1470 ad

173 1492 333 1539 premilsa
350 1494 481 1527 vocatis
495 1493 626 1540 pariter
643 1498 679 1527 et
696 1492 838 1539 rogatis.

271 1548 320 1583 Et
338 1562 404 1595 ego
422 1548 445 1584 J
448 1549 604 1584 ohannes
623 1548 805 1583 Aurisabri
832 1547 960 1582 artium
992 1547 1162 1594 magister,
1191 1547 1227 1580 in
1258 1547 1406 1582 decretis
1436 1546 1654 1589 bacallarius,

271 1604 440 1652 presbiter
459 1603 692 1651 Glasgwenfis
712 1603 863 1644 diocesis,
891 1603 1051 1650 publicus
1069 1603 1240 1650 imperiali
1267 1608 1302 1637 et
1331 1604 1427 1650 regia
1444 1604 1659 1639 auetoritati-

271 1662 336 1696 bus
354 1662 522 1702 notarius,
542 1661 623 1707 quia
634 1659 801 1708 premissis
819 1659 981 1694 omnibus
999 1665 1034 1694 et
1051 1658 1202 1706 singulis,
1223 1659 1306 1693 dum
1324 1658 1367 1693 fic
1385 1665 1425 1694 ut
1442 1661 1657 1706 premittitur

272 1717 485 1758 dicerentur,
505 1723 694 1763 agerentur
713 1723 748 1752 et
765 1717 902 1756 fierent,
915 1728 1067 1750 unacum
1082 1715 1334 1762 prenominatis
1347 1715 1498 1757 testibus,
1518 1717 1658 1764 presens

272 1773 427 1813 interfui,
448 1786 556 1819 eaque
568 1771 612 1808 fic
626 1773 702 1808 fieri
715 1773 799 1814 vidi,
811 1771 892 1807 scivi
904 1778 939 1806 et
953 1772 1070 1806 audivi
1083 1771 1232 1817 ideoque
1246 1772 1283 1805 111
1296 1777 1417 1806 notam
1431 1773 1519 1819 cepi,
1535 1786 1579 1808 ex
1590 1786 1658 1820 qua

271 1830 338 1863 1100
363 1828 504 1876 presens
530 1829 709 1876 publicum
738 1828 1007 1863 instrumentum
1034 1827 1177 1861 alterius
1202 1839 1310 1861 manu
1327 1827 1492 1875 scriptum
1510 1829 1656 1870 confeci,

272 1885 448 1933 publicavi
463 1891 498 1920 et
511 1886 548 1921 in
562 1886 652 1920 hanc
665 1885 839 1932 publicam
858 1885 1005 1918 formam
1024 1883 1322 1918 instrumentalem
1341 1884 1473 1930 redegi,
1492 1883 1657 1931 lignoque

275 1946 310 1976 et
328 1942 470 1976 nomine
489 1942 575 1976 meis
592 1940 699 1976 solitis
712 1946 746 1976 et
760 1940 932 1976 consuetis
950 1952 1006 1973 me
1024 1938 1267 1973 subscribendo
1285 1939 1426 1986 signavi,
1446 1940 1483 1974 in
1500 1941 1605 1976 fidem
1625 1948 1658 1976 et

272 1997 507 2031 testimonium
525 1998 683 2032 omnium
701 2002 736 2032 et
753 1996 968 2043 singulorum
986 1994 1240 2043 premiflorum,
1256 2002 1400 2043 rogatus
1414 2002 1449 2031 et
1463 1996 1655 2044 requifitus.

274 2052 321 2086 Et
333 2052 607 2099 egoAlexander
616 2052 808 2100 Clugyston
819 2051 985 2099 presbiter
994 2052 1230 2087 Candidecase
1243 2051 1394 2094 diocesis,
1407 2053 1567 2100 publicus
1578 2067 1657 2089 auc-

272 2108 472 2143 toritatibus
485 2109 656 2156 imperiali
678 2114 713 2144 et
731 2109 839 2156 regali
858 2109 1026 2149 notarius,
1047 2108 1128 2154 quia
1141 2107 1307 2155 premiffis
1325 2109 1488 2143 omnibus
1502 2115 1537 2144 et
1546 2109 1658 2157 fingu-

274 2164 326 2205 lis,
343 2165 425 2198 dum
440 2164 484 2199 110
497 2171 537 2199 ut
550 2165 765 2212 premittitur
784 2165 994 2205 dicerentur,
1011 2170 1200 2211 agerentur
1214 2170 1249 2199 et
1262 2165 1399 2205 fierent,
1416 2177 1567 2200 unacum
1581 2178 1658 2212 pre-

274 2221 461 2254 nominatis
472 2220 622 2262 testibus,
642 2220 781 2268 presens
799 2221 954 2262 interfui,
965 2233 1073 2267 eaque
1093 2221 1210 2255 omnia
1220 2220 1264 2255 fic
1275 2221 1351 2256 fieri
1363 2222 1446 2263 vidi,
1461 2221 1542 2257 scivi
1554 2227 1588 2256 et
1599 2235 1657 2256 au-

276 2277 346 2310 divi
365 2277 512 2323 ideoque
530 2278 566 2311 in
584 2284 705 2312 notam
720 2278 805 2325 cepi,
822 2277 986 2324 lignoque
1005 2284 1040 2312 et
1051 2278 1196 2312 nomine
1215 2279 1300 2312 meis
1317 2277 1424 2313 solitis
1439 2284 1474 2313 et
1486 2278 1657 2313 consuetis

275 2345 330 2366 me
348 2331 590 2368 subscribendo
608 2333 749 2380 signavi,
768 2334 805 2369 in
822 2334 928 2369 fidem
946 2332 1201 2382 premifforum,
1222 2340 1366 2370 vocatus
1384 2340 1419 2370 et
1436 2333 1627 2380 requisitus.
