1839 2652
182 277 252 308 282
595 270 910 306 REGISTRUM
938 270 1275 307 MONASTERII

184 368 362 404 millefimo
381 365 622 402 trecentefimo
640 366 800 401 vicefimo
818 365 975 413 septimo,
996 367 1051 401 die
1069 366 1197 402 sabbati
1223 367 1298 415 post
1314 367 1435 402 festum
1453 369 1544 406 beati
1563 371 1664 406 Mar-

185 426 249 460 tini
279 423 446 472 hyemalis
476 422 592 457 mense
626 422 850 463 Novembris,
882 422 1076 458 indictione
1094 424 1140 464 xi,
1173 424 1397 471 pontificatus
1414 424 1612 462 sanetisfimi
1630 429 1666 463 in

188 480 324 515 Christo
342 479 449 526 patris
475 484 510 513 et
537 479 669 513 domini
696 478 802 513 nostri
835 478 967 512 domini
985 478 1157 514 Johannis
1183 480 1301 514 divina
1330 481 1551 527 providentia
1579 496 1666 530 pape

187 534 335 571 viceslmi
352 534 494 569 secundi
512 547 605 568 anno
625 535 844 569 duodecimo.

283 591 330 625 Et
361 603 425 636 ego
456 590 676 625 Guillermus
699 589 886 637 Marpaudi
912 590 1057 625 clericus
1077 591 1300 626 Abrincenfis
1326 591 1477 634 diocefis‚
1507 593 1666 640 publicus

281 646 466 694 apostolica
493 652 528 681 et
557 647 728 694 imperiali
746 647 956 681 auctoritate
974 648 1141 688 notarim,
1172 648 1231 694 qui
1257 648 1454 695 predictum
1489 650 1667 697 exemplar

282 702 341 738 seu
359 702 603 750 transcriptum
617 703 659 737 de
674 703 776 737 dictis
794 703 919 737 litteris
931 703 1123 750 apostolicis
1143 704 1369 750 originalibus
1387 705 1538 739 fideliter
1555 705 1667 753 sump-

282 758 316 799 fi,
341 764 374 793 et
393 759 435 793 de
455 759 620 793 mandato
640 759 724 793 dicti
744 759 875 793 domini
894 758 1063 794 Officialis
1083 759 1274 794 Parilienfis
1294 759 1488 807 transcripsi
1506 766 1540 795 et
1557 761 1668 808 publi-

286 816 371 855 cavi,
404 815 454 849 nil
472 815 603 849 addens
623 815 678 850 vel
698 816 858 849 minuens
876 815 971 861 quod
988 815 1121 850 sensum
1140 816 1302 850 immutet
1320 821 1381 850 aut
1397 817 1497 851 vitiet
1514 817 1669 852 intellec-

285 880 372 911 tum,
394 877 428 905 et
443 871 485 905 de
499 869 625 905 eisdem
641 871 845 917 diligentem
864 871 1109 905 collectionem
1124 871 1199 911 feci,
1216 871 1432 918 presentibus
1451 878 1485 907 et
1503 873 1669 907 ascultan-

284 927 376 962 tibus
396 926 555 961 Roberto
576 926 742 973 Mangeri
761 933 795 961 et
814 927 990 974 Stephano
1010 927 1052 961 de
1072 927 1322 974 Superaquam,
1351 928 1495 969 clericis,
1523 930 1669 964 notariis

284 983 440 1030 publicis,
471 988 505 1016 et
535 983 616 1028 quia
634 996 674 1017 ea
691 983 735 1017 ad
753 984 904 1018 invicem
935 983 1149 1017 concordare
1168 983 1286 1018 inveni
1316 984 1396 1019 ideo
1426 984 1482 1019 hic
1509 997 1566 1020 me
1594 984 1669 1020 sub-

286 1037 399 1087 scripsi
416 1038 618 1085 lignumque
638 1052 755 1074 meum
773 1052 924 1074 unacum
943 1037 1051 1085 figillo
1070 1039 1165 1073 curie
1186 1038 1377 1075 Parifienfis
1402 1046 1546 1087 rogatus
1564 1054 1669 1089 appo-

286 1095 336 1129 sui
355 1094 569 1129 consuetum.

191 1263 454 1311 Transcriptum
472 1262 538 1297 five
557 1264 657 1310 copia
673 1263 891 1310 quarundam
909 1262 1106 1297 litterarum
1124 1263 1390 1310 apostolicarum
1408 1263 1470 1299 sub
1487 1265 1600 1300 forma
1616 1266 1667 1300 in-

191 1319 382 1354 strumenti.

192 1430 248 1465 IN
275 1430 368 1465 DEI
396 1430 611 1466 NOMINE
631 1430 762 1465 Amen.
816 1430 898 1464 Hoc
917 1429 963 1464 est
980 1429 1236 1478 transumptum
1254 1430 1321 1466 five
1339 1432 1439 1479 copia
1450 1433 1668 1478 quarundam

191 1487 387 1521 litterarum
406 1486 671 1534 apostolicarum
698 1488 733 1521 in
759 1487 819 1521 filo
846 1486 953 1520 serico
972 1486 1067 1520 bulla
1096 1487 1259 1533 plumbea
1277 1500 1375 1522 more
1395 1488 1557 1524 Romane
1575 1490 1669 1524 curie

191 1541 424 1588 figillatarum,
445 1555 528 1588 quas
547 1541 727 1589 religiosus
745 1543 798 1577 vir
817 1543 979 1576 dominus
999 1541 1184 1576 Wilelmus
1199 1543 1241 1577 de
1256 1543 1461 1579 Cheffielme
1479 1545 1669 1580 monachus

192 1597 388 1632 monasterii
408 1598 450 1632 de
470 1597 616 1639 Passeto,
647 1591 778 1632 ordinis
804 1596 1050 1638 Cluniacenfis‚
1086 1597 1317 1644 Glasgwenfis
1348 1599 1497 1640 diocefis,
1527 1602 1669 1636 nomine

192 1653 390 1688 monasterii
408 1653 455 1687 sui
476 1654 637 1700 predicti,
669 1653 816 1688 Abbatis
835 1658 869 1687 et
888 1659 1082 1688 conventus
1101 1653 1254 1700 ejusdem
1273 1660 1307 1689 et
1324 1654 1396 1696 suo,
1424 1656 1509 1690 mihi
1525 1657 1670 1691 tradidit

193 1710 390 1757 copiandaS,
422 1722 494 1743 non
512 1708 676 1750 rasarum,
708 1722 782 1743 non
800 1709 1020 1749 abolitarum,
1052 1722 1125 1743 non
1144 1710 1425 1752 cancellatarum,
1457 1710 1617 1747 sanarum
1636 1719 1669 1747 et

192 1767 419 1812 integrarum,
439 1766 535 1800 omni
553 1765 691 1813 prorsus
709 1766 793 1799 vitio
813 1771 847 1800 et
864 1764 1054 1812 suspicione
1073 1766 1277 1807 carentium,
1307 1780 1454 1813 quarum
1473 1768 1670 1803 litterarum

192 1828 295 1856 tenor
313 1822 356 1856 de
375 1821 482 1855 verbo
500 1821 543 1855 ad
560 1821 707 1856 verbum
724 1820 879 1867 sequitur
897 1826 931 1855 et
950 1820 996 1855 est
1013 1821 1101 1855 talis.
1154 1821 1397 1858 CLEMENS
1412 1823 1590 1871 episcopus
1604 1823 1674 1858 ser-⁷

194 1890 257 1912 vus
274 1877 454 1912 servorum
473 1876 544 1911 Dei
563 1877 699 1912 dileffis
716 1877 795 1911 filiis
816 1877 945 1911 Abbati
973 1883 1007 1911 et
1037 1878 1227 1912 conventui
1246 1878 1442 1913 monasterii
1461 1879 1669 1914 Cluniacen-

192 1932 231 1967 fis
249 1933 292 1967 ad
312 1933 510 1967 Romanam
529 1932 701 1967 ecelefiam
732 1933 831 1967 nullo
850 1933 966 1967 medio
983 1934 1201 1980 pertinentis,
1236 1933 1497 1970 Matisconenfis
1516 1935 1667 1976 diocefis‚

193 1988 337 2024 salutem
350 1994 385 2024 et
398 1989 617 2036 apostolicam
632 1989 924 2023 benedictionem.
977 1988 1203 2024 Sacrosan&a
1218 1990 1381 2025 Romana
1394 1991 1544 2032 ecclefia,
1559 1998 1670 2026 mater

196 2045 406 2080 cunstorum
424 2044 580 2079 fidelium
593 2050 627 2079 et
639 2044 808 2091 magistra,
827 2045 863 2078 in
881 2057 965 2091 agro
980 2045 1150 2080 virtutum
1165 2045 1266 2080 vestri
1281 2047 1411 2081 ordinis
1423 2048 1479 2082 cui
1493 2046 1670 2082 altiffimus

195 2101 384 2141 benedixit,
406 2106 440 2135 et
458 2101 494 2134 in
514 2101 639 2135 decore
653 2100 770 2135 sancte
788 2101 967 2147 religionis
984 2100 1046 2135 sub
1064 2114 1131 2147 qua
1149 2102 1318 2136 virtutum
1333 2102 1490 2137 Domino
1503 2104 1669 2138 devotum

197 2164 231 2191 et
248 2163 386 2203 gratum
405 2157 605 2204 impenditis
620 2156 837 2197 famulatum,
858 2156 992 2191 exultat
1011 2162 1045 2191 et
1057 2157 1196 2204 jubilat,
1216 2157 1395 2204 presertim
1411 2159 1494 2193 dum
1507 2158 1670 2206 prospicit

196 2213 291 2257 quod
308 2225 370 2246 vos
387 2213 431 2246 ad
448 2213 529 2253 alta,
558 2213 729 2247 virtutum
747 2212 922 2259 gradibus,
951 2225 1014 2259 per
1043 2213 1247 2247 exercitium
1273 2213 1447 2248 bonorum
1474 2227 1618 2261 operum
1636 2219 1670 2248 et

198 2267 355 2314 preclara
371 2267 560 2302 iamstitatis
578 2269 703 2303 merita
720 2267 1002 2308 conscendenteS,
1031 2269 1166 2303 trahitis
1183 2269 1228 2303 ad
1246 2269 1362 2304 divine
1379 2270 1560 2317 majestatis
1578 2269 1670 2303 obse-

199 2323 316 2369 quium
336 2323 420 2358 alios
438 2336 500 2370 per
519 2324 728 2371 exemplum,
756 2325 861 2360 vitam
881 2324 1042 2360 ducendo
1072 2323 1294 2372 puriflimam‚
1323 2324 1587 2372 hospitalitatem
1604 2324 1669 2359 ser-
