1839 2652
213 242 260 278 56
614 243 929 280 REGISTRUM
957 245 1294 281 MONASTERII

215 338 260 372 ad
277 343 416 386 tempus
434 337 662 385 prescriptum
677 338 818 386 singulis
832 341 931 374 annis
943 340 985 374 de
1000 341 1166 387 predictis
1178 343 1291 382 terris,
1308 342 1408 376 nobis
1429 347 1464 376 et
1481 344 1688 379 monasterio

214 394 342 435 nostro,
361 394 484 440 viginti
505 393 797 441 solidosaigenti,
817 396 860 429 ad
880 396 966 429 duos
985 397 1067 430 anni
1082 398 1262 438 terminos,
1283 397 1446 432 videlicet
1465 399 1687 434 medietatem

213 450 256 484 ad
274 449 394 484 festum
414 450 534 483 Sancti
554 449 713 490 Martini,
745 457 779 485 et
798 451 898 485 aliam
918 452 1141 486 medietatem
1161 453 1204 487 ad
1222 452 1343 487 festum
1364 453 1594 494 Pentecostes,
1624 467 1688 501 pro

214 506 309 540 omni
327 504 465 539 servitio
484 510 519 539 et
547 505 742 548 demanda3
771 506 869 540 salvis
887 507 998 547 nobis,
1032 508 1074 542 de
1095 508 1256 543 omnibus
1281 508 1480 543 hominibus
1505 509 1596 543 infra
1611 523 1688 556 pre-

213 561 323 595 dictas
340 566 450 595 terras
479 561 724 602 habitantibus,
755 563 890 609 placitis
919 563 988 597 vite
1016 568 1051 597 et
1085 564 1323 599 membrorum
1354 570 1389 598 et
1407 565 1576 605 blodwz'te,
1609 578 1687 599 cum

213 615 350 651 escaetis
367 616 457 660 suis;
486 622 521 651 et
538 617 629 652 salva
647 618 746 652 nobis
764 617 909 665 piscaria
923 618 1039 653 nostra
1051 619 1093 654 de
1109 619 1289 660 Line-leve,
1310 626 1345 654 et
1362 620 1528 667 potestate
1546 621 1689 668 pacifica

211 686 287 707 eam
305 673 519 708 firmandiet
537 674 715 708 reficiendi
742 675 902 720 quotiens
929 676 1056 709 totiens
1082 675 1215 710 necefl'e
1241 677 1346 710 fuerit
1377 685 1411 711 et
1437 677 1536 711 nobis
1562 678 1688 711 videri-

209 742 286 764 mus
304 730 467 777 expedire
483 743 492 764 ι
521 730 567 765 Et
583 731 734 777 predicti
754 731 909 765 Thomas
927 737 961 766 et
979 731 1125 766 heredes
1139 731 1188 766 sui
1201 731 1328 766 sectam
1347 732 1474 766 facient
1493 733 1536 766 ad
1555 734 1686 767 curiam

209 785 359 820 nostram
386 787 552 821 continue
580 787 746 832 quamdiu
778 787 820 821 de
847 788 946 822 nobis
978 793 1086 822 terras
1116 794 1239 823 tenent
1268 789 1538 835 prenominatae.
1591 789 1638 823 Et
1663 788 1687 822 fi

208 842 299 877 forte
317 855 381 877 nos
399 843 455 878 vel
473 843 595 890 aliquis
621 842 850 878 fiiccefforum
868 844 1064 878 nostrorum
1089 850 1212 878 contra
1241 845 1330 878 hanc
1350 843 1602 879 concessionem
1629 858 1686 879 ve-

208 899 284 933 nire
302 900 528 940 voluerimus,
550 900 714 947 predictis
733 899 871 935 Thome
891 907 925 935 et
945 901 1094 936 Matilde
1112 902 1214 936 uxori
1232 901 1290 936 sue
1303 908 1337 936 et
1352 915 1471 936 eorum
1485 902 1682 944 heredibus,

207 956 350 989 nomine
365 969 465 1002 pene,
487 962 627 990 centum
640 957 743 990 libras
757 956 1013 1003 sterlingorum,
1030 964 1111 992 ante
1127 958 1196 992 litis
1210 957 1410 1004 ingressum,
1430 957 1681 1005 persolvemus:

209 1010 256 1044 Et
267 1011 310 1045 ad
325 1011 414 1046 hanc
428 1010 679 1046 concellionem
694 1018 729 1046 et
742 1012 965 1047 collationem
974 1014 1121 1048 firmiter
1132 1014 1381 1048 observandam
1393 1013 1598 1060 subjecimus
1607 1027 1681 1055 nos,

207 1067 452 1101 monasterium
482 1068 635 1102 nostrum
663 1074 698 1102 et
724 1069 841 1102 onmia
866 1069 959 1103 bona
976 1069 1090 1103 nostra
1111 1070 1347 1116 jurisdictioni
1374 1075 1408 1104 et
1435 1071 1604 1104 coertioni
1623 1071 1683 1104 do-

207 1124 292 1157 mini
310 1123 457 1170 episcopi
478 1123 698 1170 Glasguenfis
724 1125 783 1170 qui
808 1138 872 1171 pro
899 1131 1058 1172 tempore
1084 1125 1200 1165 fuerit,
1232 1125 1288 1159 vel
1307 1126 1448 1172 capituli
1472 1124 1497 1159 fi
1514 1126 1608 1160 sedes
1625 1139 1682 1160 va-

207 1180 347 1220 caverit,
379 1185 419 1213 ut
445 1192 508 1213 nos
526 1179 626 1226 possit
656 1193 719 1226 per
737 1181 916 1214 censuram
943 1181 1213 1221 eeclefiasticam‚
1244 1182 1355 1215 modis
1382 1181 1542 1216 omnibus
1559 1182 1682 1227 quibus

206 1235 330 1269 melius
360 1236 486 1270 viderit
513 1236 688 1283 expedire,
718 1241 788 1269 tarn
808 1237 852 1270 ad
869 1235 1078 1270 solutionem
1097 1249 1187 1283 pene
1205 1235 1228 1270 fi
1246 1237 1485 1270 committatur
1511 1250 1613 1283 quan]
1640 1238 1683 1271 ad

206 1290 481 1326 observationem
509 1293 666 1326 omnium
696 1291 937 1338 premissorum
968 1292 1189 1339 compellere,
1222 1292 1322 1326 nullo
1335 1292 1425 1338 juris
1451 1293 1607 1326 canonici
1627 1293 1682 1327 vel

205 1347 314 1381 civilis
342 1347 511 1382 beneficio
541 1347 638 1381 nobis
656 1348 760 1382 reniti
778 1348 977 1382 volentibus
995 1348 1158 1382 valituro.
1209 1348 1256 1382 Et
1274 1348 1317 1381 ad
1336 1348 1503 1394 majorem
1521 1346 1681 1382 securita-

203 1409 286 1443 tem,
305 1403 445 1450 presens
462 1403 626 1450 scriptum
644 1403 754 1450 sigillo
773 1404 914 1450 capituli
934 1403 1039 1438 nostri
1057 1404 1200 1438 fecimus
1219 1403 1387 1438 roborari.
1429 1403 1509 1437 Hiis
1526 1403 1677 1444 testibus,

205 1461 347 1494 domino
366 1460 530 1495 Galfrido
549 1461 740 1507 capellano,
763 1460 929 1494 Wilelmo
950 1460 1086 1506 Logan,
1108 1466 1141 1494 et
1159 1460 1323 1495 ,Iohanne
1343 1460 1384 1494 de
1406 1459 1520 1500 Knoc,
1540 1459 1680 1506 presens

204 1515 371 1563 scriptum
389 1516 547 1550 roborari
565 1516 641 1550 feci.

204 1684 480 1720 Instrumentum
512 1686 751 1733 rte-lignationis
787 1686 941 1721 Wilelmi
976 1686 1072 1732 Urry
1107 1685 1149 1719 de
1184 1682 1392 1718 affedatione
1427 1689 1598 1718 terrarum
1635 1683 1677 1717 de

203 1741 346 1776 Fulton.

202 1853 260 1888 IN
275 1854 368 1888 DEI
383 1854 598 1889 NOMINE
612 1855 741 1889 Amen.
764 1855 829 1889 Per
841 1855 907 1888 hoc
921 1853 1058 1901 presens
1072 1852 1249 1900 publicum
1262 1851 1528 1886 instrumentum
1540 1850 1676 1885 cunctis

200 1910 382 1944 evidenter
395 1917 560 1958 appareat
573 1911 667 1957 quod
682 1924 774 1945 anno
787 1911 829 1944 ab
841 1910 1080 1944 incarnatione
1092 1909 1237 1942 Domini
1253 1906 1430 1942 millefimo
1443 1907 1675 1953 quadringen-

199 1966 317 2001 tefimo
332 1979 438 2008 nouo,
453 1966 575 2001 menfis
588 1967 611 2003 J
613 1968 746 2002 anuarii
762 1967 816 2001 die
824 1979 929 2006 110110,
946 1966 1138 2000 indictione
1153 1965 1265 2004 tertia,
1281 1963 1503 2010 pontificatus
1514 1959 1674 1996 sanctissi-

198 2025 246 2058 mi
259 2025 296 2058 in
311 2023 447 2058 Christo
461 2024 571 2070 patris
585 2030 619 2059 et
634 2024 766 2058 domini
781 2023 885 2057 nostri
899 2022 1028 2056 domini
1040 2021 1222 2055 Benedicti
1232 2019 1575 2066 divinaprovidentia
1586 2030 1673 2064 pape

200 2080 324 2115 decimi
343 2080 456 2126 quarti
476 2079 623 2126 [decimi
640 2079 734 2114 tertii
749 2080 785 2125 ?]
804 2091 896 2113 anno
916 2078 1051 2112 decimo
1069 2076 1176 2115 sexto,
1209 2076 1244 2109 in
1264 2076 1330 2110 mei
1349 2075 1476 2108 notarii
1493 2073 1621 2120 publici
1640 2079 1674 2107 et

199 2137 335 2171 testium
353 2135 620 2182 subscriptorum
636 2135 816 2183 presentia,
833 2132 1060 2181 personaliter
1075 2131 1279 2166 constitutus
1296 2131 1478 2165 wilelmus
1492 2130 1588 2169 Urri,
1602 2141 1675 2162 non

200 2193 234 2226 vi
252 2204 317 2226 nee
334 2197 431 2226 metu
449 2192 587 2232 ductus,
608 2204 673 2225 nec
691 2203 810 2225 errore
828 2188 951 2236 lapsus,
971 2188 1027 2222 sed
1042 2200 1137 2221 mera
1152 2192 1186 2221 et
1201 2186 1391 2233 spontanea
1403 2186 1594 2225 voluntate,
1614 2196 1676 2231 per

200 2247 322 2282 fustem
341 2253 376 2281 et
393 2247 556 2282 baculum
573 2245 704 2281 sursum
724 2246 886 2286 reddidit,
906 2256 1062 2292 pureque
1074 2242 1271 2289 fimpliciter
1286 2248 1319 2276 et
1338 2242 1456 2281 libere,
1475 2239 1544 2274 fine
1554 2239 1676 2274 fraude

203 2303 259 2338 vel
278 2303 360 2337 dolo
388 2301 571 2350 resignavit
588 2308 678 2337 totas
696 2308 806 2337 terras
825 2302 867 2336 de
886 2300 1028 2341 Fulton,
1057 2312 1136 2334 cum
1163 2297 1323 2333 omnibus
1335 2296 1434 2344 justis
1459 2295 1677 2343 pertinentiis
