1870 2683
706 274 778 309 DE
811 274 1079 310 PASSELET.
1566 277 1636 308 :313

158 430 262 465 Bulla
279 435 402 465 contra
420 429 684 477 procurationes
702 428 883 463 indebitas.

158 541 436 578 HONORIUS
456 540 634 589 episcopus
652 541 769 576 servus
788 541 966 575 servorum
987 540 1057 574 Dei
1076 540 1213 574 dilectis
1231 540 1310 574 filiis
1330 539 1461 574 Abbati
1491 545 1526 574 et
1556 553 1638 574 con-

156 600 278 634 ventui
296 598 493 633 monasterii
511 598 554 632 de
574 596 731 638 Paffelet,
765 596 1000 632 Cluniacenfis
1019 597 1162 636 ordinis,
1183 595 1328 631 salutem
1355 602 1390 632 et
1416 596 1637 644 apostolicam

156 656 451 690 benedictionem.
504 654 596 689 Cum
612 654 848 689 membrorum
864 653 1058 700 gravamini
1070 658 1174 700 caput
1188 653 1374 689 condoleat
1389 660 1424 689 et
1439 667 1482 689 ex
1496 654 1638 689 illorum

158 711 405 746 afflictionibus
423 710 660 757 perturbetur,
680 723 744 744 nos
762 710 869 756 quieti
881 709 990 744 vestre
1009 709 1045 743 in
1063 708 1255 743 vestrorum
1270 710 1521 756 tranquillitate
1533 723 1639 745 mem-

158 767 302 801 brorum
321 767 508 814 providere
526 766 695 807 volentes,
716 766 926 800 auffroritate
944 765 1157 812 presentium
1177 765 1363 800 distrie'tius
1381 767 1578 802 inhibemus
1595 780 1639 802 ne

160 824 267 870 aliqui
285 822 434 870 episcopi
452 822 508 857 vel
527 822 691 857 officiales
710 835 832 857 eorum
851 822 1002 856 subditas
1019 821 1118 856 vobis
1137 821 1293 857 ecelefias
1311 823 1464 858 audeant
1493 824 1530 858 in
1555 824 1641 858 reci-

160 880 296 927 piendis
313 878 628 926 procurationibus,
660 879 754 913 ultra
771 884 928 913 taxatum
949 879 984 912 in
1004 877 1230 912 Lateranenfi
1248 879 1396 913 concilio
1414 879 1641 926 personarum

162 942 196 970 et
215 936 441 970 evectionum
458 948 657 975 numerum,
687 948 889 981 aggravare.
942 934 1043 969 Nulli
1062 948 1146 982 ergo
1166 935 1311 969 omnino
1331 935 1514 970 hominum
1540 936 1643 971 liceat

162 993 251 1026 hanc
268 992 432 1039 paginam
450 991 563 1026 nostre
582 991 797 1025 inhibitionis
815 991 1006 1038 infringere
1025 991 1080 1025 vel
1099 991 1130 1025 ei
1148 991 1231 1025 ausu
1250 992 1437 1025 temerario
1456 993 1641 1027 contraire.

164 1048 199 1084 Si
218 1049 294 1095 quis
311 1053 429 1082 autem
459 1048 527 1082 hoc
557 1053 766 1095 attemptare
797 1047 1052 1095 prefinnpserst,
1085 1048 1363 1094 indignationem
1395 1049 1644 1096 omnipotentis

164 1105 235 1139 Dei
266 1111 301 1139 et
330 1105 514 1139 beatorum
534 1103 629 1138 Petri
662 1109 696 1138 et
728 1104 828 1138 Pauli
847 1104 1083 1151 apostolorum
1102 1104 1176 1151 ejus
1194 1103 1227 1139 se
1246 1105 1385 1139 noverit
1411 1104 1642 1140 incursurum.

165 1161 300 1196 Datum
321 1160 434 1195 Reate
453 1161 488 1195 ix
508 1160 687 1195 Kalendas
706 1160 898 1201 Februarii,
918 1161 1142 1207 pontificatus
1160 1160 1267 1195 nostri
1285 1174 1379 1195 anno
1399 1161 1546 1196 decimo.

165 1290 270 1325 Bulla
299 1290 574 1325 confirmationis
601 1290 759 1324 omnium
789 1290 1053 1338 privilegiorum
1088 1289 1326 1326 concefl'orum
1361 1292 1568 1327 monasterio
1604 1293 1646 1327 de

166 1347 311 1382 Passeto.

166 1444 350 1479 SIXTUS
369 1443 548 1491 epiicopus
566 1443 683 1479 servus
702 1443 881 1478 servorum
901 1444 971 1478 Dei
998 1444 1136 1478 dilectis
1155 1444 1233 1478 filiis
1253 1444 1385 1479 Abbati
1403 1450 1437 1480 et
1456 1447 1646 1481 conventui

166 1500 362 1535 monasterii
381 1501 502 1535 Sancti
523 1499 647 1533 Mirini
679 1500 721 1534 de
754 1499 888 1534 Passeto
908 1500 943 1533 in
963 1500 1090 1540 Samia,
1112 1500 1349 1535 Cluniacenfis
1376 1502 1518 1542 ordinis,
1547 1501 1647 1537 Glas-

165 1556 300 1603 guenfis
318 1556 469 1597 dioeefis,
490 1557 632 1591 salutem
654 1563 688 1590 et
707 1556 928 1603 apostolicam
947 1556 1242 1591 benedictionem.
1296 1557 1388 1592 Cum
1407 1571 1424 1592 a
1444 1557 1544 1592 nobis
1562 1559 1648 1605 peti-

166 1620 224 1648 tur
242 1614 336 1660 quod
358 1614 490 1660 justum
509 1613 556 1647 est
574 1619 609 1648 et
626 1613 820 1654 honestum,
841 1618 911 1647 tam
931 1613 1032 1658 vigor
1051 1613 1213 1658 equitatis
1232 1626 1335 1659 quam
1363 1614 1451 1648 ordo
1470 1614 1578 1661 exigit
1595 1627 1647 1649 ra-

166 1671 272 1705 tionis
290 1676 329 1704 ut
346 1671 382 1704 id
399 1683 461 1718 per
479 1669 735 1704 solicitudinem
755 1669 858 1704 officii
876 1669 984 1704 nostri
1003 1669 1046 1703 ad
1066 1669 1222 1704 debitum
1240 1670 1453 1717 perducatur
1472 1671 1646 1705 effectum.

168 1726 221 1761 Ea
238 1733 382 1774 propter
401 1727 520 1761 dileeti
538 1728 574 1761 in
594 1727 752 1761 Domino
771 1726 833 1760 filii
844 1725 962 1761 vestris
974 1726 1073 1774 justis
1087 1726 1374 1773 postulationibus
1388 1733 1489 1773 grato
1504 1739 1649 1762 coneur-

168 1789 285 1818 rentes
303 1781 445 1824 assensu,
478 1796 600 1818 omnes
618 1783 797 1818 libertates
815 1788 850 1817 et
867 1783 1106 1817 immunitates
1124 1796 1144 1817 a
1160 1781 1458 1830 predecefforibus
1477 1783 1648 1818 Romanis

167 1839 389 1887 pontificibus
407 1838 474 1874 five
492 1852 555 1886 per
572 1839 755 1887 privilegia
772 1839 828 1874 vel
847 1840 914 1874 alia
927 1839 1065 1873 indulta
1078 1838 1176 1873 vobis
1191 1845 1226 1874 et
1239 1839 1447 1875 monasterio
1464 1838 1646 1880 conceffas‚

168 1908 308 1932 necnon
325 1896 502 1930 libertates
521 1902 555 1930 et
573 1897 813 1944 exemptiones
831 1895 1037 1931 secularium
1063 1896 1288 1930 exactionum
1307 1909 1328 1930 a
1346 1896 1484 1943 regibus
1503 1902 1538 1931 et
1554 1897 1650 1944 prin-

170 1952 302 1999 cipibus
320 1958 380 1986 aut
398 1952 472 1986 aliis
491 1952 617 1986 Christi
635 1953 796 1988 fidelibus
814 1953 913 1987 vobis
931 1957 966 1986 et
984 1952 1098 1987 eidem
1111 1951 1318 1986 monasterio
1334 1953 1588 1988 rationabiliter
1599 1953 1650 1986 in-

170 2009 295 2049 dultas,
323 2008 515 2055 specialiter
533 2014 650 2043 autem
670 2009 830 2050 decimas,
850 2008 1031 2056 primitias,
1051 2007 1183 2048 census,
1202 2008 1350 2049 fruetus,
1371 2009 1539 2049 redditus,
1571 2023 1650 2057 pro-

168 2071 306 2106 ventus,
325 2078 438 2111 agrOS,
458 2070 579 2105 terras,
599 2065 730 2105 vineas,
750 2071 858 2112 prata,
878 2064 1012 2112 pascua,
1026 2063 1135 2105 silvas,
1149 2077 1305 2105 nemora,
1322 2065 1455 2105 domos,
1475 2067 1648 2112 grangias,

169 2120 338 2168 piscarias,
360 2121 573 2161 molendina,
593 2121 720 2168 stagna,
741 2122 846 2162 lacus,
866 2122 1017 2169 pheuda,
1032 2122 1125 2168 jura,
1141 2120 1414 2168 ju1·ilili6³cione3‚
1430 2122 1650 2168 aliaquemo-

169 2178 251 2211 bilia
268 2183 303 2212 et
320 2177 512 2212 immobilia
529 2178 621 2212 bona
638 2179 682 2212 ad
701 2178 835 2213 dietum
853 2178 1099 2213 monasterium
1119 2178 1288 2224 legittime
1318 2177 1521 2225 spectantia,
1553 2178 1650 2214 ficuti

171 2247 211 2269 ea
228 2234 347 2269 onmia
358 2233 448 2281 juste
467 2240 501 2269 et
518 2235 660 2282 pacifice
678 2233 862 2282 poffidetiS,
883 2235 981 2269 vobis
1000 2241 1034 2269 et
1051 2247 1113 2282 per
1125 2247 1187 2269 vos
1206 2235 1318 2269 eidem
1333 2235 1541 2270 monasterio
1555 2237 1650 2283 apos-

170 2290 274 2325 tolica
291 2291 501 2325 auctoritate
520 2291 778 2331 confirmamus
798 2297 833 2325 et
850 2292 1018 2338 presentis
1029 2292 1144 2340 scripti
1157 2293 1352 2340 patrocinio
1365 2294 1622 2329 communimus
1638 2310 1647 2337 ;

171 2346 263 2381 salva
279 2347 316 2381 in
334 2347 501 2394 predictis
520 2347 662 2382 decimis
681 2347 922 2382 moderatione
950 2349 1087 2383 concilii
1118 2350 1302 2395 generalis.
1355 2350 1456 2385 Nulli
1474 2364 1559 2398 ergo
1578 2365 1649 2386 om-
