1839 2652
155 285 224 317 134
499 328 504 337 Ι
556 273 871 311 REGISTRUM
899 271 1238 308 MONASTERII

159 378 320 415 omnibus
339 381 374 411 et
405 387 468 422 per
494 373 612 408 omnia
629 376 755 407 contra
779 382 901 404 omnes
918 368 1224 404 warantizabimus
1249 372 1285 403 et
1302 367 1541 403 defendemus.
1594 367 1642 402 Et

160 449 206 471 ne
224 447 304 470 ceca
323 432 500 467 oblivione
518 430 685 476 depereat
703 426 798 473 quod
815 426 872 473 pia
886 425 1075 460 devotione
1093 437 1156 472 per
1174 437 1229 459 me
1243 424 1375 458 fafitum
1395 423 1451 464 est,
1472 424 1508 457 in
1519 423 1643 470 majori

162 490 370 529 testimonio,
386 487 535 533 figillum
549 483 757 519 venerabilis
770 482 878 530 patris
890 481 1037 516 Domini
1050 481 1233 515 Laurentii
1249 478 1468 527 Ergadienfis
1482 478 1642 526 episcopi,

163 560 235 582 una
261 558 340 580 cum
366 544 483 590 figillis
510 540 661 587 magistri
681 539 828 574 XValteri
856 539 898 573 de
926 537 1075 572 Mortuo
1094 537 1182 571 mari
1208 536 1330 571 decani
1349 533 1581 581 Glasguenfis,
1610 541 1645 569 et

164 603 296 638 domini
317 600 464 635 Roberti
495 597 700 633 thesaurarii
731 595 884 644 ejusdem
903 594 982 635 loci,
1015 606 1094 628 cum
1113 591 1327 640 appositione
1344 590 1443 637 sigilli
1461 591 1541 631 mei,
1569 603 1646 637 pre-

165 658 250 694 senti
269 657 396 705 scripto
415 656 543 704 apponi
560 653 758 702 procuravi.
811 651 946 686 Datum
965 650 1059 698 apud
1078 647 1226 685 Paffelet
1254 649 1310 683 die
1341 647 1470 682 Martis
1487 647 1648 694 proxima

166 714 240 763 post
257 714 495 748 inventionem
514 711 632 746 sancte
651 709 774 749 crucis,
794 708 876 742 anni
894 708 1005 754 gratie
1025 705 1194 741 millesimi
1220 703 1445 740 ducentesimi
1470 703 1648 750 septuage-

166 771 250 805 fimi.
288 769 368 804 Hiis
379 769 530 808 testibus,
551 765 720 813 magistris
734 765 851 799 Adam
867 764 909 798 de
924 763 1138 803 Locmaban,
1161 762 1368 797 Alexandro
1384 759 1646 807 Machennedy,

170 827 313 862 domino
342 825 461 859 David
487 823 669 871 capellano
698 821 771 855 filio
802 819 983 860 Ferkardi,
1013 819 1191 854 Mauricio
1221 818 1264 853 de
1293 816 1388 858 Lufl‚
1423 817 1579 852 Ricardo
1607 816 1650 851 de

171 882 410 921 Dunidomur,
432 880 590 915 Malmur
608 879 680 913 filio
699 876 910 916 Launiaiini,
931 882 966 911 et
983 876 1068 911 aliis.

178 1052 352 1087 Institutio
371 1048 513 1085 ecclesie
528 1049 570 1083 de
591 1048 761 1095 Kyllinan
780 1059 842 1094 per
862 1044 1078 1079 Mam-icium
1097 1042 1282 1077 officialem
1310 1041 1474 1088 Ergadie,
1495 1041 1538 1075 de
1556 1053 1651 1075 man-

176 1109 256 1143 dato
276 1106 424 1155 episcopi
444 1105 563 1140 Alani.

178 1218 457 1258 UNIVERSIS
475 1218 535 1252 has
552 1217 686 1250 litteras
703 1213 825 1249 visuris
843 1213 900 1248 vel
918 1211 1089 1246 audituris
1110 1210 1308 1245 Mauricius
1326 1209 1482 1243 officialis
1501 1208 1654 1255 Ergadie

178 1279 333 1314 salutem.
366 1275 487 1309 Sciatis
499 1286 566 1313 ine,
586 1271 797 1306 auctoritate
810 1275 845 1304 et
857 1268 1022 1303 mandato
1037 1267 1246 1302 venerabilis
1259 1266 1326 1300 viri
1339 1265 1447 1299 Alani
1462 1264 1533 1299 Dei
1543 1265 1656 1311 gratia

178 1334 282 1370 eletffi
310 1329 539 1379 Ergadienfis,
578 1328 754 1363 Abbateni
780 1332 815 1361 et,
841 1329 1055 1360 conventum
1090 1328 1125 1358 et
1158 1321 1406 1357 monasterium
1436 1321 1479 1356 de
1511 1319 1658 1355 Paffelet

179 1388 297 1425 mififfe
316 1389 352 1422 in
370 1386 588 1434 corporalem
606 1381 844 1432 possessionem
864 1379 1002 1416 ecclesie
1020 1380 1063 1414 de
1085 1378 1254 1426 Kyllinan
1271 1393 1280 1422 3
1309 1377 1401 1412 salva
1418 1382 1542 1424 quarta
1558 1383 1657 1424 parte

179 1447 337 1481 oninium
356 1444 569 1479 decimarum
590 1440 743 1488 ejusdem
762 1437 900 1474 ecclesie
919 1449 986 1482 que
1004 1436 1049 1470 ad
1067 1434 1218 1470 mensam
1238 1433 1466 1481 episcopalem
1478 1433 1535 1468 vel
1549 1433 1658 1467 archi-

181 1505 403 1537 diaconatum
422 1498 577 1533 noscitur
593 1497 782 1544 pertinere,
815 1500 849 1529 et
866 1493 965 1528 salvis
984 1491 1232 1540 episcopalibus
1261 1491 1299 1524 in
1317 1490 1477 1525 omnibus
1495 1490 1569 1524 aliis
1585 1504 1594 1532 ;
1624 1495 1659 1524 et

179 1560 272 1594 salva
289 1557 418 1593 vicaria
434 1568 512 1589 mea
529 1566 595 1600 que
621 1552 707 1586 milii
731 1556 848 1585 taxata
865 1549 913 1584 est
937 1549 974 1582 111
1000 1561 1078 1582 meo
1097 1553 1267 1595 perpetuo
1285 1547 1330 1581 ad
1347 1551 1505 1592 quartam
1523 1550 1659 1592 partein

183 1615 341 1650 omnium
368 1612 594 1650 decimarum,
623 1607 841 1642 oblationum
869 1611 904 1639 et
930 1605 1079 1638 alioruin
1105 1608 1354 1650 proventuum,
1375 1608 1409 1636 et
1427 1602 1593 1648 herbagio
1612 1602 1659 1635 xii

183 1681 379 1709 vaccarum,
412 1672 446 1701 et
464 1666 500 1700 xl
517 1664 618 1699 sulcis
636 1664 679 1698 ad
698 1662 862 1697 vicariam
881 1660 1151 1708 pertinentibus.
1204 1659 1314 1693 Anno
1341 1658 1452 1705 gratie
1479 1658 1658 1693 millesimo

186 1724 420 1763 ducentefiino
447 1719 743 1768 quinquagesimo,
782 1716 898 1752 mense
937 1716 1153 1763 Septembre,
1182 1716 1237 1750 die
1263 1715 1447 1749 beatorum
1474 1715 1658 1749 martirum

186 1782 311 1819 Cosine
324 1786 358 1815 et
373 1778 551 1814 Daniiani.
582 1776 661 1810 Hiis
673 1774 822 1814 testibus,
842 1773 865 1809 J
868 1774 1005 1807 ohanne
1020 1772 1201 1819 capellano
1219 1772 1262 1806 de
1277 1771 1479 1812 Kilmodan,
1501 1771 1660 1818 Georgio

185 1839 333 1888 persona
350 1838 393 1871 de
414 1834 626 1883 Kyllivinor,
647 1837 681 1866 et
702 1830 856 1865 Ricardo
876 1830 918 1864 de
938 1829 1078 1863 Stielaw
1096 1828 1224 1862 ballivo
1239 1828 1372 1862 domini
1393 1827 1512 1873 Regis,
1533 1833 1567 1862 et
1582 1827 1662 1862 Elia

186 1895 333 1944 persona
351 1893 394 1927 de
414 1889 581 1930 masech,
603 1894 638 1923 et
657 1887 775 1922 David
795 1886 964 1921 canonico
983 1886 1026 1920 de
1045 1884 1193 1925 Lismor‚
1213 1890 1248 1919 et
1266 1885 1384 1919 inultis
1402 1884 1487 1918 aliis.

187 2071 346 2108 Donatio
368 2068 469 2116 super
487 2063 627 2101 ecclesia
645 2064 688 2098 de
710 2062 878 2109 Kylfinan
893 2074 955 2108 per
976 2061 1133 2096 Alanum
1151 2060 1349 2109 episcopum
1369 2060 1630 2108 Ergadienseni.

190 2173 428 2211 OMNIBUS
448 2170 551 2206 Cristi
576 2168 737 2204 fidelibus
763 2167 823 2201 lias
849 2166 983 2200 litteras
1008 2164 1131 2200 visuris
1158 2166 1213 2201 vel
1239 2166 1411 2200 audituris
1438 2165 1576 2200 Alanus
1595 2164 1665 2199 Dei

189 2232 301 2279 gratia
320 2226 539 2276 Ergadiensis
564 2224 743 2273 episcopus
768 2222 912 2257 salutem
938 2222 975 2256 in
1002 2221 1173 2256 Domino.
1225 2221 1346 2256 Sciatis
1372 2234 1436 2256 nos
1461 2221 1598 2268 pietatis
1615 2221 1666 2254 in-

191 2288 284 2323 tuitu
302 2283 494 2321 concessiffe
521 2289 556 2318 et
579 2283 644 2316 hac
662 2286 757 2316 carta
782 2278 896 2314 nostra
914 2277 1129 2313 confirmaffe
1161 2278 1242 2313 Deo
1269 2284 1305 2313 et
1323 2278 1453 2313 Saneto
1471 2277 1604 2313 Jacobo
1631 2282 1665 2311 et

193 2346 328 2381 Mirino
348 2344 390 2379 (10
410 2341 555 2377 Pafl'elet
581 2346 616 2375 et
642 2337 821 2374 monachis
846 2336 974 2370 ibidem
996 2335 1076 2370 Deo
1094 2334 1322 2370 servientibus
1348 2339 1382 2369 et
1408 2334 1665 2381 imperpetuum
