1870 2683
748 254 819 289 DE
848 254 1116 290 PASSELET.
1600 260 1671 298 373

196 351 302 393 bant3
331 350 458 385 scilicet
483 351 579 397 quod
608 350 787 398 predictus
820 351 929 398 Hugo
961 356 995 385 et
1022 351 1168 386 heredes
1194 350 1244 385 sui
1272 351 1494 398 prescriptam
1526 357 1666 392 terram,

197 407 292 440 omni
309 406 420 453 sopita
437 406 645 454 calumpnia,
674 406 844 441 tenebunt
862 407 1116 454 imperpetuum
1137 407 1180 441 de
1199 407 1303 441 domo
1323 408 1365 442 de
1386 407 1542 450 Passet0;
1573 408 1667 442 Red-

196 462 312 496 dendo
331 463 509 497 annuatim
530 463 707 497 dimidiam
725 476 877 497 marcam
894 463 1031 509 argenti
1060 462 1266 510 supradietis
1284 464 1461 498 monachis
1479 464 1571 510 apud
1591 464 1668 498 Pas-

194 518 267 553 leth
285 519 329 553 ad
347 519 519 554 luminare
538 518 676 553 ecclesie
694 518 763 558 sue,
783 518 910 553 scilicet
925 519 1147 553 medietatem
1165 519 1209 553 ad
1229 519 1468 554 Pentecostem
1487 525 1521 554 et
1539 520 1667 554 medie-

195 580 302 608 tatem
321 575 365 608 ad
382 574 504 608 festum
524 574 643 608 Sancti
664 574 822 608 Martini.
876 574 1031 608 Predic'ci
1050 574 1153 608 etiam
1172 575 1344 615 monachi,
1374 588 1438 622 pro
1468 575 1499 610 se
1531 581 1566 610 et
1595 576 1667 610 Ro-

193 643 279 676 gero
298 636 383 664 tunc
400 631 566 677 temporis
585 631 742 677 predicte
773 629 911 664 ecclesie
930 630 972 664 de
993 630 1158 664 Kilhelan
1176 631 1304 665 vicario
1324 636 1358 665 et
1375 644 1439 678 pro
1457 630 1524 666 suis
1541 631 1667 666 succes-

193 685 325 720 foribus
343 686 614 732 imperpetuum,
643 691 677 720 et
695 686 849 732 prefatus
870 685 979 731 Hugo
997 698 1061 732 pro
1088 685 1121 720 se
1148 691 1182 720 et
1211 686 1397 720 heredibus
1414 685 1492 727 suis,
1520 687 1667 722 firmiter

192 742 403 788 pepigerunt
421 742 515 787 quod
533 742 692 788 predicte
717 739 955 788 compositioni
982 742 1117 776 stabunt
1147 742 1415 789 imperpetuum.
1468 743 1667 790 Supradi6fi

193 798 296 832 etiam
314 798 475 832 monachi
494 798 688 844 predictam
707 803 835 832 terram
851 798 893 832 de
910 798 1111 832 Achinchos
1122 798 1399 832 warautizabunt
1411 805 1533 834 contra
1547 813 1667 835 omnes

192 854 339 888 vicarios
358 852 496 888 ecclesie
515 854 558 888 de
580 853 746 887 Kilhelan
764 854 860 888 dieto
880 853 1030 900 Hugoni
1048 859 1082 888 et
1100 854 1285 888 heredibus
1312 855 1377 888 suis
1395 855 1664 902 imperpetuum.

193 910 228 944 Si
248 922 334 944 vero
353 910 468 944 dietus
488 909 598 955 Hugo
617 915 652 943 et
675 909 820 943 heredes
838 910 887 944 sui
905 910 1063 944 terminis
1088 909 1292 956 supradictis
1319 923 1340 944 a
1368 909 1540 945 solutione
1566 912 1665 946 firme

192 964 419 1006 cessaverunt,
449 966 627 1000 dimidiam
646 978 797 1000 marcam
816 966 957 999 nomine
974 977 1064 1012 pene
1083 978 1162 999 cum
1180 965 1280 999 firma
1307 966 1350 999 ad
1378 967 1566 1001 terminum
1594 980 1665 1001 non

191 1020 300 1056 soluta
320 1021 530 1068 persolvent.
583 1021 629 1056 Et
647 1021 691 1055 ad
709 1021 877 1068 majorem
896 1021 999 1068 hujus
1016 1021 1065 1054 rei
1085 1020 1303 1055 securitatem
1330 1027 1365 1055 et
1382 1027 1422 1055 ut
1440 1021 1509 1068 ipsa
1527 1035 1665 1069 compo-

190 1076 264 1111 sitio
283 1090 326 1112 ex
344 1084 492 1123 utraque
510 1083 608 1124 parte
627 1078 760 1111 firmius
778 1083 812 1111 et
830 1077 980 1111 stabilius
998 1082 1170 1117 teneatur,
1192 1076 1332 1124 presens
1349 1076 1513 1125 scriptum
1532 1079 1575 1112 ad
1593 1092 1664 1113 mo-

191 1133 272 1167 dum
294 1134 502 1180 cyrographi
521 1133 567 1168 est
585 1134 798 1173 confectum,
826 1133 925 1180 cujus
950 1146 1022 1167 una
1048 1146 1127 1180 pars
1155 1133 1265 1180 sigillo
1294 1134 1433 1181 capituli
1465 1136 1663 1170 auctentico

190 1190 233 1223 de
254 1189 388 1224 Passeto
406 1188 535 1235 signata
552 1202 659 1236 penes
674 1189 855 1223 dominum
874 1189 1067 1235 Hugonem
1082 1190 1226 1224 militem
1243 1196 1277 1224 et
1290 1190 1436 1224 heredes
1447 1189 1536 1231 suos,
1555 1192 1665 1226 altera

190 1258 275 1279 vero
294 1244 403 1291 sigillo
423 1244 523 1292 ipsius
541 1245 658 1279 militis
677 1243 836 1291 impressa
864 1258 970 1292 penes
991 1245 1165 1280 Abbatem
1185 1252 1219 1280 et
1237 1252 1449 1281 conventum
1468 1247 1511 1281 de
1531 1246 1663 1282 Passeto

190 1308 348 1337 remanet
365 1308 536 1349 perpetuo
555 1302 773 1337 reservanda.
826 1302 873 1336 Et
891 1303 993 1336 etiam
1012 1308 1052 1336 ut
1069 1301 1139 1349 ipsa
1157 1302 1356 1349 compositio
1384 1303 1575 1337 munimine
1594 1317 1663 1337 ma-

183 1360 254 1406 jori
272 1359 470 1399 roboretur,
491 1359 699 1393 venerabilis
717 1364 815 1405 pater
832 1358 1007 1392 Walterus
1027 1357 1096 1392 Dei
1114 1358 1226 1404 gratia
1244 1356 1465 1404 Glasguensis
1484 1357 1662 1406 episcopus

188 1416 231 1449 ad
250 1416 454 1462 petitionem
474 1415 625 1462 partium
645 1415 856 1449 auctoritate
883 1412 1066 1461 episcopali
1092 1412 1376 1461 compositionem
1404 1414 1551 1448 eandem
1580 1428 1661 1449 con-

188 1471 350 1505 firmavit.
404 1470 485 1504 Hiis
503 1470 653 1511 testibus,
674 1471 817 1505 domino
837 1470 883 1504 R.
903 1469 1043 1516 Tyndal
1057 1468 1268 1504 thesaurario
1284 1468 1497 1516 Glasguenfi‚
1519 1470 1661 1504 domino

186 1527 350 1562 Johanne
371 1527 414 1561 de
435 1526 630 1560 Kilberhan
649 1527 780 1561 decano
808 1527 850 1561 de
875 1526 978 1561 walle
997 1525 1101 1566 Clud‚
1131 1526 1274 1560 domino
1306 1526 1411 1561 Petro
1439 1526 1481 1560 de
1501 1525 1659 1567 Perthec,

189 1582 348 1617 Roberto
367 1582 585 1622 cancellario,
606 1582 705 1617 Luca
722 1583 911 1630 capellano,
931 1582 954 1618 J
957 1582 1095 1617 ohanne
1109 1583 1181 1617 filio
1197 1583 1292 1617 Petri
1311 1583 1353 1617 de
1373 1582 1532 1623 Perthec‚
1554 1583 1661 1617 Alex-

187 1639 298 1673 andro
317 1639 360 1673 de
379 1639 554 1673 Smalham
574 1638 712 1673 clerico.

188 1784 296 1818 Carta
313 1784 588 1819 confirmationis
608 1783 768 1832 Episcopi
787 1784 1008 1831 Glasguensis
1026 1786 1068 1820 de
1087 1786 1231 1820 dimidia
1248 1799 1364 1821 marca
1382 1787 1424 1820 de
1445 1786 1606 1821 Hwston.

187 1878 426 1915 OMNIBUS
452 1879 570 1915 sancte
590 1881 709 1915 matris
728 1880 866 1915 ecclesie
885 1881 962 1915 filiis
989 1882 1032 1915 ad
1062 1895 1149 1928 quos
1166 1882 1341 1929 presentes
1359 1883 1474 1917 littere
1492 1896 1659 1930 pervene-

186 1936 256 1970 rint
276 1936 457 1970 Robertus
474 1936 695 1970 miseratione
715 1936 832 1970 divina
850 1936 1070 1983 Glasguenfis
1089 1938 1226 1972 ecclesie
1245 1938 1396 1972 minister
1418 1939 1557 1972 humilis
1574 1938 1659 1972 salu-

185 1997 255 2026 tem
275 1998 430 2026 eternam
462 1993 498 2026 in
518 1992 688 2026 Domino.
742 1991 895 2026 Noverit
923 1993 1124 2028 universitas
1154 1993 1264 2028 vestra
1295 2007 1358 2027 nos
1388 1995 1657 2028 conventionem

184 2048 311 2082 fafitam
339 2048 431 2082 inter
458 2049 638 2082 dominum
660 2047 863 2082 XVilelmum
890 2048 1048 2083 abbatem
1078 2056 1112 2084 et
1141 2054 1352 2084 conventum
1382 2049 1424 2083 de
1456 2048 1588 2083 Passeto
1615 2062 1658 2082 ex

184 2108 281 2150 parte
299 2116 381 2143 una,
411 2109 445 2137 et
466 2103 659 2149 Hugonem
678 2103 789 2137 filium
812 2104 997 2150 Reginaldi
1016 2105 1159 2139 militem
1188 2118 1230 2139 ex
1256 2104 1375 2144 altera,
1403 2117 1476 2138 non
1493 2105 1656 2139 abolitam

184 2171 256 2192 non
275 2159 500 2193 cancellatam
519 2171 584 2192 nec
602 2159 637 2192 in
656 2159 771 2204 aliqua
796 2165 893 2206 parte
919 2160 969 2194 sui
987 2160 1152 2200 vitiatam,
1180 2160 1289 2206 sigillo
1319 2160 1525 2194 venerabilis
1551 2161 1657 2207 patris

185 2214 317 2248 domini
341 2213 484 2248 Walteri
503 2213 573 2248 Dei
591 2215 703 2260 gratia
721 2215 853 2249 dudum
873 2215 1092 2262 Glasguenfis
1111 2215 1259 2263 episcopi
1289 2221 1323 2250 et
1348 2215 1456 2262 figillo
1475 2217 1558 2250 dieti
1580 2216 1657 2250 Hu—

183 2270 283 2316 gonis
300 2275 340 2303 ut
357 2269 470 2316 prima
487 2269 573 2303 facie
591 2269 774 2304 videbatur
792 2269 956 2316 signatam
978 2270 1156 2318 inspexiffe
1187 2272 1222 2305 in
1252 2272 1316 2306 hec
1345 2272 1475 2315 verba3
1506 2272 1655 2308 ANNO

182 2326 292 2371 gratie
312 2326 354 2360 M⁰
373 2330 432 2359 cc⁰
449 2333 532 2360 xxv0
549 2325 642 2359 facta
661 2325 706 2360 est
724 2326 787 2360 hec
807 2327 993 2361 conventio
1011 2327 1103 2362 inter
1122 2327 1325 2362 Wilelmum
1343 2327 1501 2362 abbatem
1522 2333 1555 2363 et
1574 2341 1656 2364 con-
