1839 2652
165 290 211 321 28
558 281 872 319 REGISTRUM
901 281 1240 317 MONASTERH

166 386 360 418 conventus
378 380 421 414 de
435 378 581 414 Paffelet
595 379 784 418 exhiberet,
804 382 885 412 ante
899 377 1020 412 festum
1033 377 1267 424 apostolorum
1281 377 1430 424 Philippi
1445 383 1478 412 et
1491 378 1514 413 J
1515 378 1613 413 acobi
1627 393 1637 421 ;

168 435 494 485 Compromiserunt
521 436 557 469 in
582 434 745 482 personas
763 431 995 479 infrascriptas
1012 438 1178 479 tanquam
1197 433 1232 466 in
1251 433 1448 467 amicabiles
1474 433 1641 481 compofi-

168 502 273 534 tores,
314 492 476 526 videlicet
506 492 543 526 in
572 490 807 525 venerabilem
845 493 980 536 patrem
1008 489 1190 523 dominum
1226 488 1398 524 Jacobum
1430 488 1501 523 Dei
1530 490 1643 535 gratia

170 549 290 586 Sancti
309 548 455 582 Andree
474 546 684 594 episcopum,
713 551 748 579 et
766 545 948 579 dominum
968 544 1167 578 Robertum
1186 544 1228 579 de
1247 543 1402 591 Lawdyr
1414 543 1642 591 justiciarium

172 604 370 643 Laudonie,
410 615 452 636 ex
479 608 577 650 parte
605 602 689 636 dieti
719 600 908 647 Reginaldi
938 600 1095 643 elect033
1137 606 1171 634 et
1197 600 1331 634 nobiles
1358 600 1453 634 viros
1481 600 1642 634 dominos

170 660 340 698 Jacobum
360 659 403 693 de
418 658 556 705 Duglas
571 658 753 692 dominum
767 657 810 691 de
823 656 947 691 eodem
961 662 996 691 et
1009 657 1254 691 Alexandrum
1267 657 1309 690 de
1324 655 1473 702 Meynes
1485 669 1529 690 ex
1546 661 1644 703 parte

171 714 409 765 procuratoris
439 715 524 748 dieti
560 713 757 748 monasterii
797 712 928 747 eleetos
948 726 957 754 ;
1000 717 1033 746 et
1060 713 1096 746 in
1126 712 1281 746 nobilem
1313 712 1427 746 virum
1463 712 1644 746 dominum

173 772 348 807 Thomam
378 770 607 817 Ranulphum
625 769 788 803 comitem
817 768 980 803 Moravie
999 768 1195 802 comuniter
1213 781 1233 802 a
1259 768 1360 802 dictis
1378 767 1533 814 partibus
1559 768 1646 802 elec-

173 835 249 864 tum
267 827 290 861 fi
317 827 402 861 dicti
432 833 582 873 quatuor
612 825 826 860 concordare
853 836 926 858 non
953 829 1121 870 poterunt
1147 823 1248 871 super
1275 824 1377 858 dictis
1403 824 1586 870 arreragiis
1613 828 1648 858 et

174 885 272 933 penis
302 896 364 931 per
391 888 655 930 procuratorem
675 882 760 916 dicti
786 880 982 915 monasterii
1001 880 1044 914 de
1077 878 1223 914 Paffelet
1241 880 1386 926 negatis,
1414 880 1495 925 quia
1522 879 1649 926 princi-

175 941 253 988 pale
271 940 455 979 fatebatur,
487 939 649 973 videlicet
667 936 864 985 penfionem
891 936 1122 982 quadraginta
1139 949 1346 976 marcarum,
1376 941 1410 970 et
1428 949 1503 970 eam
1523 935 1649 970 debere

175 996 325 1044 prestare
344 1009 364 1029 a
380 1001 539 1041 tempore
557 995 649 1040 pacis
666 994 758 1028 inter
775 1005 885 1039 regna
897 992 1012 1027 ScotIe
1031 997 1066 1026 et
1084 992 1217 1038 Anglie
1231 992 1462 1038 proclamate3
1491 992 1539 1025 ita
1556 992 1651 1037 quod

177 1051 341 1098 quicquid
358 1050 418 1098 ipfi
436 1056 596 1096 quatuor,
616 1050 673 1084 vel
685 1049 837 1095 quinque
851 1047 874 1082 fi
886 1046 1019 1082 necefl'e
1034 1048 1150 1088 fuerit,
1171 1047 1272 1094 super
1283 1046 1449 1094 premiffis
1467 1047 1651 1093 arreragiis

181 1113 215 1143 et
232 1108 331 1155 penis
343 1106 653 1141 ordinaverintvel
678 1105 825 1139 fecerint
838 1103 896 1138 seu
915 1104 1072 1138 arbitrati
1083 1104 1215 1138 fuerint
1228 1104 1270 1137 de
1284 1103 1400 1150 plano,
1417 1103 1485 1138 alte
1501 1108 1535 1137 et
1549 1101 1649 1143 baffe,

174 1164 265 1211 juris
279 1164 401 1198 ordine
416 1161 551 1196 servato
565 1162 621 1196 vel
636 1174 708 1195 non
720 1161 866 1200 servato,
883 1160 1002 1194 diebus
1014 1159 1144 1193 feriatis
1158 1159 1214 1193 vel
1225 1172 1298 1192 non
1309 1159 1449 1199 feriatis,
1465 1159 1584 1193 stando
1596 1160 1652 1194 vel

180 1220 343 1259 sedendo,
363 1224 469 1265 prout
486 1216 561 1264 ipfis
575 1216 685 1251 visum
698 1216 804 1250 fuerit
819 1216 861 1249 de
874 1215 967 1261 jure,
987 1214 1176 1249 secundum
1193 1213 1434 1248 discretionem
1447 1216 1651 1254 eorundem,

183 1276 445 1321 [observetur]:
474 1280 508 1308 et
526 1274 572 1318 ad*
588 1273 677 1306 illud
696 1271 951 1305 observandum
970 1271 1066 1315 quod
1083 1282 1146 1316 per
1165 1269 1252 1316 ipsos
1271 1270 1470 1304 ordinatum
1489 1269 1547 1304 seu
1567 1270 1655 1304 arbi-

183 1337 313 1366 tratum
328 1331 444 1370 fuerit,
463 1336 611 1374 utraque
623 1341 702 1374 pars
718 1326 899 1372 corporale
914 1325 1060 1372 prestitit
1069 1325 1312 1371 juramentum
1329 1339 1338 1367 3
1359 1331 1394 1359 et
1408 1324 1656 1360 consenserunt

184 1387 277 1434 quod
297 1387 423 1420 octavo
450 1386 505 1420 die
524 1384 597 1432 post
614 1383 734 1418 festum
761 1381 879 1416 sancte
899 1381 1094 1421 Trinitatis,
1123 1380 1276 1426 quelibet
1302 1393 1380 1427 pars
1406 1381 1484 1415 suos
1509 1381 1657 1416 arbitros

184 1442 242 1478 seu
260 1442 456 1477 amicabiles
474 1438 718 1486 compofitores
736 1438 924 1485 predicto&
953 1438 1009 1472 vel
1028 1438 1113 1471 alios
1131 1437 1210 1471 loco
1227 1437 1369 1471 illorum
1387 1436 1410 1470 fi
1428 1436 1516 1484 ipsos
1529 1437 1658 1472 habere

184 1512 257 1534 non
275 1499 441 1546 poterint,
469 1497 562 1544 apud
581 1496 790 1542 Berwycum
809 1494 969 1534 adducat,
997 1493 1058 1527 sub
1075 1506 1165 1540 pena
1190 1491 1374 1527 amiffionis
1405 1493 1580 1527 dictorum
1606 1507 1660 1527 ar-

186 1555 403 1601 reragiorum
431 1559 465 1588 et
492 1565 662 1600 penarum
690 1565 734 1586 ex
762 1556 861 1597 parte
892 1550 977 1584 dicti
1004 1549 1239 1595 procuratoris
1270 1548 1312 1582 de
1339 1547 1596 1595 Simpringham
1625 1554 1658 1583 et

188 1611 410 1646 dominorum
430 1610 582 1649 suorum,
603 1614 637 1642 et
651 1607 711 1642 sub
724 1620 815 1654 pena
828 1605 1008 1640 solutionis
1022 1605 1214 1639 eorundem
1231 1617 1273 1638 ex
1287 1609 1385 1651 parte
1400 1605 1484 1638 dicti
1496 1617 1660 1651 procura-

188 1668 274 1702 toris
288 1665 484 1701 monasterii
498 1666 540 1699 de
559 1663 704 1698 Paffelet
720 1669 754 1697 et
769 1662 916 1696 Abbatis
931 1666 965 1694 et
979 1665 1173 1695 conventus
1185 1659 1348 1706 ejusdem.
1393 1659 1428 1695 Si
1443 1673 1527 1694 vero
1546 1661 1660 1695 dictus

190 1724 319 1759 Comes
337 1735 409 1756 non
427 1722 556 1769 poterit
573 1721 629 1755 vel
647 1720 800 1754 noluerit
818 1715 989 1757 intereffe,
1010 1717 1103 1751 diere
1121 1721 1247 1763 parteS,
1266 1714 1290 1749 fi
1307 1715 1440 1750 neceffe
1458 1717 1574 1758 suerit,
1603 1718 1661 1752 eli-

189 1785 275 1826 gent
293 1779 453 1824 quintum
483 1778 561 1811 loco
581 1775 681 1823 ipsius
712 1775 882 1816 Comitis;
911 1778 946 1807 et
962 1772 986 1807 fi
1004 1771 1063 1819 ipfi
1081 1771 1243 1818 eligendo
1262 1772 1475 1806 concordare
1501 1785 1575 1806 non
1600 1786 1663 1819 po-

191 1840 322 1874 terunt,
353 1833 503 1881 predicti
522 1838 672 1878 quatuor
699 1831 819 1865 arbitri
838 1829 896 1864 seu
927 1829 1123 1863 amicabiles
1149 1827 1394 1875 compositores
1425 1828 1586 1874 quintum
1603 1828 1662 1863 fibi

192 1891 333 1937 eligent.
392 1890 440 1924 Et
466 1890 556 1923 infra
582 1887 638 1922 sex
669 1887 874 1934 septimanas
899 1886 941 1920 ab
972 1886 1105 1920 octavis
1133 1885 1250 1919 san&e
1278 1883 1461 1918 Trinitatis
1491 1885 1661 1931 predifike,

194 1947 288 1982 dicta
319 1944 552 1981 controverfia
578 1957 640 1991 per
668 1944 780 1978 dictos
807 1943 954 1977 arbitros
993 1940 1248 1980 terminabitur,
1277 1939 1337 1974 sub
1363 1953 1453 1987 pena
1479 1939 1664 1974 amillionis

195 2003 370 2037 dictorum
389 2001 646 2046 arreragiorum
666 2004 700 2034 et
717 2011 898 2046 penarum,
919 2003 954 2032 et
965 1997 1144 2031 solutionis
1156 1996 1359 2036 eorundem,
1379 2001 1418 2030 ut
1436 1996 1661 2042 premittitur,

194 2072 237 2094 ex
254 2065 353 2105 parte
373 2057 465 2091 illius
484 2056 582 2103 cujus
609 2055 729 2090 arbitri
760 2055 889 2088 dicitam
916 2051 1185 2088 controversiam
1211 2064 1283 2086 non
1314 2052 1581 2086 terminaverint
1605 2051 1664 2086 seu

194 2114 351 2149 steterint
369 2126 432 2160 per
449 2112 538 2160 ipsos
556 2112 743 2158 quominus
766 2111 857 2144 infra
873 2109 1072 2156 predictum
1091 2114 1228 2155 tempus
1245 2107 1465 2147 terminetur,
1495 2107 1540 2140 In
1566 2106 1664 2154 cujus

196 2170 247 2204 rei
272 2169 507 2203 testimonium
524 2167 673 2214 figillum
699 2166 803 2201 officii
828 2165 935 2200 nostri
960 2165 1004 2199 ad
1029 2162 1286 2210 requisitionem
1314 2163 1487 2198 dictarum
1513 2163 1663 2210 partium

197 2224 418 2272 presentibus
441 2224 487 2259 est
502 2224 702 2272 appensum.
900 2232 903 2233 ’
