1839 2652
165 260 213 290 42
561 253 875 289 REGISTRUM
904 253 1242 289 MONASTERII

171 352 333 397 aliquem,
347 351 537 390 fictionem,
548 349 839 384 machinationem
854 348 1092 383 commiseritis
1106 355 1166 383 aut
1178 354 1427 389 commentum,
1444 350 1652 395 proferimus

173 408 210 441 in
240 407 304 440 hiis
330 406 474 453 scriptis,
503 406 650 440 firmiter
678 405 902 451 precipiendo
933 405 1138 439 mandamus
1166 410 1337 450 quatenus
1366 405 1410 439 ad
1440 405 1646 452 presentiam

175 463 259 497 dieti
278 462 410 495 domini
430 461 596 501 wilelmi,
627 459 790 500 Gilcristi,
820 466 854 494 et
872 460 895 495 J
898 461 1044 495 ohannis
1061 461 1289 509 personaliter
1307 462 1522 503 accedentes,
1541 463 1650 510 ipsum

176 518 357 552 dominum
389 517 600 556 Wilelmum,
634 515 847 556 Gilcristum,
881 522 915 550 et
943 517 1141 552 Johannem
1171 518 1283 552 citetis
1310 518 1529 559 nominatim,
1558 519 1651 564 quod

174 578 398 620 compareant
417 585 534 607 coram
553 571 652 606 nobis
670 571 726 606 vel
745 584 817 605 uno
836 571 1032 607 nostrorum
1060 574 1274 620 conjunctim
1301 573 1360 608 seu
1388 572 1530 614 divifim,
1559 574 1651 620 apud

177 629 320 676 Glafigw
339 631 375 663 in
394 627 533 663 ecclesia
551 628 741 662 cathedrali
760 627 924 674 ejusdem,
953 629 989 662 in
1007 629 1086 663 loco
1105 629 1301 670 confistorii,
1321 630 1381 664 ubi
1398 629 1509 677 potest
1526 629 1653 663 habere

176 686 275 733 copia
299 685 505 732 peritorum,
535 685 648 731 primo
677 684 732 718 die
761 683 883 718 meniis
914 683 1078 719 Octobris
1108 686 1309 732 proximum
1336 685 1458 726 futuri,
1485 685 1654 732 predictis

178 741 308 775 Abbati
327 747 362 775 et
382 740 572 775 conventui
590 739 788 774 monasterii
807 740 849 774 de
870 737 1039 774 Paffeleto
1066 741 1121 774 vel
1140 754 1262 774 eorum
1281 740 1567 787 procuratoribus
1593 746 1654 774 aut

177 798 410 845 procuratori,
437 796 539 844 super
556 796 722 842 predffi'cis
748 795 1018 841 gravaminibus,
1047 796 1206 842 dampnis
1234 801 1268 830 et
1298 796 1444 842 injuriis,
1473 809 1512 830 ac
1540 796 1614 829 aliis
1631 795 1655 828 11

177 866 243 899 que
271 852 329 887 fibi
357 853 507 900 objicere
535 851 723 891 voluerint,
753 849 958 897 responsuri,
992 863 1031 885 ac
1062 851 1179 884 omnia
1207 856 1241 885 et
1271 850 1404 897 singula
1434 851 1561 885 fafituri
1587 864 1653 897 que

176 909 400 956 postulaverit
419 909 507 942 ordo
521 908 611 955 juris
629 912 664 942 et
681 907 826 941 rationis
843 921 851 949 ;
881 911 916 940 et
941 905 964 940 fi
989 907 1138 953 prediffi
1170 906 1332 941 dominus
1353 907 1547 948 Wilclmus,
1578 907 1654 941 Gil-

178 964 306 1005 cristus,
336 970 370 999 et
388 964 570 1000 Johannes
588 963 739 997 inveniri
758 975 830 996 non
847 963 1003 1009 poterint
1029 963 1065 996 in
1094 963 1179 996 locis
1209 963 1244 996 in
1273 962 1396 1008 quibus
1422 963 1655 997 communiter

178 1021 333 1055 habitare
352 1020 596 1054 consueverint
614 1019 670 1053 vel
698 1017 928 1058 consueverit,
957 1018 993 1051 in
1020 1017 1167 1052 ccelefiis
1192 1017 1258 1052 suis
1286 1018 1541 1065 parochialibus
1566 1018 1654 1065 ipsos

178 1090 241 1124 per
259 1090 332 1117 vos,
352 1077 457 1110 modo
476 1089 545 1121 quo
564 1074 677 1121 snpra,
710 1074 753 1108 ad
781 1074 1054 1120 comparendum
1084 1087 1199 1108 eoram
1230 1074 1341 1114 nobis,
1369 1080 1409 1108 ut
1426 1074 1652 1121 premittitur,

179 1133 276 1167 citari
294 1133 457 1166 volumus
476 1137 510 1166 et
528 1131 755 1165 mandamus:
785 1130 831 1164 Et
858 1130 894 1163 in
922 1128 1055 1175 lignum
1084 1129 1281 1176 hujusmodi
1308 1130 1480 1164 citationis
1506 1142 1569 1176 per
1593 1143 1655 1164 vos

178 1188 221 1222 fic
232 1188 335 1228 facte,
350 1200 423 1228 vos,
440 1187 589 1226 abbates,
606 1187 751 1233 priores,
771 1186 1017 1226 archidiaconi,
1038 1185 1211 1225 officiales,
1229 1190 1263 1219 et
1275 1185 1407 1226 decani,
1423 1186 1467 1219 ad
1480 1198 1567 1231 quos
1580 1198 1656 1232 pre-

178 1243 290 1278 sentes
307 1243 423 1277 littere
441 1242 678 1289 pervenerint,
698 1254 837 1275 necnon
856 1246 890 1275 et
903 1254 963 1275 vos
982 1240 1104 1288 singuli
1116 1241 1235 1275 vicarii
1248 1246 1282 1275 et
1294 1241 1463 1288 capellani
1483 1241 1656 1274 dietarum

181 1299 366 1339 diocesum,
387 1299 446 1344 qui
465 1312 508 1333 ex
525 1303 623 1345 parte
642 1298 818 1332 (lifitorum
837 1297 1079 1343 religiosorum
1094 1297 1136 1330 de
1152 1295 1320 1330 Paffeleto
1332 1296 1433 1343 super
1447 1297 1513 1330 hoe
1525 1296 1658 1330 fueritis

181 1355 342 1402 requifiti,
371 1354 479 1401 sigilla
504 1354 614 1388 vestra
641 1354 749 1399 magis
777 1354 953 1387 autentica
985 1358 1019 1387 et
1047 1352 1187 1386 notiora
1215 1351 1431 1399 presentibus
1462 1352 1655 1399 apponatis,

181 1413 327 1452 easdem,
360 1412 453 1445 fafita
480 1411 644 1445 citatione
676 1408 883 1456 hujusmodi,
916 1409 1019 1443 latori
1050 1408 1240 1442 earundem
1272 1408 1379 1442 libere
1410 1408 1597 1442 reddentes
1624 1413 1658 1442 et

181 1470 422 1505 deliberantes
451 1468 584 1503 Datum
601 1467 660 1501 sub
678 1465 794 1512 figillis
811 1466 934 1500 nostris
952 1465 1044 1511 apud
1064 1463 1217 1510 Glasgw‚
1234 1465 1338 1498 tertio
1358 1464 1412 1498 die
1432 1462 1552 1498 menfis
1572 1463 1653 1509 Sep-

181 1526 324 1561 tembris
342 1537 434 1558 anno
447 1523 595 1557 Domini
615 1521 794 1556 millefimo
813 1520 1054 1556 trecentefimo
1073 1518 1280 1566 sexagefimo
1298 1519 1454 1566 septimo.

184 1694 291 1728 Carta
305 1690 543 1737 resignationis
561 1691 711 1737 predicti
729 1691 837 1724 annui
851 1690 1009 1725 redditus
1027 1691 1119 1724 faeta
1133 1690 1225 1724 inter
1237 1689 1441 1723 lVilelmum
1455 1688 1654 1735 magistrum

185 1748 317 1784 ordinis
337 1747 379 1781 de
398 1747 677 1793 Simpringhame
696 1752 730 1780 et
751 1746 989 1793 Reginaldum
1010 1746 1126 1780 lWore.

188 1858 467 1896 UNIVERSIS
508 1858 634 1893 Christi
663 1857 823 1892 fidelibus
853 1857 1029 1905 presentes
1056 1858 1188 1892 litteras
1219 1856 1434 1904 inspecturis,
1476 1856 1661 1890 lVilelmus

189 1914 405 1964 permissione
441 1915 558 1949 divina
592 1914 750 1961 magister
784 1914 915 1948 ordinis
953 1914 995 1948 de
1031 1913 1299 1960 Simpringham,
1338 1914 1472 1960 priores
1499 1918 1533 1946 et
1559 1924 1661 1946 cano-

188 1973 257 2006 nici
283 1984 322 2005 ac
348 1971 517 2005 moniales
544 1970 675 2004 ordinis
700 1970 860 2016 predicffi,
897 1969 1040 2004 {alutem
1078 1970 1113 2003 in
1152 1969 1308 2003 omnium
1335 1967 1516 2003 salvatore.
1568 1968 1660 2002 Cum

189 2041 254 2062 nos
295 2039 358 2074 per
400 2031 530 2061 cartam
568 2025 717 2060 nostram
761 2025 970 2059 hereditarie
1016 2023 1280 2059 concesserimus
1324 2025 1522 2071 Reginaldo
1566 2024 1661 2058 dieto

193 2084 300 2118 More
354 2083 454 2117 illum
498 2095 654 2116 annuum
698 2081 873 2116 redditum
914 2081 1145 2126 quadraginta
1181 2094 1376 2115 marcarum
1418 2080 1662 2126 sterlingorum

192 2152 295 2186 quem
321 2138 469 2185 religiosi
486 2139 551 2174 viri
581 2138 701 2172 Abbas
727 2143 761 2172 et
792 2143 986 2171 conventus
1014 2136 1210 2170 monasterii
1240 2137 1282 2170 de
1314 2135 1483 2170 Pafl'eleto
1514 2136 1613 2170 nobis
1631 2141 1665 2170 et

195 2195 314 2230 domui
350 2194 463 2229 nostre
499 2195 542 2229 de
570 2194 826 2241 Simpringham
853 2193 952 2227 annis
980 2191 1119 2238 lingulis
1147 2192 1294 2227 reddere
1325 2192 1564 2234 tenebantur3
1604 2204 1665 2225 no-

194 2251 313 2285 veritis
331 2263 405 2291 nos,
424 2250 581 2284 unanimi
599 2249 715 2284 nostro
734 2248 900 2284 eonsenlii
919 2253 954 2283 et
979 2246 1121 2288 affensu,
1150 2261 1214 2294 pro
1232 2248 1331 2282 nobis
1359 2253 1394 2282 et
1422 2245 1666 2282 succefforibus

196 2306 327 2347 nostris,
356 2307 554 2354 prediGmm
572 2319 729 2341 annuum
747 2305 922 2340 redditum
942 2303 1172 2350 quadraginta
1190 2317 1395 2345 marcarum,
1425 2317 1464 2339 ac
1482 2308 1596 2338 totum
1610 2302 1667 2349 jus
