1870 2683
210 273 280 305 358
610 264 924 301 REGISTRUM
955 263 1293 298 MONASTERII

213 379 258 400 na
274 363 495 412 providentia
512 374 600 408 pape
619 361 744 395 decimi
763 373 856 394 anno
875 360 991 399 tertio,
1020 359 1056 393 in
1087 359 1155 393 mei
1185 360 1313 394 notarii
1330 359 1460 406 publici
1489 366 1523 395 et
1554 361 1688 397 testium

214 421 482 467 subscriptorum
501 417 672 465 presentia
689 417 915 464 personaliter
935 414 1139 450 constitutus
1157 414 1458 450 reverendiflimus
1487 417 1524 451 in
1555 418 1691 453 Christo

214 484 312 525 pater
331 480 365 510 et
384 475 546 509 dominus
565 473 728 508 dominus
748 472 911 507 Andreas
929 471 1000 506 Dei
1019 477 1053 506 et
1070 471 1255 518 apostolice
1273 470 1361 506 sedis
1377 473 1491 518 gratia
1513 474 1691 521 archiepis-

219 544 328 579 copus
356 530 619 570 Sanetiandree,
648 529 756 564 totius
783 529 884 575 regni
912 528 1027 563 Scotie
1057 528 1186 574 primas
1214 533 1249 563 et
1272 528 1457 576 apostolice
1474 528 1561 564 sedis
1578 530 1693 577 supra-

216 589 337 635 scripte
363 587 499 633 ]egatus
517 591 620 621 natus
639 598 718 620 cum
735 585 903 632 potestate
921 583 1027 630 legati
1054 584 1096 618 de
1127 584 1248 626 latere,
1276 597 1296 619 a
1323 584 1531 620 sanfitiffimo
1550 586 1692 621 domino

214 644 330 679 nostro
351 643 445 690 Papa
462 642 602 690 ejusslue
620 640 836 676 sacrosancta
852 640 931 675 sede
951 639 1135 687 apostolica
1152 641 1196 675 ad
1216 640 1353 688 Regem
1380 646 1415 676 et
1444 654 1593 688 regnum
1613 642 1693 677 Sco-

214 702 261 736 tie
278 700 423 735 nuntius
440 699 634 747 specialiter
653 698 849 739 destinatus,
871 696 1029 744 exposuit
1040 697 1191 743 qualiter
1209 699 1316 744 [per]
1335 698 1508 745 prefatum
1521 699 1692 733 summum

218 757 425 791 Pontificem
444 756 488 790 ad
506 756 624 790 omnia
641 754 849 789 monasteria
865 760 935 788 tam
955 759 1118 800 exempta
1134 766 1239 799 quam
1256 766 1330 788 non
1342 760 1504 801 exempta
1514 754 1692 795 vifitanda‚

217 811 436 859 excefl'iilklue
455 817 489 846 et
508 811 734 846 enormitates
759 810 907 844 fratrum
938 809 1024 843 inibi
1054 810 1349 845 commorantium
1367 810 1580 857 castigandos
1606 811 1696 846 infra

215 870 389 916 prefatum
420 880 569 914 regnum
596 866 655 901 fibi
685 866 839 914 specialis
866 866 931 900 fuit
963 864 1118 900 conceffa
1145 866 1291 901 facultas
1307 881 1318 910 ;
1346 872 1382 902 et
1411 867 1506 913 quod
1535 866 1694 902 vicefimo

216 926 339 972 quinto
357 924 380 960 J
383 924 517 959 anuarii
534 924 660 958 ultimo
680 921 792 970 elapsi,
821 922 858 956 in
876 921 959 956 villa
977 921 1020 956 de
1039 921 1143 963 Leth,
1175 923 1411 958 venerabilem
1428 924 1463 957 in
1484 923 1620 958 Christo
1638 937 1696 971 pa-

215 988 304 1016 trem
325 981 523 1015 Robertum
541 977 761 1027 permistione
780 978 898 1012 divina
919 977 1079 1012 abbatem
1109 978 1307 1013 monasterii
1338 980 1381 1014 de
1411 979 1556 1020 Passeto,
1584 979 1695 1026 ipsum

217 1037 476 1077 monasterium,
492 1035 692 1075 monachos,
713 1047 905 1080 eorumque
923 1033 1106 1069 servitores
1124 1040 1159 1070 et
1176 1035 1373 1076 familiares,
1393 1049 1432 1071 ac
1450 1036 1695 1071 monasterium

219 1095 261 1129 de
281 1092 504 1139 Corsraguell
523 1092 564 1126 ab
583 1091 654 1138 ipso
673 1090 880 1125 monasterio
895 1090 937 1124 de
952 1090 1085 1126 Passeto
1100 1092 1311 1139 dependens,
1329 1098 1363 1127 et
1376 1092 1554 1139 religiosos
1567 1093 1696 1127 ibidem

218 1150 395 1196 degentes,
411 1154 445 1183 et
457 1146 612 1183 ecclefias
625 1147 727 1181 dictis
743 1146 954 1181 monasteriis
968 1148 1183 1194 pertinentes
1197 1154 1232 1183 et
1244 1148 1426 1195 subjefitas,
1441 1149 1484 1183 de
1497 1148 1696 1196 hujusmodi

217 1206 381 1240 facultate
400 1217 592 1239 exonerare
610 1202 764 1250 promifit
783 1209 817 1237 et
836 1216 959 1237 revera
976 1209 1015 1237 ut
1033 1201 1172 1238 afferuit
1191 1205 1418 1247 exoneravit3
1448 1210 1483 1239 et
1506 1218 1623 1239 coram
1642 1218 1697 1240 me

218 1262 357 1297 notario
376 1260 517 1308 publico
536 1265 571 1294 et
588 1259 728 1294 testibus
746 1250 969 1305 irifrascriptis
994 1259 1149 1306 prefatus
1166 1259 1468 1295 reverendiffimus
1494 1262 1531 1295 in
1563 1261 1699 1296 Christo

218 1324 316 1365 pater
334 1322 564 1351 memoratam
583 1314 677 1349 suam
696 1313 952 1362 permistionem
971 1321 1006 1349 et
1024 1317 1311 1351 exonerationem
1342 1322 1453 1351 ratam
1481 1317 1612 1357 habuit,
1643 1330 1700 1364 ap-

219 1374 379 1421 probavit
398 1378 432 1407 et
451 1372 682 1411 confirmavit,
711 1376 745 1405 et
776 1383 820 1405 ex
848 1369 908 1404 sua
937 1377 1033 1406 certa
1048 1370 1200 1413 scientia,
1229 1378 1328 1407 motu
1345 1374 1488 1420 proprio
1505 1379 1545 1407 ut
1563 1371 1701 1407 afferuit

221 1438 254 1466 et
273 1431 317 1465 ob
331 1429 540 1477 singularem
555 1430 711 1464 favorem
726 1441 829 1474 quem
842 1428 932 1474 gerit
947 1440 1030 1473 erga
1040 1428 1251 1475 prelibatum
1265 1429 1500 1463 venerabilem
1512 1430 1549 1463 in
1564 1428 1700 1463 Christo

220 1494 355 1535 patrem
378 1493 412 1521 et
430 1486 512 1520 alias
530 1499 633 1532 quam
651 1485 818 1532 plurimas
835 1484 1066 1530 gratitudines
1092 1484 1151 1519 fibi
1176 1485 1437 1532 multiphariam
1454 1484 1633 1532 impensas,
1653 1486 1702 1532 ip-

221 1543 295 1578 sum
313 1542 547 1577 venerabilem
569 1542 605 1575 in
624 1540 760 1576 Christo
778 1546 912 1587 patrem
932 1553 971 1574 ac
990 1540 1196 1576 monasteria
1221 1547 1255 1576 et
1282 1542 1482 1582 monachos,
1511 1554 1702 1587 eorumque

221 1600 404 1635 servitores
423 1604 458 1633 et
475 1598 662 1632 familiares
684 1603 719 1631 et
738 1595 893 1631 ecclesias
912 1596 954 1630 de
975 1595 1107 1630 Passeto
1127 1602 1162 1631 et
1181 1595 1391 1643 Corsraguel
1418 1597 1622 1637 antediGtms,
1653 1603 1701 1630 te-

225 1670 313 1692 nore
344 1656 512 1703 presentis
542 1654 673 1702 publici
703 1653 922 1687 instrumenti
953 1652 995 1686 de
1026 1651 1214 1699 prescripta
1242 1652 1406 1687 facultate
1437 1653 1641 1687 exoneravit
1668 1658 1702 1686 et

225 1714 341 1759 quiete
360 1712 544 1753 clamavit;
574 1710 793 1758 promittens,
815 1709 972 1755 obligans
990 1709 1059 1742 fide
1077 1708 1191 1743 media
1215 1707 1249 1742 se
1275 1708 1422 1742 firmiter
1439 1708 1641 1743 nullatenus
1666 1708 1702 1741 in

227 1769 442 1804 contrarium
463 1767 639 1807 devenire,
666 1778 731 1800 nec
758 1766 893 1800 dictum
918 1765 1164 1799 monasterium
1194 1764 1236 1798 de
1266 1763 1488 1811 Corsraguel,
1514 1764 1703 1798 monachos

227 1839 265 1859 ac
284 1825 469 1859 familiares
487 1828 522 1858 et
539 1822 723 1857 servitores
742 1821 947 1861 eorundem,
961 1834 999 1855 ac
1012 1819 1166 1855 ecelefias
1184 1821 1286 1855 dictis
1304 1820 1517 1855 monasteriis
1534 1819 1704 1867 subjectas

226 1881 360 1916 visitare
379 1886 437 1915 aut
456 1880 660 1918 reformare,
689 1878 954 1925 procurationes
972 1882 1032 1911 aut
1059 1875 1243 1910 subsidium
1270 1877 1407 1910 ratione
1425 1875 1626 1910 visitationis
1644 1881 1703 1909 aut

227 1949 436 1984 quocunque
456 1936 524 1970 alio
543 1935 660 1974 modo,
689 1933 793 1968 titulo
822 1933 877 1967 vel
906 1932 1005 1966 causa
1032 1932 1074 1966 ab
1105 1932 1171 1966 illis
1198 1931 1257 1966 seu
1289 1945 1411 1966 eorum
1439 1932 1555 1978 aliquo
1576 1944 1639 1978 per
1657 1930 1701 1972 se,

228 1991 473 2028 commissarios
492 1991 669 2037 delegatos
700 1990 756 2024 vel
784 1989 886 2023 aliam
905 1989 1062 2035 quamvis
1093 1988 1336 2022 intermediam
1363 1987 1557 2035 personam,
1585 1993 1703 2034 petere

227 2051 283 2085 vel
301 2051 441 2096 exigere
459 2054 520 2082 aut
538 2047 728 2094 privilegiis
746 2044 804 2080 fibi
823 2044 985 2080 conceflis
1010 2044 1260 2090 quoquomodo
1290 2044 1327 2077 in
1354 2042 1520 2091 premiflis
1538 2044 1622 2077 locis
1638 2043 1701 2082 uti,

226 2106 285 2140 nili
316 2105 503 2140 accedente
533 2102 689 2150 expreffo
718 2101 884 2137 consensu
915 2101 1000 2135 di<ffi
1026 2100 1183 2134 Abbatis.
1237 2100 1283 2134 Et
1312 2100 1429 2146 quoad
1462 2097 1621 2146 premifl'a
1648 2111 1704 2133 ex-

228 2161 337 2209 preffe
356 2161 571 2196 renuntiavit
590 2159 750 2194 omnibus
769 2164 803 2193 et
820 2157 960 2204 lingulis
978 2156 1168 2203 privilegiis
1184 2155 1243 2190 fibi
1257 2155 1421 2190 conceflis
1437 2169 1477 2190 ac
1494 2154 1517 2189 fi
1536 2155 1578 2189 de
1597 2154 1703 2189 verbo

230 2220 265 2252 in
283 2218 428 2252 verbum
456 2218 492 2251 in
525 2215 675 2263 presenti
694 2215 923 2249 instrumento
941 2211 1147 2246 inserentur.
1201 2211 1313 2259 Super
1340 2211 1464 2257 quibus
1494 2211 1653 2245 omnibus
1671 2215 1704 2244 et

228 2272 368 2319 singulis
385 2273 540 2319 prefatus
557 2271 765 2306 venerabilis
784 2271 820 2304 in
836 2269 971 2305 Christo
990 2275 1088 2316 pater
1106 2282 1126 2302 a
1142 2281 1198 2303 me
1213 2268 1351 2303 notario
1366 2268 1504 2315 publico
1516 2266 1702 2313 subscripto

229 2328 286 2363 fibi
303 2328 378 2363 fieri
397 2328 497 2375 petiit
525 2328 591 2362 hoc
617 2326 756 2374 presens
786 2326 965 2374 publicum
994 2325 1271 2360 instrumentum.
1324 2324 1419 2359 Acta
1447 2329 1545 2358 erant
1576 2323 1638 2356 hec
1665 2322 1701 2355 in
