1870 2683
145 402 238 430 P.2l.

193 521 237 547 23.

196 988 243 1017 26.

212 2170 256 2193 34.

211 2286 256 2312 35.

259 402 279 430 l.
299 406 345 430 23.
366 401 569 439 communiam]
592 400 662 428 M.S.
683 410 850 428 communam

259 440 404 473 mendose,
418 450 517 468 verum
529 446 605 468 recte
616 440 646 466 in
658 446 735 467 carta
747 439 849 467 confir-

260 479 401 511 mationis,
417 489 444 516 p.
463 483 509 511 47.

259 518 277 546 l.
296 522 339 546 13.
362 519 484 546 Barbetk
506 523 530 546 et
551 518 754 555 Cnoccheyad]
779 518 850 546 M.S.

262 558 401 585 Barbethe
417 558 601 594 Cnocclzeyad.

235 617 240 624 .
261 597 279 624 l.
291 600 316 625 5.
331 597 478 624 detentione
488 597 631 634 cujusdam
640 597 766 634 summa]
779 597 850 625 M.S.

261 636 414 669 intentione,
438 637 488 663 &c.
514 642 612 663 contra
636 645 750 662 sensum
777 636 850 669 loci3

261 675 291 702 in
314 685 372 712 quo
394 681 489 702 tamen
511 675 606 703 adhuc
627 680 715 702 restat
742 675 853 712 aliquid

264 715 476 751 corrigendum.

262 755 280 781 l.
297 758 323 786 9.
345 753 508 781 medietatem
523 775 529 781 .
545 774 551 781 .
567 774 573 780 .
588 754 704 791 quietam
719 753 852 782 remitten-

263 793 329 831 tes]
352 792 422 820 M.S.
439 793 596 831 quietorum.

262 833 281 860 l.
302 836 349 860 23.
371 832 476 859 ordinis
498 832 592 865 nostri,
619 832 688 870 csta]
713 833 800 860 verba
823 833 854 859 in

263 872 336 899 M.S.
351 871 541 908 praetermissa
557 872 689 908 suppleta
709 878 777 899 sunt
796 872 854 900 col-

263 910 328 938 latis
342 910 425 938 lineis
453 915 486 939 13
511 917 539 938 et
560 911 661 938 ultima
683 912 797 948 paginae
812 921 854 939 se-

263 950 386 987 quentis.

264 989 283 1017 l.
310 994 335 1017 3.
361 989 429 1017 etl.
452 993 499 1017 25.
528 990 680 1027 enervari]
709 990 783 1018 M.S.
811 990 856 1017 his

265 1029 438 1065 locis‚atque
450 1028 552 1055 iterum
563 1029 591 1055 in
602 1029 731 1064 sequenti
741 1029 855 1065 pagina,

266 1068 403 1095 enarrari.
439 1068 503 1095 Vox
518 1068 643 1095 occurrit
656 1068 754 1095 eodem
772 1078 856 1096 sensu

268 1107 303 1134 ad
316 1116 344 1143 p.
357 1111 400 1134 45.
419 1107 437 1133 l.
451 1107 494 1135 Ι6.
508 1118 516 1140 ;
533 1107 630 1134 eadem
647 1107 714 1134 licet
728 1108 857 1141 barbara,

268 1156 284 1173 a
297 1146 401 1173 nostris
413 1146 526 1173 videtur
537 1155 589 1182 pro
601 1146 720 1173 normali
732 1153 857 1183 recepta,

270 1186 356 1222 inque
380 1192 506 1213 nostram
530 1185 659 1221 linguam
683 1186 718 1212 ab
740 1186 859 1213 eruditis

270 1224 415 1256 translata,
427 1224 493 1251 vide
505 1225 606 1251 Stair’s
617 1225 798 1259 Institutions,
809 1225 859 1252 lib.

269 1263 308 1291 iii.
323 1264 366 1291 tit.
381 1264 408 1290 ii.
427 1263 440 1299 ξ
461 1268 502 1291 14.

243 1323 247 1328 .
270 1303 288 1329 1.
304 1307 349 1330 31.
371 1303 626 1340 transignandum]
642 1303 689 1330 Sic
702 1304 774 1331 M.S.
786 1303 861 1331 forte

270 1352 323 1379 pro
337 1343 549 1379 transigendum.
593 1342 710 1369 Lacuna
724 1342 812 1379 hujus
827 1343 861 1369 li-

270 1391 331 1409 neae
347 1381 493 1408 continere
507 1381 593 1408 debet
616 1382 713 1414 verba,
735 1383 862 1419 obligavit

273 1431 310 1452 se,
325 1426 375 1448 aut
389 1420 433 1447 his
449 1420 561 1448 similia.

245 1481 249 1486 .
271 1459 289 1486 l.
308 1464 350 1492 19.
372 1460 517 1496 arbitros]
542 1460 612 1487 M.S.
634 1460 789 1488 arbitratos.

273 1499 373 1536 l.‘24·.]
413 1499 482 1526 MS·
514 1499 616 1526 lacuna
648 1500 736 1526 verba
768 1501 862 1528 coller-

272 1538 342 1566 cioni
355 1538 453 1566 domini
475 1538 624 1566 Senescalli
649 1539 763 1566 videtur
789 1539 863 1566 desi-

272 1577 381 1605 derare.

273 1616 290 1643 l.
316 1617 444 1654 penult]
473 1627 527 1644 vox
553 1617 581 1644 in
607 1617 705 1644 charta
732 1617 864 1653 originali

274 1666 358 1692 quam
374 1657 466 1684 scriba
476 1657 572 1693 legere
582 1666 638 1683 non
649 1657 752 1693 potuit,
768 1657 864 1684 forsan

274 1695 330 1722 fuit
343 1705 461 1723 onerose.

248 1755 253 1760 .
275 1734 292 1762 l.
308 1738 334 1762 3.
356 1735 455 1773 ipsos]
478 1736 549 1763 M.S.
563 1735 639 1772 ipsis.

246 1796 251 1801 .
274 1774 292 1800 l.
308 1780 440 1811 antepen.
465 1775 696 1812 deminutionem]

722 1775 794 1802 M.S.
819 1775 864 1803 de-

276 1815 470 1842 nuntiationem
504 1814 641 1841 mendose
675 1815 735 1841 sine
767 1814 864 1841 dubio.

278 1853 438 1886 Diminutio,
457 1862 532 1889 saepe
547 1853 653 1888 scripta
667 1854 820 1886 deminutio,
835 1853 865 1880 in

277 1891 330 1918 hac
345 1892 468 1919 formula
482 1892 652 1928 plerumque
667 1892 800 1919 occurrit.

248 1951 254 1958 .
276 1930 294 1957 l.
306 1930 332 1958 6.
354 1935 486 1968 qnatenus
494 1932 592 1959 dictum
604 1932 794 1959 monasterium
806 1942 865 1959 nos-

277 1975 348 1998 trum
363 1971 394 1997 de
416 1971 566 2007 Pas-celet]
588 1971 638 1997 ubi
660 1970 757 1998 charta
779 1971 866 2007 origi-

276 2009 349 2036 nalis
372 2010 445 2037 forte
467 2010 579 2037 addidit
604 2019 703 2037 vocem
718 2011 806 2047 tangit
823 2009 866 2038 vel

277 2053 388 2086 spectat.

278 2087 295 2114 l.
311 2092 359 2116 21.
380 2089 573 2125 remansuris]
590 2088 661 2116 M.S.
672 2099 866 2116 remansurum.

280 2126 298 2152 l.
313 2132 358 2155 28.
381 2128 530 2165 deputati]
553 2128 624 2155 M.S.
640 2128 783 2164 deputatis.

279 2167 296 2194 1.
313 2171 338 2194 8.
360 2168 550 2204 decanorum]
573 2167 644 2194 M.S.
668 2169 867 2195 decanatorum.

280 2205 298 2233 l.
318 2210 360 2238 19.
385 2206 590 2243 cluniacense]
624 2206 694 2234 M.S.
719 2212 748 2233 et
769 2206 815 2234 hic
839 2212 868 2234 et

280 2254 307 2280 p.
324 2249 369 2273 38.
385 2245 402 2270 l.
418 2249 464 2273 23.
482 2245 694 2273 cluniacensem.

279 2283 297 2310 l.
313 2289 339 2311 4.
361 2285 516 2312 assistentes
536 2294 586 2312 non
607 2284 772 2321 permittatis
786 2295 867 2322 super

277 2323 426 2359 premissis,
443 2324 509 2361 εἷα]
532 2324 603 2351 M.S.
619 2324 806 2352 assistentibus
817 2334 869 2352 non

276 2362 441 2399 permittatis
456 2363 555 2390 eosdem
571 2373 653 2400 super
661 2363 808 2400 premissis,
821 2363 869 2399 ᾃε.

867 316 893 338 11

910 716 940 744 P.
955 718 1001 744 35.

959 754 1005 783 36.

963 955 1009 983 37.

966 1306 1012 1330 38.

968 1503 1015 1532 39.

970 1702 1015 1725 40.

970 1857 1016 1881 41.

974 2210 1021 2234 42.

970 2327 1017 2352 48.

1021 401 1102 429 locus
1131 401 1350 436 vexatissimus3
1379 402 1460 439 cujus
1484 403 1613 435 sanandi,

1023 440 1141 477 verique
1156 441 1302 477 originalis
1315 441 1473 475 divinandi,
1488 452 1525 469 ne
1540 443 1614 478 peri-

1022 479 1120 506 culum
1138 480 1254 516 quidem
1278 481 1384 508 factum
1400 488 1442 508 est
1456 493 1462 509 :
1485 481 1513 508 id
1529 481 1614 508 modo

1023 519 1222 552 allaboratum,
1238 524 1270 547 ut
1287 530 1371 556 quam
1387 520 1507 548 minima
1523 525 1614 547 muta-

1024 558 1111 591 tione,
1136 564 1242 592 textus‚
1264 569 1349 595 quem
1371 566 1471 587 auctor
1486 559 1566 586 velut
1580 568 1615 586 ex

1023 596 1165 625 industria
1180 598 1351 635 ambagibus
1366 598 1497 632 involvit,
1523 598 1616 625 scriba

1025 646 1093 664 vcro
1102 646 1152 663 sua
1166 637 1307 673 imperitia
1319 637 1374 664 adh
1381 648 1413 665 uc
1423 638 1615 665 obscuriorem

1025 676 1161 708 reddidit,
1177 676 1377 713 quadantenus
1392 677 1559 713 aperiretur.

1023 714 1041 742 l.
1056 715 1101 743 26.
1124 716 1276 753 deputati]
1300 716 1372 743 M.S.
1394 716 1537 753 deputatis.

1025 754 1045 782 l.
1061 759 1087 782 2.
1108 755 1218 792 libera]
1242 756 1271 782 M
1285 755 1312 782 S.
1335 755 1425 783 libere.

1026 793 1043 820 l.
1060 797 1106 821 32.
1129 794 1290 832 numantia]
1313 795 1356 822 Ita
1368 795 1429 822 sine
1440 794 1528 822 dubio
1546 795 1616 822 M.S.

1028 839 1057 860 et
1071 833 1118 860 hic
1133 839 1161 861 et
1174 840 1283 869 postea,
1309 844 1336 870 p.
1352 838 1398 861 40.
1421 834 1439 860 l.
1460 834 1511 862 ult.
1527 843 1618 870 quan-

1028 882 1112 909 quam
1124 874 1151 899 in
1165 878 1288 909 utroque
1299 872 1361 900 loco
1371 883 1455 900 manu
1467 873 1618 900 recentiori

1027 917 1169 938 mutatum
1188 912 1214 938 in
1232 913 1366 940 minando.

1030 949 1049 977 l.
1074 955 1121 978 24.
1153 951 1367 990 deputatorum]
1399 952 1470 979 M.S.
1499 952 1620 988 deputati

1029 990 1175 1022 mendose,
1200 997 1232 1017 ut
1252 991 1403 1027 apparebit
1417 991 1518 1018 collata
1534 990 1620 1027 hujus

1029 1029 1144 1065 paginae
1158 1029 1176 1055 l.
1192 1029 1242 1056 ult.

1030 1068 1048 1095 l.
1063 1068 1110 1096 26.
1129 1079 1181 1105 per
1203 1069 1320 1096 dioceses
1341 1090 1348 1096 .
1364 1090 1370 1096 .
1392 1091 1398 1097 .
1427 1070 1621 1108 Glasguenscm

1031 1111 1054 1135 et
1070 1108 1320 1145 Dunblanensem]
1344 1109 1414 1136 M.S.
1434 1120 1486 1146 per
1506 1110 1622 1137 dioceses

1036 1146 1218 1184 Glasguenses
1233 1153 1257 1174 rt
1274 1148 1488 1176 Dunbtanenses.

1033 1185 1051 1213 1.
1077 1190 1124 1216 27.
1146 1187 1309 1224 πιαηιίιιίὶε]
1332 1186 1402 1213 M.S.
1425 1197 1457 1214 ez
1478 1188 1623 1219 mandatis,

1033 1230 1061 1251 et
1075 1224 1122 1251 hic
1147 1231 1175 1252 et
1196 1234 1224 1261 p.
1241 1228 1286 1253 38.
1308 1225 1325 1253 l.
1342 1230 1368 1253 3.
1412 1226 1466 1253 Sed
1483 1227 1580 1254 confer
1595 1237 1623 1263 p.

1034 1268 1080 1291 33.
1096 1263 1114 1290 1.
1129 1264 1306 1300 υηῐερρηιιῐῑ.

1034 1302 1052 1329 l.
1068 1306 1113 1331 32.
1136 1304 1211 1330 nobis
1225 1304 1312 1331 extitit
1327 1304 1464 1332 humililer
1484 1305 1623 1342 supplica-

1034 1347 1090 1370 tum
1116 1346 1144 1370 ut
1168 1353 1237 1375 cum,
1259 1343 1327 1381 ᾦα]
1352 1344 1420 1370 M.S.
1447 1344 1522 1371 nobis
1536 1347 1623 1372 extitit

1036 1382 1171 1409 humiliter
1200 1386 1227 1409 ut
1254 1392 1314 1410 cum
1341 1384 1519 1419 supplicatum
1548 1384 1626 1412 valete

1036 1421 1152 1458 difficile,
1179 1421 1226 1456 ἅς.
1270 1422 1461 1449 Emendatum
1479 1423 1514 1449 ad
1529 1423 1624 1455 fidem,

1034 1469 1063 1496 p.
1073 1463 1110 1487 34
1129 1459 1147 1486 l.
1157 1464 1203 1488 ⁶28.
1214 1460 1264 1487 ubi
1274 1461 1372 1488 eadem
1383 1461 1462 1488 bulla
1471 1462 1625 1489 invenitur.

1036 1499 1055 1526 l.
1070 1504 1097 1532 9.
1119 1500 1282 1533 assistentes,
1298 1501 1366 1537 ⁶30]
1391 1501 1459 1528 M.S.
1476 1502 1625 1529 assistenti-

1037 1539 1095 1571 bus,
1110 1539 1158 1574 6¹0.
1175 1545 1207 1566 ut
1218 1549 1305 1576 supra
1316 1540 1350 1567 ad
1366 1549 1394 1576 p.
1407 1544 1452 1568 35.
1468 1540 1485 1567 l.
1501 1547 1527 1568 4.
1541 1541 1625 1568 iidem

1037 1578 1067 1604 in
1082 1583 1205 1614 utroque
1220 1579 1377 1615 exemplari
1391 1588 1499 1606 errores
1514 1580 1600 1606 obvii.

1037 1616 1055 1643 l.
1077 1617 1122 1645 26.
1144 1617 1250 1645 brachii
1273 1618 1432 1656 secularis]
1457 1619 1527 1646 M.S.
1552 1630 1626 1646 secu-

1037 1656 1118 1683 lares.

1037 1695 1056 1721 l.
1071 1698 1096 1722 3.
1118 1706 1135 1722 a
1147 1696 1408 1734 predecessoribus]
1433 1697 1502 1724 M.S.
1528 1702 1551 1725 et
1563 1708 1626 1734 prc-

1037 1735 1219 1762 decessoribus
1230 1746 1239 1762 :
1256 1736 1354 1762 confer
1370 1745 1398 1771 p.
1414 1740 1459 1764 35.
1476 1736 1483 1762 l
1507 1737 1620 1773 penuit.

1037 1773 1056 1801 l.
1071 1778 1097 1801 4.
1113 1774 1214 1811 ultra]
1230 1775 1300 1803 M.S.
1317 1775 1366 1808 iel,
1382 1775 1534 1803 mendose:
1563 1776 1628 1803 vide

1037 1822 1066 1849 p.
1082 1816 1127 1840 35.
1143 1812 1160 1839 1.
1177 1814 1226 1841 ult.

1037 1851 1056 1880 l.
1070 1856 1096 1879 3.
1114 1853 1234 1889 legitima
1246 1853 1444 1891 inquietanda]
1460 1854 1531 1881 M.S.
1544 1854 1630 1881 ethic

1038 1896 1067 1919 et
1081 1901 1108 1927 p.
1125 1892 1170 1919 36.
1185 1892 1203 1920 l.
1219 1892 1327 1928 penult.
1355 1893 1472 1929 legitima
1488 1898 1511 1920 et
1526 1894 1628 1931 inquie-

1038 1931 1129 1964 tando,
1145 1931 1249 1958 omisso
1271 1938 1302 1958 ut
1325 1932 1438 1959 videtur
1452 1932 1483 1958 in
1498 1933 1629 1960 commis-

1041 1970 1119 1997 sione
1133 1969 1188 1997 alio
1203 1970 1291 1998 verbo
1312 1971 1440 2007 ejusdem
1457 1972 1516 1998 fere
1531 1982 1630 1999 sensus

1038 2018 1072 2037 ac
1086 2009 1265 2046 inquietando.

1039 2048 1057 2076 l.
1078 2048 1119 2076 16.
1141 2049 1394 2086 quotienscunque]
1418 2050 1488 2077 M.S.
1513 2061 1629 2086 quocun-

1040 2097 1099 2125 que,
1118 2094 1258 2115 mutatum
1277 2097 1311 2115 ex
1332 2088 1481 2115 collatione
1501 2099 1529 2125 p.
1545 2095 1589 2121 37,
1613 2091 1629 2117 l,

1042 2131 1085 2154 12.

1039 2166 1062 2193 l.
1075 2170 1121 2194 23.
1143 2167 1303 2204 movendis]
1326 2167 1397 2194 M.S.
1414 2168 1541 2195 morendi.

1043 2204 1062 2233 l.
1087 2209 1133 2233 23.
1169 2206 1316 2233 Wilelmum
1346 2206 1504 2241 magistrum
1528 2208 1630 2236 ordini.

1039 2245 1072 2272 de
1101 2245 1348 2282 Simpringlmme]
1375 2245 1445 2273 M.S.
1472 2247 1631 2282 magistrum

1045 2284 1192 2311 Wztelmum
1208 2285 1320 2316 ordinis,
1336 2285 1384 2320 ᾆτ.

1038 2323 1057 2350 l.
1081 2327 1104 2350 l.
1128 2323 1231 2350 ratione
1252 2324 1293 2351 vel
1312 2324 1474 2361 occasione]
1497 2324 1567 2352 M.S.
1584 2336 1628 2353 ra-

1040 2362 1110 2391 tione
1123 2363 1265 2391 occatione.
