1870 2683
169 264 239 295 38¹2
580 259 896 295 REGISTRUM
924 260 1262 296 MONASTERII

171 358 212 391 de
234 356 465 403 Kylmacolm,
488 355 639 389 Wilelmi
658 355 719 388 filii
740 355 909 402 Dufgalli,
939 360 974 389 et
999 355 1171 391 Johannis
1191 356 1269 391 Stut
1288 355 1502 403 presentibus
1520 360 1649 406 apponi

171 412 366 460 procuravi.
420 411 555 445 Datum
574 417 614 445 ut
632 410 745 458 supra.

175 581 280 615 Carta
299 578 451 614 Gilberti
471 579 513 612 de
534 578 683 613 Camera
701 579 743 613 de
761 590 834 613 uno
852 584 1055 615 tenemento
1073 581 1110 615 in
1128 581 1158 615 le
1178 580 1374 616 Ratonraw
1392 581 1434 616 de
1454 581 1610 629 Glasgw.

177 691 414 728 OMNIBUS
435 692 524 725 hanc
543 697 674 726 cartam
694 690 816 725 visuris
834 691 887 725 ve]
907 693 1077 727 audituris
1097 693 1279 728 Gilbertus
1298 693 1412 727 dictus
1439 693 1481 727 de
1506 693 1655 728 Camera

175 747 350 795 burgenfis
370 748 412 782 de
431 748 575 794 Glalgw
587 754 743 782 eternam
762 748 798 781 in
818 747 975 782 Domino
988 749 1142 783 salutem.
1197 750 1291 790 Quia
1305 763 1359 784 me
1372 750 1465 796 cogit
1478 748 1655 784 neceffitas

177 812 209 841 ct
228 806 345 852 inopia
363 806 569 840 inevitabilis
588 818 651 852 pro
671 805 915 840 sustentatione
935 818 1021 846 mea,
1042 811 1147 852 prout
1165 806 1348 853 probatum
1369 806 1415 840 est
1433 819 1549 840 coram
1565 819 1656 840 com-

177 864 345 897 munitate
364 862 464 908 burgi
483 860 704 908 Glasguenfis
721 861 911 896 seeundum
929 861 1042 907 legem
1074 867 1108 896 et
1136 862 1423 896 consuetudinem
1450 862 1654 908 burgorum,

176 919 351 965 quoddam
370 918 576 965 burgagium
597 931 713 952 meum
732 931 811 952 cum
829 918 1048 965 pertiuentiis
1067 917 1133 952 suis
1145 917 1266 965 jacens
1285 918 1374 952 infra
1392 918 1540 964 burgum
1558 917 1656 952 Glas-

176 975 352 1021 guensem,
369 975 405 1008 in
419 975 495 1008 vico
510 974 567 1020 qui
583 974 709 1008 dicitur
725 974 1032 1014 Ratonraiv‚inter
1044 975 1133 1008 viam
1150 974 1300 1020 regalem
1315 980 1466 1020 exparte
1483 974 1654 1014 orientali,

178 1037 212 1065 ot
230 1036 359 1065 terram
378 1031 511 1064 domini
531 1030 695 1064 Mauricii
714 1030 882 1077 capellani
901 1030 985 1064 dieti
1006 1030 1142 1064 Starine
1161 1043 1204 1064 ex
1222 1036 1320 1076 parte
1335 1030 1553 1070 occidentali,
1574 1042 1656 1064 ven-

180 1088 261 1122 dere
293 1093 327 1121 et
354 1087 506 1121 alienare
521 1101 529 1129 ;
559 1086 709 1121 Noverit
738 1085 942 1120 univerfitas
971 1085 1082 1120 vestra
1111 1099 1166 1120 me
1198 1086 1331 1120 dicium
1351 1086 1557 1132 burgagium
1577 1099 1655 1120 cum

178 1144 398 1190 pertinentiis
415 1143 585 1189 legittime
603 1141 761 1190 optuliffe
779 1142 1016 1182 vendendum,
1048 1141 1236 1176 secundum
1256 1142 1368 1187 legem
1388 1148 1422 1176 et
1440 1141 1657 1176 consuetudi-

179 1212 260 1234 nem
278 1200 482 1245 burgorum,
502 1199 545 1232 ad
563 1199 630 1233 tria
655 1199 780 1246 placita
805 1199 963 1245 capitalia
980 1198 1081 1243 burgi
1101 1197 1332 1244 GlasguenfiS,
1353 1199 1658 1245 propinquioribus

178 1255 379 1302 parentibus
397 1256 482 1289 meis
500 1261 535 1289 et
553 1255 692 1296 amicis3
714 1261 748 1288 et
767 1255 847 1300 quia
865 1255 982 1288 nullus
1001 1255 1043 1288 de
1058 1255 1259 1300 parentibus
1279 1255 1363 1289 meis
1378 1260 1412 1288 et
1425 1255 1544 1289 amicis
1557 1267 1659 1302 appa-

179 1312 250 1346 ruit
268 1312 325 1357 qui
345 1312 477 1345 dictum
497 1311 704 1357 burgagium
725 1323 803 1345 cum
822 1310 1041 1357 pertinentiis
1059 1310 1171 1344 voluit
1201 1322 1317 1344 emere
1345 1310 1401 1344 vel
1431 1311 1544 1345 facere
1575 1311 1658 1344 mihi

178 1381 242 1415 pro
261 1367 383 1401 eodem
402 1367 496 1413 quod
514 1367 571 1401 lex
589 1367 698 1401 dietat
729 1372 763 1400 et
791 1365 1007 1400 consuetudo
1033 1366 1237 1413 burgorum,
1271 1380 1336 1412 ego
1366 1380 1449 1401 vero
1477 1366 1660 1401 Gilbertus

178 1424 357 1471 predictus
376 1424 508 1458 dictum
528 1423 734 1469 burgagium
757 1436 834 1457 cum
856 1422 1016 1456 omnibus
1034 1423 1252 1469 pertinentiis
1270 1435 1332 1469 per
1350 1422 1424 1456 suas
1443 1423 1556 1457 rectas
1576 1423 1659 1458 divi-

180 1479 229 1514 sas
247 1478 392 1513 concessi
411 1485 445 1514 et
463 1480 720 1525 imperpetuum
740 1479 893 1518 vendidi,
922 1492 960 1512 ac
978 1479 1216 1513 venditionem
1237 1491 1347 1512 meam
1366 1478 1515 1525 presenti
1534 1479 1658 1526 scripto

182 1550 258 1571 meo
277 1536 491 1575 confirmavi,
525 1535 698 1569 Nicholao
729 1535 825 1568 (ὶίἇὶο
857 1535 1008 1580 Sprowll
1027 1533 1186 1580 burgensi
1205 1535 1247 1569 de
1267 1534 1410 1580 Glasgw
1428 1548 1492 1581 pro
1511 1535 1658 1580 quadam

182 1593 313 1626 summa
330 1592 475 1638 pecunie
494 1604 597 1636 quam
616 1591 700 1624 mihi
718 1603 779 1636 pre
798 1590 956 1624 inanibus
975 1591 1066 1624 idem
1087 1590 1278 1624 Nicholaus
1298 1591 1432 1636 integre
1451 1590 1563 1630 solvit,
1592 1596 1658 1624 tra-

182 1648 270 1681 didit
288 1653 322 1681 et
340 1648 475 1694 pacavit
494 1647 529 1680 in
548 1659 624 1680 mea
642 1658 768 1691 magna
782 1644 976 1680 necessitate
991 1648 1130 1681 notoria
1142 1653 1176 1681 et
1187 1652 1336 1693 urgente
1349 1646 1489 1692 inopia3
1520 1646 1659 1680 Tenen-

183 1705 264 1738 dum
284 1709 318 1738 et
336 1703 534 1738 habendum
554 1703 666 1736 eidem
687 1702 871 1742 Nicholao,
891 1702 1076 1736 heredibus
1094 1701 1159 1736 suis
1178 1709 1212 1736 et
1230 1701 1412 1748 allignatiS‚
1432 1702 1519 1736 adeo
1538 1702 1656 1742 libere,

181 1760 307 1806 quiete,
337 1759 478 1806 pacifice
497 1764 532 1792 et
549 1758 752 1798 honorifice,
773 1770 851 1791 cum
871 1757 1030 1791 omnibus
1048 1758 1266 1804 pertinentiis
1292 1757 1370 1798 suis,
1390 1758 1607 1792 libertatibus
1625 1764 1659 1792 et

180 1815 382 1855 afiamentis,
402 1814 485 1849 ficut
503 1827 568 1860 ego
581 1814 636 1848 vel
655 1812 908 1861 predecessores
923 1814 989 1847 mei
1005 1814 1120 1859 aliquo
1133 1819 1291 1860 tempore
1305 1814 1437 1848 dictum
1452 1814 1659 1859 burgagium

182 1884 259 1906 cum
279 1871 498 1918 pertinentiis
516 1870 667 1910 liberius,
699 1870 847 1915 quietius
876 1875 910 1903 et
937 1870 1224 1904 honorificentius
1255 1870 1297 1903 de
1325 1870 1468 1904 domino
1488 1869 1659 1916 Episcopo

183 1925 387 1973 Glasguenfi
405 1927 580 1961 tenuimus
598 1926 653 1960 vel
671 1932 792 1959 tenere
810 1925 998 1971 potuimus.
1050 1925 1128 1971 Ego
1148 1938 1230 1959 vero
1262 1926 1444 1960 Gilbertus
1463 1932 1497 1960 et
1515 1926 1659 1960 heredes

184 1983 250 2017 mei
270 1983 403 2016 dictum
421 1982 628 2028 burgagium
648 1993 725 2015 cum
744 1980 963 2027 pertinentiis
994 1986 1028 2015 et
1058 1981 1274 2015 libertatibus
1302 1982 1397 2016 dicto
1424 1981 1598 2016 Nicholao
1625 1986 1659 2015 et

184 2039 368 2073 heredibus
387 2044 421 2072 et
439 2036 611 2084 affignatis
629 2043 751 2071 contra
768 2050 889 2071 omnes
908 2036 1064 2071 homines
1080 2042 1114 2070 et
1125 2037 1268 2071 seminas
1283 2038 1593 2078 warantizabimus,
1607 2050 1660 2071 ac-

185 2095 414 2140 quietabimus
432 2100 466 2128 et
483 2094 740 2140 imperpetuum
761 2092 998 2126 defendemus.
1050 2092 1097 2126 Et
1111 2093 1154 2126 ad
1168 2093 1256 2127 hanc
1270 2094 1506 2128 venditionem
1527 2099 1561 2128 et
1578 2106 1659 2128 ven-

186 2151 325 2184 ditionis
344 2150 643 2184 confirmationem
663 2148 812 2182 fideliter
831 2147 1090 2188 observandam,
1105 2149 1206 2182 tactis
1220 2148 1441 2184 lacrosanctis
1460 2149 1657 2196 evangeliis,

185 2206 296 2239 eidem
315 2206 488 2239 Nicholao
506 2206 610 2239 fidem
630 2217 741 2238 meam
759 2203 888 2251 prestiti
906 2204 1135 2251 corporalem.
1187 2205 1220 2239 Si
1246 2218 1328 2239 vero
1348 2206 1537 2252 contingat,
1566 2205 1659 2251 quod

186 2260 278 2301 abiit,
298 2274 353 2295 me
370 2262 426 2295 vel
443 2262 592 2307 aliquem
611 2261 778 2295 heredum
798 2273 957 2294 meorum
975 2266 1098 2294 contra
1114 2260 1252 2307 presens
1271 2262 1402 2296 factum
1418 2275 1532 2296 meum
1545 2261 1658 2306 aliquo

186 2324 341 2365 tempore
361 2319 489 2358 venire,
520 2318 600 2352 volo
620 2324 654 2352 et
672 2317 825 2352 concedo
843 2330 908 2364 pro
927 2329 981 2351 me
1012 2322 1047 2351 et
1073 2317 1258 2352 heredibus
1285 2318 1369 2352 meis
1387 2318 1480 2363 quod
1499 2317 1659 2351 dominus
