1870 2683
221 263 291 298 36⁶2
616 260 929 297 REGISTRUM
958 261 1294 297 MONASTERII

224 359 456 394 testimonium
476 355 623 402 sigillum
643 369 761 391 meum
779 357 993 404 presentibus
1019 357 1067 392 est
1095 357 1284 405 appensum
1303 359 1397 405 apud
1415 358 1617 395 Auchinlek
1636 362 1692 395 de-

225 416 313 449 cimo
332 415 387 448 die
406 411 527 446 mensis
547 412 724 446 Februarii
740 424 833 447 anno
855 412 1002 447 Domini
1021 419 1064 447 Μο
1083 416 1190 448 cccc⁰
1208 420 1344 459 quarto.

226 581 501 615 Instrumentum
519 580 563 614 de
580 593 627 614 xx
643 578 758 615 solidis
776 580 885 614 annui
902 580 1058 615 redditus
1077 581 1120 615 de
1139 581 1352 617 Auchinlek.

224 693 280 727 IN
308 692 400 727 DEI
428 691 642 728 NOMINE
669 693 799 728 Amen.
855 692 1028 728 Univerfis
1056 693 1196 740 presens
1224 695 1402 742 publicum
1428 694 1695 732 instrumentum

222 748 428 796 inspecturis
445 748 501 783 vel
518 749 688 783 audituris
705 754 822 796 pateat
851 749 1027 784 manifeste
1053 751 1148 796 quod
1173 763 1266 785 anno
1298 764 1319 785 a
1347 751 1529 786 nativitate
1547 752 1695 787 Domini

224 810 268 838 Μὓ
286 805 392 839 cccc⁰
410 805 548 845 octavo,
577 804 769 839 indictione
787 805 910 852 prima,
938 805 1060 841 menfis
1077 806 1165 842 Julii
1183 807 1238 842 die
1256 806 1414 842 vicefima
1431 808 1554 855 prima,
1582 808 1696 855 ponti-

224 862 344 896 ficatus
361 858 557 895 fimetiffimi
575 861 611 894 in
630 860 766 896 Christo
784 861 891 908 patris
909 866 943 896 et
961 862 1094 896 domini
1111 862 1218 897 nostri
1233 863 1366 898 domini
1379 863 1564 898 Benedicti
1579 865 1696 899 divina

224 917 444 964 providentia
459 930 548 964 pape
566 917 786 951 tertiidecimi
804 930 897 952 anno
915 918 1187 964 quintodecimo,
1216 919 1253 952 in
1283 919 1350 953 mei
1369 920 1495 954 notarii
1512 920 1642 967 publici
1661 926 1695 954 et

222 973 358 1008 testium
369 972 637 1020 subscriptorum
652 972 823 1020 presentia
835 973 1061 1020 personaliter
1075 973 1279 1009 constitutus
1293 975 1499 1009 venerabilis
1514 976 1549 1009 in
1558 976 1693 1010 Christo

222 1034 321 1076 pater
338 1028 517 1065 Johannes
547 1026 765 1075 permissione
785 1029 901 1063 divina
918 1029 1020 1063 abbas
1046 1029 1241 1064 monasterii
1273 1030 1315 1064 de
1347 1030 1492 1071 Passeto,
1521 1032 1694 1077 quandam

224 1085 524 1120 confirmationem
541 1084 712 1120 «Iohannis
731 1085 773 1119 de
793 1084 995 1119 Auchinlek
1012 1085 1074 1118 filii
1092 1090 1126 1119 et
1140 1085 1277 1120 heredis
1290 1085 1462 1121 Johannis
1478 1087 1520 1121 de
1537 1087 1695 1122 Auchin-

222 1142 281 1176 lek
298 1141 474 1187 quondam
492 1141 598 1187 patris
616 1139 665 1174 sui
685 1140 816 1174 domiui
835 1139 987 1187 ejusdem
1014 1139 1074 1174 sub
1091 1139 1200 1187 figillo
1218 1141 1278 1175 suo
1296 1140 1486 1187 sigillatam,
1518 1142 1620 1190 super
1638 1144 1695 1178 he-

223 1197 394 1232 reditabili
414 1197 603 1231 donatione
621 1202 656 1231 et
674 1195 888 1231 conceffione
906 1197 1014 1230 annui
1032 1196 1188 1231 redditus
1206 1197 1330 1243 viginti
1355 1196 1544 1232 solidorum
1562 1199 1695 1234 monas-

223 1254 312 1288 terio
332 1254 374 1287 de
394 1251 526 1287 Passeto
546 1258 580 1286 et
598 1252 776 1286 monachis
794 1252 922 1286 ibidem
949 1251 1030 1286 Deo
1057 1252 1294 1293 servientibus,
1323 1253 1407 1286 mihi
1425 1254 1568 1288 tradidit
1585 1255 1695 1301 perle-

223 1310 383 1356 gendam,
413 1308 510 1355 cujus
527 1314 630 1342 tenor
648 1307 801 1354 sequitur
819 1313 854 1342 et
872 1307 919 1342 est
936 1308 1024 1341 talis.

784 1428 876 1469 [Vide
891 1429 988 1468 supra,
1004 1439 1032 1468 p.
1049 1428 1137 1470 361]

224 1538 341 1578 Quam
358 1535 499 1582 quidem
517 1535 818 1569 confirmationem
836 1534 880 1570 fic
897 1535 1060 1570 traditam
1079 1540 1114 1569 et
1130 1535 1322 1582 perlectam
1340 1535 1520 1582 predictus
1533 1537 1694 1572 dominus

224 1593 343 1628 Abbas
360 1604 422 1639 per
439 1603 495 1626 me
513 1591 689 1625 notarium
706 1590 767 1625 sub
784 1589 880 1637 figno
896 1591 1036 1638 publico
1054 1591 1154 1639 petiit
1172 1592 1312 1638 copiari.
1365 1592 1460 1626 Aeta
1476 1592 1556 1627 sunt
1577 1593 1640 1628 hec
1658 1595 1694 1627 in

223 1648 361 1684 ecclefia
378 1647 525 1682 fratrum
542 1647 802 1694 predicatorum
821 1648 864 1682 de
883 1648 958 1682 Are
976 1659 1080 1688 anno,
1101 1647 1304 1688 indiffione,
1333 1649 1459 1689 mense,
1483 1648 1539 1683 die
1557 1654 1592 1683 et
1608 1662 1695 1696 pon-

222 1706 356 1740 tificatu
374 1701 540 1751 premissis
556 1717 565 1745 ;
593 1702 808 1750 presentibus
825 1703 953 1738 ibidem
970 1703 1093 1738 validis
1110 1703 1193 1738 viris
1211 1709 1245 1738 et
1264 1702 1426 1745 discretis,
1447 1704 1590 1738 domino
1610 1705 1695 1739 Wil-

221 1761 313 1796 ehno
332 1760 470 1806 Strayte
484 1759 663 1806 capellano
682 1758 902 1805 Glasguenfis
914 1758 1064 1800 dioeefis,
1084 1759 1226 1793 domino
1240 1759 1416 1794 Mauricio
1434 1760 1613 1807 capellano
1630 1761 1694 1795 Er-

220 1815 388 1863 gadienfis
406 1814 556 1855 diocesis,
575 1815 682 1849 fratre
702 1814 861 1849 Roberto
878 1816 994 1862 priore
1013 1816 1106 1850 diet-e
1125 1815 1259 1856 domus,
1284 1815 1432 1851 Matheo
1451 1817 1494 1851 de
1512 1817 1617 1864 Eclys
1636 1818 1696 1852 do-

221 1874 318 1907 mino
333 1866 496 1919 ejusdem,
513 1876 547 1905 et
561 1871 679 1905 multis
693 1871 767 1905 aliis
781 1871 920 1905 testibus
934 1871 977 1906 ad
990 1869 1150 1918 premiffa
1162 1872 1292 1906 vocatis
1303 1871 1495 1919 specialiter
1507 1878 1541 1907 et
1553 1874 1693 1919 rogatis.

320 1928 366 1962 Et
384 1940 449 1973 ego
468 1927 634 1961 Valterus
652 1927 695 1961 de
714 1926 789 1961 Are
807 1927 952 1962 clericus
971 1926 1192 1973 Glasguenfis
1209 1927 1360 1968 diocesis,
1386 1929 1546 1976 publicus
1563 1929 1694 1976 aposto-

318 1984 386 2018 lica
403 1989 437 2018 et
455 1983 626 2030 imperiali
643 1984 852 2018 auctoritate
866 1984 1033 2025 notarius,
1053 1982 1213 2031 premiffe
1227 1984 1501 2019 confirmationis
1514 1985 1693 2019 traditioni

319 2045 353 2073 et
370 2039 578 2086 perlectioni
596 2052 666 2073 una
684 2052 763 2074 cum
777 2040 1028 2087 prenominatis
1041 2039 1180 2074 testibus
1193 2040 1333 2087 presens
1348 2040 1500 2081 interfui,
1520 2041 1693 2088 ipsamque

317 2095 451 2142 perlegi
469 2100 504 2129 et
521 2095 557 2129 in
575 2096 669 2130 hunc
686 2096 830 2130 modum
850 2096 994 2143 copiavi‚
1022 2096 1072 2130 nil
1103 2096 1234 2130 addens
1252 2097 1308 2131 vel
1331 2097 1493 2131 minuens
1510 2097 1604 2142 quod
1621 2096 1694 2131 sen-

318 2152 391 2185 sum
409 2157 545 2186 mutare
562 2152 692 2199 poterit
711 2155 808 2197 [aut]
827 2153 960 2187 variare
978 2152 1209 2193 intellectum,
1225 2153 1291 2187 hoc
1302 2151 1569 2187 instrumentum
1588 2165 1693 2186 manu

318 2208 459 2253 propria
475 2206 587 2254 scripsi
618 2214 652 2242 et
682 2208 718 2241 in
748 2208 837 2242 hanc
854 2208 1027 2255 publicam
1045 2208 1192 2243 formam
1223 2209 1354 2255 redegi,
1381 2208 1505 2254 hicque
1534 2221 1589 2242 me
1618 2207 1693 2242 sub-

319 2261 430 2308 scripsi
448 2269 482 2297 et
512 2263 606 2310 figno
625 2276 704 2299 meo
722 2263 822 2298 solito
840 2263 980 2311 signavi,
1007 2263 1187 2311 requisitus
1214 2263 1406 2312 specialiter
1424 2270 1459 2300 et
1476 2269 1629 2310 rogatus,
1656 2264 1691 2296 in

320 2317 551 2354 testimonium
570 2321 725 2355 omnium
744 2319 996 2367 premissorum.
