1839 2652
749 279 820 314 DE
848 277 1117 315 PASSELET.
1606 281 1674 313 115

194 376 342 424 pietatis,
370 376 412 410 ad
431 376 637 423 petitionem
655 376 864 411 venerabilis
882 377 989 424 patris
1019 376 1125 411 nostri
1154 374 1303 409 W'alteri
1336 373 1560 421 Glasguenfis
1589 373 1673 420 epis-

195 432 284 479 copi,
313 430 506 466 concesfiffe
525 438 559 467 et
577 430 794 466 confirmaffe
813 431 945 466 Abbati
963 437 998 467 et
1023 431 1214 467 conventui
1232 430 1430 465 monasterii
1450 430 1493 465 de
1512 428 1671 469 Pafl'elet,

195 488 238 522 de
259 487 421 522 Presswic
439 488 563 534 burgo,
585 488 627 522 de
646 488 756 522 altera
774 488 949 528 Prestwic,
970 488 1013 522 de
1033 487 1177 534 Cragin,
1197 487 1240 521 de
1255 486 1479 533 Turnebery,
1500 486 1542 520 de
1559 485 1674 520 Ruth-

194 544 288 590 glen,
309 544 352 578 de
372 543 609 584 Curmannoc,
631 544 673 577 de
694 543 882 585 Kathkert,
902 544 944 578 de
964 543 1098 583 Polloc,
1127 543 1170 577 de
1190 541 1359 584 MerneP,
1380 542 1422 577 de
1441 541 1600 582 Nelston,
1630 542 1673 576 de

198 599 414 646 Kylberhan,
448 600 490 633 de
519 598 693 639 Houston,
723 599 765 633 de
795 599 972 639 Kilhelan,
1002 599 1044 633 de
1066 598 1314 646 Kylmalcolm,
1345 599 1387 633 de
1407 598 1602 645 Innyrkyp,
1631 597 1674 632 de

196 655 350 696 Neueth,
372 655 414 689 de
436 654 631 701 Kylpatric‚
660 653 827 695 ecclefias,
856 655 892 689 in
922 654 1002 689 usus
1031 655 1192 702 proprios
1211 668 1289 689 cum
1309 655 1511 689 vacaverint
1529 666 1674 689 conver-

195 711 317 745 tendas
334 725 343 753 3
372 711 630 757 imperpetuum
644 710 820 744 habendas
832 716 867 744 et
881 710 1098 757 possidendas
1117 711 1166 745 ita
1184 710 1304 751 libere,
1321 711 1450 756 quiete,
1465 710 1621 758 plenarie
1639 715 1675 745 et

196 767 399 807 honorifice,
427 765 511 801 ficut
529 766 635 812 aliqui
652 766 718 800 viri
736 765 885 812 religiofi
902 767 939 800 in
958 766 1157 814 epiicopatu
1176 765 1382 813 Glasguenfi
1400 767 1487 800 alias
1506 765 1673 807 ecclefias,

197 822 254 857 fibi
274 823 310 857 in
328 822 407 857 usus
425 823 585 869 proprios
604 820 786 862 concessas,
807 822 960 863 liberius,
989 823 1149 869 quietius,
1177 822 1316 870 plenius
1334 827 1369 857 et
1386 823 1675 857 honorificentius

197 886 320 915 tenent
339 885 373 914 et
391 878 586 927 poflident3
621 879 724 914 Salva
750 880 928 913 taxatione
955 879 1175 919 vicariarum,
1204 884 1239 913 et
1265 877 1365 913 salvis
1392 878 1614 926 synodalibus
1641 885 1676 914 et

196 936 501 984 procurationibus
519 935 561 970 ab
580 934 705 969 eisdem
725 934 872 970 ecclesiis
889 935 1112 982 recipiendis,
1136 934 1221 969 ficut
1247 935 1384 982 plenius
1411 935 1614 969 continetur
1639 935 1677 970 in

195 992 328 1040 scriptis
345 992 437 1026 inter
455 990 654 1039 predictum
674 990 884 1038 Episcopum
904 996 939 1025 et
952 990 1041 1038 ipsos
1060 991 1251 1026 monachos
1270 991 1450 1025 confectis
1504 990 1565 1026 Ad
1578 990 1677 1038 cujus

196 1048 247 1083 rei
263 1053 469 1096 perpetuam
487 1048 688 1082 firmitatem
706 1047 797 1081 hanc
814 1046 928 1081 nostre
947 1045 1172 1081 conceffionis
1191 1052 1226 1081 et
1252 1046 1528 1081 confirmationis
1546 1052 1677 1081 cartam

197 1103 308 1152 figillo
327 1104 470 1151 capituli
496 1104 603 1138 nostri
629 1104 774 1138 fecimus
792 1103 1013 1138 communiri.
1066 1103 1146 1137 Hiis
1174 1103 1325 1144 testibus,
1354 1103 1498 1138 domino
1518 1103 1677 1138 XValtero

198 1160 359 1208 episcopo
379 1159 596 1207 Glasguenfi,
631 1159 792 1206 magistro
825 1159 982 1206 Hugone
1011 1160 1256 1194 archidiacono
1288 1158 1504 1206 Glasguenfi,
1533 1159 1677 1194 domino

199 1217 355 1251 Radulfo
374 1216 554 1263 capellano
572 1216 705 1250 domini
725 1216 844 1262 Regis,
873 1215 1035 1262 magistro
1055 1215 1205 1250 Cristino
1225 1216 1267 1249 de
1287 1215 1504 1256 Stratheren,
1533 1216 1677 1250 domino

201 1273 362 1320 Philippo
381 1273 424 1307 de
444 1272 604 1314 Perthec,
632 1272 794 1318 magistro
815 1272 970 1309 Radulfo
997 1272 1039 1306 de
1069 1272 1196 1312 Brade,
1230 1272 1386 1313 Warino,
1417 1272 1615 1319 Benjamin,
1643 1278 1678 1307 et

201 1329 370 1370 VValterQ
391 1328 524 1363 clericis
543 1328 675 1362 domini
706 1326 868 1375 Episcopi
900 1327 1133 1375 Glasguenfis‚
1168 1328 1335 1369 Radulfo,
1370 1328 1488 1369 Petro,
1522 1328 1675 1370 Simone,

200 1385 397 1432 capellanis,
418 1390 452 1419 et
470 1385 545 1419 aliis
562 1384 698 1419 vicariis
717 1383 1000 1431 Glasguenfibus,
1029 1397 1109 1418 cum
1127 1385 1245 1419 multis
1264 1385 1349 1420 aliis.

201 1554 434 1591 Confirmatio
456 1553 647 1600 Ingeranni
666 1551 827 1601 episcopi,
855 1553 898 1588 de
915 1558 992 1588 toto
1011 1553 1106 1600 quod
1125 1553 1303 1588 VValterus
1329 1553 1422 1589 filius
1441 1553 1550 1588 Alani
1582 1554 1677 1605 dedit

201 1610 409 1647 monasterio
428 1610 470 1645 de
490 1608 672 1645 Paffeleto.

202 1722 552 1760 INGERANNUS
579 1722 650 1757 Dei
668 1723 780 1769 gratia
798 1721 1020 1769 Glasguenfis
1039 1721 1218 1771 episcopus
1237 1722 1398 1757 omnibus
1424 1721 1541 1757 sanae
1560 1723 1679 1757 matris

201 1778 340 1815 ecclefie
358 1779 437 1813 filiis
454 1778 610 1813 salutem.
664 1778 786 1813 Sciatis
804 1791 859 1813 me
878 1778 1071 1814 conceffiffe
1101 1785 1135 1814 et
1162 1780 1227 1814 hac
1255 1784 1350 1814 carta
1367 1792 1446 1814 mea
1463 1777 1679 1813 confirmafl'e

202 1836 284 1871 Deo
304 1841 338 1870 et
356 1835 535 1870 monachis
563 1834 792 1869 servientibus
820 1834 958 1869 ecclefie
990 1835 1109 1870 Sancti
1140 1835 1266 1870 Mirini
1297 1835 1340 1870 de
1372 1833 1530 1876 Pafl'elet,
1559 1847 1680 1869 omnes

202 1892 410 1927 donationes
427 1904 512 1937 quas
531 1891 707 1926 WValterus
725 1891 817 1925 filius
836 1891 944 1925 Alani
963 1892 1011 1927 eis
1030 1892 1136 1933 dedit,
1164 1893 1201 1926 in
1219 1890 1377 1932 ecclesiis,
1405 1891 1442 1925 in
1470 1891 1622 1931 decimis,
1643 1891 1679 1925 in

203 1949 364 1984 omnibus
394 1947 588 1983 elemosinis
618 1947 745 1983 eisdem
777 1947 923 1983 ecclefiis
952 1948 1221 1995 pertinentibus,
1254 1948 1291 1982 in
1318 1947 1426 1993 aquis,
1458 1947 1495 1980 in
1524 1946 1627 1981 bosco
1646 1952 1681 1981 et

202 2005 320 2053 plane,
339 2003 424 2039 ficut
441 2009 536 2039 carta
554 2003 703 2038 XValteri
721 2004 782 2038 filii
802 2004 911 2038 Alani
928 2003 1083 2038 testatur.
1136 2004 1257 2045 Quare
1284 2003 1432 2037 firmiter
1458 2002 1614 2049 precipio
1639 2008 1681 2036 ut

204 2062 253 2095 ita
269 2060 378 2094 libere
395 2065 539 2094 teneant
557 2059 641 2094 ficut
658 2060 801 2106 aliquod
829 2059 1074 2094 monasterium
1102 2060 1139 2093 in
1169 2058 1368 2106 episcopatu
1397 2057 1514 2092 nostro
1538 2058 1680 2092 liberius

204 2121 327 2158 tenet·,
357 2116 460 2150 Salvo
480 2115 663 2163 episcopali
676 2116 769 2163 jure.
823 2115 904 2150 Hiis
921 2114 1074 2156 testibus,
1093 2115 1256 2150 Jocelino
1276 2114 1399 2148 abbate
1430 2114 1473 2148 de
1505 2112 1677 2155 Meilross,

206 2171 365 2206 XValtero
382 2171 499 2217 priore
517 2171 560 2205 de
581 2171 739 2212 Kelsokt,
760 2171 901 2206 Simone
919 2172 1176 2212 archidiacono,
1198 2171 1243 2205 W
1245 2171 1356 2205 altero
1374 2171 1446 2205 filio
1466 2171 1585 2212 Alani,
1607 2171 1680 2206 Ro-

203 2228 303 2262 berto
322 2226 502 2274 capellano
521 2227 563 2260 de
585 2226 761 2267 Rocuber,
780 2226 803 2262 J
807 2227 945 2261 ohanne
959 2228 1032 2263 filio
1045 2228 1178 2268 decani,
1197 2227 1356 2262 Henrico
1371 2227 1553 2274 capellano
1568 2227 1678 2275 Dapi-

206 2284 281 2325 feri,
302 2284 461 2319 Waltero
479 2284 606 2318 clerico
626 2282 798 2331 Episcopi.
850 2284 988 2320 Valete.
