1870 2683
747 257 818 293 DE
845 256 1117 293 PASSELET.
1601 260 1672 296 439

192 357 282 394 beati
301 355 417 405 Egidii
435 357 478 392 de
497 355 716 402 Edinburgh,
744 354 889 390 salutem
908 355 945 388 in
966 353 1137 388 Domino.
1191 352 1285 395 Quia
1310 352 1346 387 in
1375 352 1481 387 caufis
1511 353 1614 387 motis
1633 358 1668 387 et

191 414 373 450 movendis
389 426 451 462 per
468 414 641 461 prefatum
660 412 839 447 dominum
858 411 1034 445 Abbatem
1049 416 1083 445 et
1097 415 1316 445 conventum
1333 410 1374 443 de
1391 408 1525 444 Passeto
1545 414 1668 444 contra

192 470 411 517 quascunque
428 469 590 518 personas
622 481 744 504 eorum
762 468 945 516 privilegia
963 468 1196 514 infringentes
1224 472 1258 501 et
1282 471 1406 500 contra
1425 466 1547 500 eadem
1566 466 1668 500 deve-

192 527 339 567 nientes,
359 525 497 561 diverfis
514 526 663 573 negotiis
682 531 716 560 et
734 525 940 559 utilitatibus
958 524 1065 558 nostri
1083 523 1280 559 monasterii
1294 522 1466 570 prepediti
1485 522 1668 557 commode

193 581 352 617 interefl'e
370 594 443 617 non
460 581 648 629 pofl'umus,
667 593 707 616 ac
724 580 934 615 laboriosum
953 588 987 616 et
1004 581 1244 630 sumptuosum
1264 579 1346 615 efl'et
1364 580 1466 614 dietis
1482 580 1612 614 Abbati
1632 585 1666 614 et

194 639 384 673 conventui
402 639 445 673 de
465 638 597 673 Passeto
615 639 652 672 in
670 637 796 673 eisdem
816 637 920 672 caulis
948 644 982 672 et
1011 639 1130 673 litibus
1160 638 1203 672 ad
1233 650 1297 672 nos
1327 636 1555 684 personaliter
1573 649 1668 671 acce-

195 693 301 737 dere3
340 694 383 728 de
411 694 530 729 vestris
558 695 664 741 igitur
692 694 896 741 prudentiis,
926 693 1084 735 scientiis,
1118 700 1153 729 et
1181 693 1448 729 discretionibus
1477 693 1668 740 plurimum

195 749 422 791 confidentes,
438 750 481 784 ad
500 750 760 784 ministrandum
773 750 903 797 justitie
919 752 1229 798 complementum,
1244 751 1348 798 juxta
1366 751 1448 790 vim,
1468 751 1616 784 formam
1635 754 1669 784 et

194 810 355 840 tenorem
372 805 568 840 litterarum
587 806 852 853 apostolicarum
871 807 970 841 nobis
989 808 1214 848 dimetarum,
1246 808 1282 841 in
1301 805 1407 841 causis
1425 807 1528 840 motis
1547 811 1582 840 et
1599 818 1672 840 mo-

196 861 318 896 vendis
335 874 399 909 per
415 860 505 909 ipsos
522 861 699 896 Abbatem
717 868 752 897 et
770 868 984 898 conventum
1000 864 1042 898 de
1064 863 1197 898 Palleto
1216 869 1340 898 contra
1357 862 1577 909 quascunque
1596 874 1672 908 per-

196 917 307 959 sonas,
326 931 366 953 ac
378 917 403 952 fi
416 930 536 953 eorum
549 919 693 953 nomina
704 924 739 953 et
751 920 962 965 cognomina
975 919 1193 967 presentibus
1206 919 1453 959 insererentur,
1474 918 1517 952 ad
1530 916 1674 964 cognos-

198 975 349 1009 cendum
367 979 402 1009 et
418 974 692 1022 procedendum,
713 974 889 1021 dictasque
908 975 1071 1022 personas
1090 975 1310 1022 quascunque
1329 975 1373 1008 ad
1391 974 1586 1008 instantiam
1606 974 1675 1008 clic-

198 1035 317 1065 torum
337 1029 485 1064 Abbatis
506 1035 540 1064 et
559 1035 754 1065 conventus
771 1031 814 1065 ad
828 1031 1001 1078 judicium
1022 1032 1199 1066 citandum
1219 1037 1253 1065 et
1271 1030 1481 1071 vocandum,
1510 1029 1674 1076 testesque

200 1085 244 1120 ad
260 1086 412 1133 partium
431 1086 649 1121 voluntatem
667 1092 708 1121 ut
726 1087 769 1122 de
790 1087 872 1134 jure
892 1088 1055 1134 congruit
1073 1088 1263 1128 citandum,
1292 1092 1326 1121 et
1338 1087 1460 1134 jurare
1479 1086 1676 1120 faciendum

200 1154 241 1177 ac
259 1141 542 1182 examinandum,
571 1147 605 1177 et
630 1142 655 1176 fi
672 1142 753 1177 odio
772 1143 827 1177 vel
845 1156 964 1178 amore
984 1143 1054 1189 [se]
1073 1144 1307 1178 subtraxerint
1335 1155 1399 1190 per
1427 1142 1605 1177 censuram
1625 1154 1677 1176 ec-

202 1196 417 1232 clefiasticam
434 1197 668 1233 testimonium
699 1199 882 1246 perhibere
908 1200 1047 1235 veritati
1076 1199 1370 1247 compellendum,
1399 1198 1592 1246 figillosque
1610 1204 1678 1233 ter-

203 1254 317 1288 minos
335 1252 600 1295 observandum,
620 1255 678 1289 διο.

207 1422 344 1457 Littera
360 1422 500 1458 licentie
518 1422 579 1457 sub
596 1411 820 1458 instrumenti
837 1423 961 1458 forma.

208 1533 266 1569 IN
284 1534 378 1568 DEI
396 1533 612 1569 NOMINE
631 1534 762 1569 Amen.
813 1535 881 1570 Per
899 1535 966 1570 hoc
982 1536 1122 1583 presens
1136 1537 1401 1573 instrumentum
1415 1538 1551 1572 cunctis
1564 1541 1681 1584 pateat

208 1591 390 1627 evidenter
402 1596 437 1626 et
448 1590 487 1626 fit
501 1597 625 1626 notum
644 1593 741 1638 quod
758 1605 853 1626 anno
879 1593 1040 1627 domnice
1054 1593 1301 1628 incarnationis
1320 1600 1363 1628 Μο
1382 1602 1513 1629 ccccc⁰
1531 1605 1608 1633 xrx,
1624 1593 1680 1627 die

206 1660 292 1682 vero
311 1646 433 1681 menfis
452 1647 663 1694 Septembris
680 1649 806 1695 primo,
839 1649 1032 1683 indictione
1051 1647 1202 1695 septima,
1233 1650 1456 1696 pontificatus
1485 1647 1682 1683 iamstiffimi

207 1704 245 1737 in
264 1702 401 1737 Christo
418 1703 526 1750 patris
543 1716 583 1737 ac
602 1704 734 1738 domini
746 1704 852 1739 nostri
867 1705 999 1739 domini
1014 1704 1060 1738 N.
1081 1705 1198 1739 divina
1214 1706 1435 1752 providentia
1451 1719 1539 1753 pape
1558 1705 1682 1740 decimi

209 1771 302 1793 anno
554 1759 590 1793 in
609 1760 677 1794 mei
695 1761 823 1794 notarii
841 1760 970 1808 publici
990 1765 1024 1795 et
1041 1760 1177 1795 testium
1196 1761 1492 1809 infrascriptorum
1511 1761 1682 1809 presentia

207 1813 437 1862 personaliter
455 1814 660 1849 constitutus
678 1816 886 1850 venerabilis
905 1817 940 1850 in
961 1816 1097 1851 Christo
1123 1822 1222 1864 pater
1250 1817 1296 1852 N.
1315 1816 1534 1865 permissione
1565 1818 1683 1852 divina

210 1871 313 1906 abbas
330 1870 528 1905 monasterii
547 1871 589 1905 de
609 1871 752 1912 Passet0‚
784 1885 862 1907 cum
882 1872 1048 1907 consensu
1076 1879 1110 1908 et
1141 1872 1271 1908 assensu
1297 1879 1491 1908 conventus
1517 1873 1680 1921 ejusdem,

211 1927 318 1967 dedit,
349 1925 511 1961 concessit
529 1932 564 1961 et
582 1926 689 1961 libere
708 1928 852 1963 donavit
869 1929 929 1963 suo
949 1931 1078 1965 dilecTto
1097 1930 1258 1978 religioso
1277 1932 1419 1966 domino
1435 1931 1482 1965 N.
1510 1932 1681 1966 monacho

210 1982 407 2018 monasterii
424 1981 475 2016 sui
494 1982 536 2017 de
556 1982 700 2024 Passeto‚
721 1983 896 2019 licentiam
924 1985 1115 2033 specialem,
1135 1988 1392 2027 allestoritatem,
1420 1987 1621 2021 facultatem
1649 1993 1683 2022 et

209 2039 408 2074 libertatem
426 2040 666 2074 commorandi
684 2040 720 2073 in
738 2041 834 2075 curia
853 2041 1016 2077 Romana
1033 2043 1089 2077 vel
1107 2048 1205 2077 extra
1222 2043 1258 2077 in
1275 2042 1430 2089 partibus
1446 2042 1683 2078 transmarinis

210 2095 410 2141 ubicunque
430 2095 544 2129 dietus
564 2094 610 2129 N.
630 2095 742 2130 voluit
760 2109 824 2143 pro
841 2096 950 2144 spatio
1485 2099 1684 2134 immediate

211 2152 424 2191 futurorum,
443 2151 555 2197 gratia
571 2151 708 2197 agendi,
728 2153 903 2187 tractandi
921 2159 955 2188 et
972 2154 1204 2201 promovendi
1222 2166 1344 2188 eorum
1359 2154 1473 2188 causas
1492 2160 1526 2188 et
1543 2155 1685 2201 negotia

213 2208 304 2242 infra
321 2207 514 2253 prodieram
533 2207 664 2241 curiam
693 2213 728 2241 et
757 2207 837 2242 alibi
856 2212 961 2255 [qua]
980 2210 1166 2256 contigerit
1192 2210 1313 2245 eadem
1330 2208 1389 2245 seu
1408 2208 1542 2245 easdem
1560 2211 1683 2257 agitari

213 2268 248 2298 et
265 2263 419 2303 traustari,
449 2275 586 2297 necnon
604 2262 637 2297 se
656 2265 860 2299 removendi
879 2265 921 2299 de
940 2266 1017 2300 loco
1035 2266 1071 2299 in
1090 2266 1205 2300 locum
1224 2279 1263 2301 ac
1280 2266 1481 2302 revertendi
1510 2271 1545 2301 et
1575 2279 1685 2302 reme-

214 2319 293 2353 andi
312 2319 473 2365 quotiens
490 2317 548 2353 fibi
562 2319 736 2355 videbitur
751 2321 938 2368 expediens
957 2327 991 2357 et
1009 2328 1259 2370 opportunum.
1312 2322 1424 2371 Super
1435 2322 1558 2371 quibus
1573 2325 1683 2358 omni-
