1839 2652
720 255 790 289 DE
824 254 1092 290 PASSELET.
1593 255 1661 289 165

179 352 239 386 illa
256 352 343 386 hora
360 352 501 386 inantea
519 363 640 385 omnes
658 352 817 399 predicte
848 358 943 387 carte
974 366 1041 399 que
1070 353 1113 386 de
1145 353 1247 387 dietis
1265 352 1367 387 terris
1397 353 1434 386 in
1464 351 1659 386 hereditate

179 408 379 455 optinendis
396 408 543 442 fecerint
561 409 789 450 mentionem,
808 409 948 456 penitus
978 407 1043 442 fint
1069 406 1191 443 caffate
1210 421 1275 443 nec
1293 408 1455 454 cuiquam
1475 407 1658 441 hominum

176 464 337 499 valiture.
393 464 499 499 Unde
518 464 633 498 dietus
653 464 772 498 Abbas
799 465 842 499 de
873 464 1014 499 confilio
1033 465 1149 499 nostro
1180 465 1211 499 ei
1240 464 1512 499 misericordiam
1531 463 1660 497 faciens

175 533 279 566 quam
295 520 446 568 petebat,
467 520 520 554 liti
538 526 633 554 mote
657 526 781 555 contra
797 520 908 568 ipsum
939 521 1147 567 Dufgallum
1176 534 1219 555 ex
1250 526 1326 555 toto
1360 520 1588 560 renuntiavit,
1621 524 1656 554 et

177 576 289 611 eidem
309 577 439 611 dictam
458 575 633 611 ecclefiam
652 576 695 611 de
716 576 915 623 Kylpatrik‚
948 578 1040 613 salva
1058 578 1266 613 monasterio
1299 579 1341 613 de
1374 577 1522 613 Paffelet
1541 590 1660 612 annua

176 633 351 680 penfione,
379 647 444 681 pro
462 633 495 669 se
515 639 549 668 et
567 639 745 668 conventu
764 633 825 668 suo
844 633 969 680 absque
1000 635 1253 680 inquietatione
1285 633 1459 674 coneessit,
1488 646 1567 668 cum
1598 633 1658 666 illa

177 690 319 724 dimidia
337 695 517 724 carrucate
536 695 628 724 terre
647 690 690 724 de
705 689 964 730 Cochmanach,
985 691 1021 723 in
1039 691 1110 724 vita
1128 689 1187 724 sua
1204 690 1403 724 tenendam.
1457 690 1533 724 Nos
1552 690 1658 736 igitur

176 747 341 792 quicquid
358 745 401 780 fic
418 747 510 781 inter
527 751 643 793 partes
660 746 793 780 saecum
812 745 858 780 est
884 747 1020 780 ratione
1038 747 1131 793 pacis
1161 752 1196 780 et
1227 747 1414 780 concordie
1432 746 1580 780 stabilire
1599 758 1658 780 vo-

175 801 297 842 lentes,
325 801 535 835 auetoritate
554 799 740 847 apostolica
765 813 834 846 qua
862 801 1054 848 fungimur,
1083 802 1332 836 confirmamus
1359 807 1430 836 tam
1460 802 1658 849 resignatio-

176 870 256 891 nem
275 862 448 891 terrarum
466 857 594 891 saetam
612 869 675 903 per
694 856 914 902 Dufgallum,
943 870 1047 904 quam
1073 859 1219 904 gratiam
1253 858 1284 892 ei
1312 858 1441 893 factam
1459 872 1522 906 per
1541 859 1658 894 Abba-

176 918 258 947 tem.
311 912 406 946 Acta
424 913 460 946 in
478 912 687 960 parrochiali
706 912 846 947 ecclefia
872 914 914 948 de
945 913 1020 948 Are
1048 914 1103 948 die
1132 913 1260 948 sabbati
1280 915 1440 961 proxima
1458 914 1530 961 post
1549 916 1658 949 domi-

175 968 287 1003 nicam
306 981 375 1014 qua
392 973 553 1002 cantatur
580 968 695 1010 Quasi
711 969 810 1003 modo
824 970 944 1015 geniti
961 983 1055 1004 anno
1080 971 1192 1017 gratie
1211 969 1393 1005 millesimo
1421 970 1656 1005 ducentesimo

174 1023 345 1059 tricefimo
362 1029 499 1070 quarto.
553 1024 597 1058 In
622 1024 726 1071 hujus
744 1025 848 1059 etiam
879 1026 928 1060 rei
960 1026 1193 1061 testimonium
1222 1025 1333 1073 figilla
1364 1027 1480 1061 nostra
1506 1026 1656 1074 presenti

175 1081 301 1129 scripto
320 1081 551 1129 apposuimus.

178 1250 378 1298 Relignatio
397 1251 557 1298 Dufgalli
576 1251 724 1286 rectoris
751 1251 890 1286 ecclefie
922 1252 964 1286 de
999 1251 1197 1299 Kylpatrik,
1227 1253 1270 1286 de
1300 1253 1402 1287 terris
1432 1266 1516 1299 quas
1535 1253 1656 1300 injuste

176 1307 364 1342 detinebat.

177 1419 370 1455 SCIANT
395 1419 572 1466 presentes
590 1425 625 1454 et
642 1420 752 1455 futuri
770 1421 865 1466 quod
891 1433 969 1455 cum
999 1433 1042 1455 ex
1072 1421 1293 1468 delegatione
1323 1421 1509 1469 apostolica
1539 1435 1656 1457 coram

177 1477 219 1510 de
239 1476 361 1510 Carrio
379 1482 414 1510 et
429 1476 471 1510 de
487 1476 686 1522 Cunigham
703 1476 857 1510 Decanis
869 1482 904 1511 et
921 1476 1089 1523 Magistro
1104 1476 1274 1512 scolarum
1290 1478 1332 1512 de
1349 1478 1434 1517 Are,
1452 1477 1551 1512 causti
1563 1484 1658 1513 mota

175 1530 287 1566 fuiffet
306 1532 397 1566 inter
418 1531 591 1566 Abbatem
612 1537 646 1566 et
664 1537 877 1566 conventum
906 1533 950 1567 de
980 1532 1127 1568 Pafl'elet
1157 1547 1201 1568 ex
1228 1540 1327 1581 parte
1345 1547 1426 1575 una,
1456 1540 1491 1569 et
1510 1535 1658 1581 Dufgal-

175 1590 248 1624 lum
266 1589 442 1624 rectorem
461 1588 599 1624 ecclefie
618 1602 740 1624 eorum
760 1590 803 1624 de
824 1589 1012 1637 Kylpatrik
1039 1603 1081 1624 ex
1112 1590 1231 1632 altera,
1261 1590 1362 1638 super
1379 1592 1481 1625 terris
1500 1592 1542 1626 de
1571 1591 1657 1625 Dal-

175 1646 356 1687 leuenach,
385 1646 428 1680 de
447 1645 707 1687 Cochmanach,
735 1646 779 1680 de
798 1646 1037 1686 Edinbernan,
1067 1646 1109 1681 de
1130 1646 1278 1687 Baecan,
1309 1647 1352 1681 de
1372 1647 1584 1689 Fimbelach‚
1613 1649 1656 1682 de

176 1702 411 1743 Drumcreue,
440 1703 482 1737 de
501 1701 631 1743 Loiset,
660 1708 694 1737 et
721 1703 763 1736 de
792 1702 1084 1749 Craguentalach,
1113 1703 1157 1737 ad
1172 1702 1349 1738 'ecclefiam
1370 1703 1500 1738 dictam
1519 1704 1561 1738 de
1574 1704 1656 1751 jure

176 1758 420 1806 speetantibus,
448 1771 533 1805 quas
551 1758 643 1793 idem
664 1759 854 1805 Dufgallus
871 1758 955 1793 ficut
974 1758 1033 1806 ipfi
1059 1759 1232 1800 dicebant,
1262 1765 1386 1794 contra
1415 1758 1560 1794 salutem
1578 1773 1658 1807 pro-

175 1816 285 1862 priam
305 1820 339 1850 et
357 1815 562 1850 fidelitatem
580 1816 674 1850 dicte
693 1815 831 1850 eccleiie
850 1816 1013 1856 debitam,
1042 1816 1219 1850 nitebatur
1246 1816 1457 1851 hereditarie
1486 1814 1656 1864 possidere

175 1884 238 1918 per
256 1870 417 1918 quasdam
436 1877 548 1906 cartas
566 1872 780 1906 adulterinas
812 1877 847 1906 et
876 1871 996 1906 illicite
1015 1871 1208 1918 adquisitas,
1237 1873 1281 1907 ob
1311 1886 1414 1919 quam
1445 1872 1580 1908 causam
1599 1886 1657 1920 pe-

175 1929 309 1962 tierunt
336 1928 470 1962 dictum
491 1928 698 1975 Dufgallum
718 1942 738 1962 a
757 1929 852 1963 dicta
878 1927 1018 1963 ecclefia
1028 1928 1120 1975 juste
1138 1930 1304 1969 amoveri,
1334 1934 1368 1963 et
1395 1930 1571 1976 prediGh‘is
1588 1935 1656 1963 ter-

176 1997 230 2018 ras
249 1984 291 2018 ad
304 1983 363 2030 jus
381 1989 416 2018 et
433 1984 683 2031 proprietatem
702 1984 855 2031 ejusdem
875 1983 1012 2019 ecclefie
1028 1984 1198 2030 legittime
1210 1986 1367 2019 revocari
1381 1999 1390 2027 ;
1420 1985 1561 2018 tandem
1579 1997 1656 2031 par-

176 2039 267 2073 tibus
285 2039 321 2073 in
338 2039 511 2086 presentia
529 2040 704 2074 dustormn
718 2040 879 2087 judicum
898 2040 1100 2080 constitutis,
1129 2053 1207 2074 cum
1235 2040 1328 2074 idem
1356 2040 1546 2086 Dufgallus
1574 2052 1655 2075 con-

176 2095 321 2129 tendere
339 2107 412 2129 non
430 2096 586 2136 auderet,
616 2097 742 2130 timens
772 2096 831 2130 fibi
860 2096 1053 2143 periculum
1074 2096 1257 2130 imminere
1284 2094 1307 2129 fi
1334 2094 1494 2142 premiffa
1512 2095 1657 2142 probata

176 2149 315 2186 suiffent
349 2156 471 2185 contra
501 2151 621 2198 ipsum,
651 2151 921 2186 milericordiam
940 2152 1137 2198 postulavit,
1168 2163 1241 2185 non
1265 2151 1451 2198 judicium,
1480 2150 1655 2198 resignans

177 2207 415 2254 sollempniter
433 2220 553 2241 omnes
571 2207 747 2254 predictas
765 2213 875 2242 terras
893 2208 930 2242 in
947 2220 1072 2241 manus
1092 2207 1241 2241 Abbatis
1261 2207 1345 2241 dieti
1363 2207 1571 2248 monasterii,
1591 2220 1655 2255 pro

177 2263 209 2298 se
228 2268 262 2298 et
280 2267 457 2297 conventu
475 2262 535 2297 suo
566 2263 603 2296 in
629 2262 724 2297 dista
755 2262 855 2297 causa
871 2263 1109 2310 procuratoris
1127 2262 1313 2303 constituti,
1342 2264 1539 2298 concedens
1555 2270 1596 2299 ut
1613 2265 1655 2299 ab

178 2319 237 2354 illa
253 2319 341 2353 hora
357 2319 509 2360 inantea,
538 2330 659 2353 omnes
678 2323 771 2354 carte
789 2331 856 2365 que
887 2318 930 2353 de
960 2319 1062 2354 dictis
1091 2320 1193 2354 terris
1222 2319 1431 2355 hereditarie
1448 2319 1657 2368 poffidendis
