1839 2652
158 288 227 318 Δ258
551 281 865 317 REGISTRUM
895 280 1235 316 MONASTERII

163 380 459 427 complementum
492 378 648 425 plenarie
682 378 935 418 ministrabunt,
976 390 1129 412 unacum
1159 375 1252 411 affisa
1281 374 1504 422 burgensium
1537 379 1639 425 burgi

166 438 270 472 nostri
288 449 350 484 per
369 435 544 470 Abbatem
562 435 621 470 seu
638 435 716 470 suos
733 435 879 470 ballivos
897 435 1054 470 vocanda
1071 435 1131 469 ubi
1158 435 1253 469 dieta
1269 435 1396 470 itinera
1412 435 1528 470 nostra
1543 442 1641 472 tene—

166 496 308 529 buntur.
359 492 407 527 Et
425 492 579 539 prefatus
598 492 805 526 venerabilis
818 492 855 526 in
871 491 1007 526 Christo
1025 496 1124 538 pater
1141 490 1261 537 suique
1279 489 1496 532 succefl'ores,
1516 492 1644 527 officia-

167 551 209 583 rii
236 555 271 584 et
301 548 457 597 deputati
474 548 645 595 recipient
673 553 708 583 et
737 547 905 583 levabunt
923 548 967 582 de
985 560 1108 582 eorum
1134 546 1336 582 tenentibus
1361 548 1642 588 amerciamenta‚

168 607 282 640 exitus
299 604 439 639 suorum
458 604 625 640 itinerum
643 603 768 650 absque
783 603 1050 639 diffimulatione
1068 616 1287 650 quacunque,
1307 604 1356 638 ita
1368 604 1463 650 quod
1475 603 1519 638 ob
1534 603 1646 639 defec-

167 670 241 696 tum
261 661 476 696 executionis
487 660 618 708 justitie
636 660 742 695 nostri
760 660 948 707 burgenses
965 659 1026 695 suo
1046 660 1187 694 defectu
1205 660 1396 707 dampnum
1427 660 1570 694 minime
1588 672 1647 708 pa-

168 720 299 752 tientur
315 731 324 752 :
356 730 423 763 que
441 717 721 758 amerciamenta,
748 717 906 764 proficua
923 722 958 752 et
977 717 1090 751 exitus
1107 717 1273 751 itinerum
1292 716 1480 751 camerarie
1500 715 1648 750 Abbatis

169 778 211 811 de
233 774 365 809 Passeto
396 774 531 821 prefato
551 773 689 808 Thome
708 774 823 808 abbati
842 779 876 808 et
895 774 991 808 dieto
1010 773 1200 807 conventui
1231 785 1271 807 ac
1297 771 1364 807 suis
1389 770 1646 812 succefforibus,

168 846 232 879 pro
252 832 337 866 dieti
356 830 495 864 Thome
523 830 746 864 benemeritis
775 835 810 864 et
839 830 1089 864 reformatione
1116 828 1202 863 dieti
1228 828 1425 863 monasterii
1450 841 1512 875 per
1538 827 1649 875 ipsum

169 889 270 928 faeta,
298 887 341 922 ad
359 886 523 920 fabricam
542 885 695 933 ejusdem
714 885 911 920 monasterii
929 883 1155 920 conceffimus
1172 897 1212 919 ac
1229 885 1338 919 libere
1357 885 1479 918 damus
1507 889 1542 918 et
1568 896 1650 918 con-

169 945 324 978 cedimus
341 956 405 990 pro
423 948 605 990 perpetim.
659 941 806 990 Insuper
825 943 869 977 ob
888 941 1003 977 causas
1021 940 1196 988 premiffas
1215 941 1337 975 damus
1363 946 1398 975 et
1424 940 1650 975 concedimus

170 1014 233 1048 pro
252 1005 422 1048 perpetuo
442 998 625 1038 officiarii&
657 998 818 1032 ministris
845 1003 879 1033 et
908 998 1082 1045 deputatis
1109 996 1258 1031 Abbatis
1284 997 1327 1031 de
1356 995 1489 1030 Passeto
1508 996 1566 1042 qui
1584 1008 1649 1043 pro

169 1065 327 1104 tempore
345 1056 476 1090 fuerint
503 1054 706 1101 potestatem
736 1055 929 1101 plenariam
957 1053 1164 1088 tabernandi
1194 1058 1229 1087 et
1258 1052 1435 1087 vendendi
1453 1052 1535 1087 vina
1559 1052 1651 1086 infra

171 1119 288 1160 portas
306 1112 391 1146 dieti
410 1110 617 1150 monasterii,
646 1110 690 1144 ad
716 1110 817 1157 ipfius
830 1110 978 1144 Abbatis
996 1110 1055 1155 qui
1072 1122 1137 1156 pro
1155 1115 1314 1156 tempore
1332 1108 1438 1143 fuerit
1456 1108 1651 1156 beneplaci-

171 1176 246 1203 tum
266 1174 300 1203 et
318 1168 548 1207 voluntatem,
568 1166 693 1212 absque
711 1167 964 1214 impedimento
979 1166 1035 1200 vel
1052 1165 1316 1212 perturbatione
1333 1164 1532 1199 nostrorum
1550 1165 1650 1211 ligio-

172 1239 248 1259 rum
264 1235 565 1271 quorumcunque.
619 1222 739 1263 Quare
751 1221 917 1257 univerfis
929 1227 964 1257 et
974 1221 1115 1268 singulis
1129 1221 1251 1255 nostris
1266 1221 1463 1256 camerariis
1478 1226 1513 1256 et
1527 1233 1650 1256 eorum

172 1280 346 1328 deputatis
371 1292 435 1326 pro
463 1284 622 1326 tempore
641 1278 864 1313 existentibus
883 1278 1072 1324 ceterisque
1103 1277 1288 1318 officiariis,
1316 1277 1488 1318 ministris,
1508 1278 1599 1324 ligiis
1617 1283 1653 1312 et

173 1337 314 1371 subditis
343 1335 466 1369 nostris
495 1348 645 1381 quorum
664 1334 805 1369 interest
834 1335 891 1370 vel
920 1333 1081 1369 intereffe
1111 1335 1252 1381 poterit,
1283 1334 1400 1369 stri&oe
1426 1334 1652 1381 precipiendo

173 1393 378 1428 mandamus
405 1404 450 1425 ne
480 1392 555 1437 quis
585 1392 621 1425 in
649 1391 865 1425 contrarium
883 1389 1126 1438 premifforum
1143 1390 1362 1437 aliquatenus
1393 1390 1558 1425 devenire
1576 1403 1653 1438 pre-

173 1450 295 1490 sumat,
315 1448 376 1482 sub
391 1448 486 1482 omni
501 1460 592 1494 pena
605 1461 673 1494 qua
686 1460 770 1493 erga
787 1447 938 1482 nostram
950 1448 1082 1494 regiam
1094 1448 1274 1482 incurrere
1288 1448 1418 1494 poterit
1430 1446 1652 1494 majestatem.

178 1508 219 1540 Iu
239 1505 336 1552 cujus
364 1505 414 1539 rei
442 1503 675 1538 testimonium
695 1503 845 1550 presenti
874 1509 967 1538 carte
998 1503 1112 1538 nostre
1139 1515 1305 1550 magnum
1333 1502 1479 1550 figillum
1498 1502 1653 1538 nostrum

177 1562 305 1609 apponi
323 1561 552 1608 precepimus
605 1559 775 1600 Testibus,
808 1560 1011 1594 reverendis
1042 1560 1077 1593 in
1097 1559 1234 1594 Christo
1253 1559 1408 1606 patribus
1428 1558 1593 1593 Wilelmo
1620 1564 1656 1593 et

179 1619 318 1652 Thoma
333 1615 564 1661 Glaigwenfis
583 1620 618 1650 et
637 1615 872 1650 Candidecase
891 1615 1108 1650 ecclesiarum
1129 1615 1305 1662 episcopis,
1326 1614 1494 1649 cariffimo
1513 1614 1655 1649 consan-

177 1675 307 1721 guineo
325 1672 442 1707 nostro
463 1672 628 1706 Wilelmo
647 1673 774 1706 comite
801 1672 844 1706 de
871 1672 1031 1719 Douglas
1050 1673 1093 1707 de
1113 1671 1258 1718 W'igton
1285 1678 1320 1706 et
1351 1672 1394 1706 de
1413 1671 1578 1706 Avandal
1596 1672 1657 1706 do-

178 1731 274 1765 mino
293 1728 481 1768 Galwidie,
512 1727 676 1762 VVilelmo
695 1729 840 1763 domino
860 1729 1063 1775 Creychton
1080 1727 1197 1762 nostro
1216 1728 1425 1762 cancellario
1453 1734 1488 1762 et
1513 1727 1656 1763 consan-

177 1788 307 1833 guineo
324 1785 530 1832 predileelm,
552 1784 688 1818 dileetis
703 1783 967 1830 consanguineis
979 1784 1102 1819 nostris
1118 1785 1161 1819 W
1164 1785 1283 1819 ilelmo
1297 1785 1441 1819 domino
1457 1784 1655 1823 Somerwss,

182 1843 328 1877 Andrea
358 1841 501 1875 domino
529 1840 572 1874 de
603 1839 714 1887 Gray,
748 1839 915 1886 magistris
944 1840 967 1876 J
970 1841 1108 1876 ohanne
1136 1839 1275 1875 Arouss
1293 1841 1539 1875 archidiacono
1558 1839 1658 1875 Glas-

179 1896 319 1945 gwenfi,
339 1903 374 1932 et
393 1897 561 1943 Georgeo
581 1896 623 1930 de
643 1896 863 1931 Schoriswod
880 1897 1020 1931 reetore
1039 1897 1082 1931 de
1102 1897 1238 1937 Cultre‚
1261 1898 1355 1944 apud
1374 1897 1582 1943 Edinburgh
1600 1896 1658 1930 de-

183 1957 272 1990 cimo
290 1954 395 1990 tertio
426 1953 481 1988 die
510 1952 632 1988 meniis
657 1952 818 1988 Januarii
835 1965 928 1987 anno
947 1953 1095 1987 Domini
1122 1952 1301 1988 millefimo
1319 1951 1657 2000 quadringentesimo

180 2009 462 2058 quinquagefimo
480 2010 604 2057 primo,
625 2015 659 2044 et
678 2011 778 2056 regni
796 2009 902 2044 nostri
921 2010 1196 2056 decimoquinto.

184 2179 383 2214 Commiffio
402 2179 533 2227 papalis
550 2179 651 2227 {uper
668 2177 878 2213 affedatione
896 2183 1070 2213 terrarum
1088 2179 1180 2214 circa
1190 2178 1436 2213 monasterium
1451 2178 1494 2213 de
1511 2177 1655 2213 Passeto.

188 2291 370 2326 SlXTUS
386 2291 564 2339 episcopus
578 2291 696 2326 servus
709 2291 890 2327 servorum
898 2291 969 2326 Dei
984 2292 1120 2327 dileetis
1134 2292 1213 2327 filiis
1227 2292 1434 2327 Precentori
1445 2289 1658 2338 Glasgwenfi

186 2354 220 2382 et
241 2346 417 2394 Prepofito
444 2348 487 2382 de
515 2348 738 2388 Dunbertan‚
769 2347 1002 2395 Glasgwenfis
1033 2348 1173 2384 diocefis
1191 2347 1421 2389 ecelefiarum‚
1453 2347 1597 2382 salutem
1623 2353 1658 2380 et
