1839 2652
744 272 815 307 DE
843 270 1112 307 PASSELET.
1601 272 1671 309 957

188 371 379 419 sanguineo
397 371 514 406 nostro
533 369 699 405 Wilelmo
726 369 853 404 comite
873 369 916 403 de
936 368 1097 414 Douglas
1116 367 1158 402 de
1179 366 1323 412 Wigton
1351 371 1385 400 et
1414 365 1456 400 de
1485 364 1670 399 Avandale

189 429 333 463 domino
352 428 543 471 Galwidie,
576 427 743 462 Wilelmo
762 426 905 460 domino
926 425 1118 460 Creichton
1144 423 1261 459 nostro
1288 422 1495 458 cancellario
1525 426 1559 456 et
1590 433 1672 456 con-

187 484 378 532 sanguineo
396 485 603 532 predilthQ
635 483 772 518 dilectis
803 482 1069 528 consanguineis
1098 481 1221 515 nostris
1240 479 1406 514 WVilelmo
1437 478 1581 513 domino
1611 477 1671 512 So-

187 542 335 582 merwss,
357 541 505 576 Andrea
523 541 667 575 domino
686 540 729 574 de
749 538 859 586 Gray,
888 538 1056 585 magistris
1081 537 1246 573 Johanne
1274 534 1412 570 Arouff
1424 534 1670 569 archidiacono

188 596 404 644 Glasgwenfi
422 602 456 632 et
475 596 634 643 Georgio
653 596 696 631 de
716 594 937 630 Schoriswod
951 594 1090 628 1·e6tore
1110 594 1153 628 de
1173 593 1309 633 Cultre,
1338 592 1431 639 apud
1451 590 1671 638 Edynbrugh

187 654 323 689 decimo
342 654 447 688 tertio
465 654 521 688 die
540 652 662 687 menfis
680 652 839 688 Januarii
858 664 951 685 anno
971 650 1119 684 Domini
1138 648 1317 685 millefimo
1329 646 1670 696 quadringentefimo

186 708 469 757 quinquagesimo
488 709 602 757 primo
621 714 656 743 et
674 708 774 755 regni
793 707 899 742 nostri
917 706 1190 753 decimoquinto.

187 886 294 921 Carta
324 886 538 933 replegiandi
566 886 726 921 homines
744 886 929 921 abitinere
957 884 1157 924 camerarie,
1190 896 1253 930 per
1282 883 1455 919 Jacobum
1481 882 1670 917 secundum

185 941 342 977 concefl'a
359 942 474 977 abbati
492 941 631 977 Thome
650 942 797 977 Terwes
816 947 851 976 et
869 941 1060 976 conventui
1079 941 1122 975 de
1142 939 1288 975 Passeto.

183 1053 206 1089 J
210 1053 414 1089 ACOBUS
434 1055 505 1090 Dei
532 1055 645 1102 gratia
674 1067 738 1090 rex
770 1054 973 1090 Scottorum
1005 1052 1168 1088 omnibus
1198 1052 1317 1100 probis
1347 1052 1547 1087 hominibus
1564 1053 1672 1087 totius

183 1115 277 1145 terre
295 1110 353 1145 sue
372 1111 505 1146 clericis
524 1116 559 1146 et
576 1111 671 1145 laicis
688 1111 846 1145 salutem.
900 1110 1021 1145 Sciatis
1040 1123 1104 1144 nos
1122 1111 1166 1145 ad
1195 1110 1336 1144 laudem
1355 1114 1389 1144 et
1408 1109 1580 1143 honorem
1600 1108 1671 1143 Dei

184 1172 219 1201 et
235 1165 470 1213 gloriofiffime
489 1167 648 1214 Virginis
675 1167 792 1201 Marie
823 1167 943 1201 matris
963 1165 1033 1207 sue,
1067 1172 1101 1201 et
1132 1166 1224 1201 beati
1244 1165 1369 1200 Mirini
1397 1163 1608 1206 confefl'oris,
1637 1172 1672 1199 ct

185 1223 357 1258 Omnium
377 1224 601 1264 Sanctorum,
634 1237 674 1258 ac
703 1237 768 1271 pro
797 1222 906 1258 salute
934 1225 1050 1258 anime
1080 1224 1259 1270 quondam
1278 1222 1489 1258 illustriffimi
1507 1223 1672 1270 principis

185 1279 318 1314 domini
335 1279 459 1316 Jacobi
478 1281 681 1315 Scottorum
712 1281 804 1327 regis
834 1280 1005 1326 genitoris
1034 1280 1152 1321 nostri,
1186 1286 1220 1314 et
1250 1278 1457 1314 sereniffime
1475 1277 1672 1326 principiffe

185 1336 326 1371 domine
344 1337 367 1372 J
370 1337 508 1372 ohanne
528 1337 649 1384 regine
669 1337 786 1371 Scotie
803 1336 981 1383 genitricis
1000 1337 1125 1377 nostre,
1156 1342 1190 1371 et
1208 1350 1272 1384 pro
1291 1336 1408 1370 nostro
1426 1335 1553 1370 salubri
1570 1335 1670 1375 statu,

184 1405 224 1426 ac
241 1405 306 1440 pro
324 1392 433 1428 stilute
453 1394 568 1428 anime
586 1393 701 1428 nostre
732 1399 767 1428 et
795 1391 1002 1428 inclitissime
1029 1393 1226 1441 principiffe
1254 1394 1396 1428 domine
1416 1392 1533 1426 hlarie
1552 1393 1672 1438 regine

185 1450 353 1485 consortis
370 1451 484 1486 nostre
504 1450 680 1493 cariffime,
701 1464 740 1487 ac
758 1452 954 1486 animarum
972 1448 1227 1485 antecefforum
1247 1455 1281 1485 et
1298 1447 1528 1484 succefforum
1541 1448 1673 1482 nostro-

184 1518 274 1548 rum,
296 1505 423 1542 dediffe
442 1513 477 1542 et
495 1507 689 1543 conceffifl'e
708 1508 917 1542 hereditarie
936 1520 1000 1554 pro
1018 1512 1202 1554 perpetuo,
1223 1506 1316 1547 Deo,
1336 1506 1436 1540 beate
1458 1505 1574 1539 Marie
1593 1504 1674 1539 Vir-

184 1563 258 1610 gini
277 1568 311 1598 et
330 1563 461 1598 saneto
481 1563 617 1599 Mirino
637 1570 671 1599 et
688 1564 881 1599 venerabili
907 1564 943 1597 in
971 1563 1108 1598 Christo
1127 1564 1218 1611 patri
1238 1563 1378 1597 Thome
1407 1562 1521 1596 abbati
1539 1561 1674 1596 monas-

185 1619 265 1654 terii
279 1620 322 1654 de
338 1619 472 1655 Passeto
488 1620 711 1668 ejusdemque
730 1620 921 1655 conventui
948 1624 983 1654 et
1002 1632 1125 1654 eorum
1142 1618 1401 1660 succefforibus,
1421 1617 1523 1666 ipsius
1541 1617 1675 1652 monas-

185 1676 265 1711 terii
283 1676 462 1711 abbatibus
481 1683 515 1712 et
533 1678 724 1718 monachis,
744 1690 783 1712 ac
802 1690 925 1712 eorum
943 1677 1090 1718 ballivis,
1107 1677 1281 1724 deputatis
1300 1682 1334 1711 et
1352 1675 1514 1711 ministris
1532 1675 1589 1721 qui
1608 1688 1673 1722 pro

186 1738 345 1780 tempore
364 1733 506 1775 fuerint,
537 1733 726 1774 licentiam,
754 1734 1013 1775 auctoritatem,
1042 1734 1244 1769 facultatem
1265 1739 1299 1769 et
1317 1733 1510 1781 plenariam
1528 1731 1674 1779 potesta—

186 1794 259 1823 tem
277 1789 494 1836 replegiandi
512 1802 634 1824 omnes
653 1795 687 1824 et
704 1789 856 1837 fingulos
874 1789 952 1825 suos
970 1796 1141 1832 tenentes,
1170 1791 1354 1831 firmariOS,
1374 1789 1506 1824 incolas
1525 1794 1560 1823 et
1577 1788 1674 1822 inhae

187 1844 338 1879 bitantes
355 1850 466 1879 terras
484 1846 569 1880 dicti
588 1845 786 1881 monasterii
804 1846 895 1881 infra
912 1847 1040 1882 limites
1059 1853 1094 1882 et
1112 1847 1245 1882 bondas
1270 1846 1579 1882 vicecomitatuum
1597 1844 1673 1878 nos-

187 1906 326 1935 trorum
344 1901 387 1935 de
406 1904 490 1942 Are,
512 1901 696 1937 Reinfrew
714 1907 749 1937 et
767 1902 992 1944 Dunbertan,
1014 1916 1100 1950 quos
1119 1903 1381 1950 quibuscunque
1399 1902 1526 1936 futuris
1540 1906 1673 1947 tempo-

188 1956 284 1991 ribus
303 1957 491 2003 contigerit
508 1958 683 1999 indictari,
702 1959 883 1993 attachiari
896 1959 955 1994 seu
970 1959 1127 1994 arrestari
1141 1973 1206 2007 pro
1220 1958 1481 2006 quibuscunque
1496 1956 1672 1991 maleficiis

188 2012 247 2048 seu
265 2011 586 2059 transgreffionibus
604 2014 648 2048 ad
665 2014 792 2048 itinera
809 2015 924 2050 nostra
950 2017 1138 2051 camerarie
1156 2017 1193 2050 in
1210 2016 1385 2064 posterum
1412 2014 1565 2049 tenenda
1583 2013 1674 2047 infra

188 2069 453 2104 vicecomitatus
470 2068 687 2116 supradictos
704 2070 760 2105 vel
778 2071 929 2117 aliquem
959 2072 1164 2113 eorundem,
1195 2085 1273 2107 cum
1306 2070 1509 2106 omnimoda
1536 2074 1571 2103 et
1600 2068 1672 2115 ple-

190 2125 288 2160 naria
305 2125 473 2172 potestate
490 2126 635 2161 tenendi
653 2127 780 2162 itinera
797 2132 832 2162 et
850 2128 963 2162 curias
981 2128 1169 2162 camerarie
1196 2128 1239 2162 de
1265 2126 1475 2166 hominibus,
1496 2124 1619 2159 incolis
1638 2130 1672 2159 et

189 2181 390 2217 tenentibus
408 2181 475 2216 suis
492 2181 697 2229 supradictis
724 2184 761 2217 in
786 2183 856 2218 fine
875 2182 1054 2231 cujussibet
1078 2183 1213 2217 itineris
1238 2182 1344 2217 nostri
1372 2181 1560 2217 camerarie
1577 2180 1672 2214 loco-

190 2249 270 2272 rum
287 2237 540 2284 predic‘torum,
573 2237 668 2272 dieto
698 2238 814 2272 nostro
843 2238 1046 2273 Camerario
1077 2245 1137 2273 aut
1167 2239 1241 2286 ejus
1267 2239 1434 2287 deputato
1453 2243 1578 2273 vocato
1608 2249 1672 2284 per

193 2293 368 2328 Abbatem
383 2293 439 2328 vel
458 2292 537 2328 suos
554 2293 700 2328 ballivos
725 2307 790 2341 pro
816 2293 884 2329 suis
909 2294 1100 2335 aflistentia,
1121 2295 1261 2330 consilio
1280 2302 1315 2331 et
1332 2295 1486 2339 auxili0;
1515 2294 1670 2340 dictique

191 2350 312 2385 Abbas
331 2355 365 2385 et
382 2348 433 2385 sui
451 2349 607 2385 officiarii
627 2355 662 2385 et
676 2350 833 2398 deputati
847 2351 905 2398 qui
922 2363 987 2398 pro
1005 2356 1164 2400 tempore
1182 2352 1313 2389 fuerint
1331 2364 1527 2399 congruum
1541 2350 1670 2398 justitie

916 2410 939 2441 Q
957 2417 982 2442 K
