1839 2652
197 300 264 343 176
594 293 909 332 REGISTRUM
938 292 1275 328 MONASTERII

195 398 272 437 suit,
303 402 337 431 et
367 396 411 430 ad
442 394 637 428 instantiam
656 404 781 431 meam,
800 390 914 436 gratia
931 389 1150 424 au&0ritatis
1176 393 1211 423 et
1235 388 1432 430 testimonii,
1459 390 1526 424 feci
1551 391 1680 438 apponi

197 453 344 500 figillum
362 450 571 485 venerabilis
589 449 697 496 patris
716 446 871 480 Wilelmi
898 444 970 480 Dei
995 445 1107 492 gratia
1134 443 1368 491 Glasgwenfis
1387 444 1547 492 episcopi.
1601 445 1680 480 Hiis

196 508 345 547 testibus,
375 506 518 540 domino
548 504 703 538 Radulfo
722 502 904 550 capellano
931 501 1063 535 domini
1086 501 1204 547 Regis,
1233 500 1377 535 domino
1406 500 1553 536 Andrea
1569 502 1680 549 capel-

196 565 277 598 lano
296 563 338 597 de
359 560 515 601 Paffelet‚
539 560 684 607 Rogero
704 559 747 594 de
766 558 911 605 Lynton
929 556 1115 592 senescallo
1131 557 1174 591 de
1191 554 1348 597 Paffelet‚
1369 556 1534 591 Galfrido
1549 557 1680 592 Mares-
1729 589 1731 593 Α

196 620 284 660 call'‚
305 619 423 653 Alano
442 617 485 652 de
506 616 694 656 Kathkert‚
724 615 831 649 Petro
850 614 893 648 de
914 613 1046 654 Polloc‚
1075 618 1110 647 et
1128 612 1269 647 Thoma
1287 612 1330 647 de
1350 612 1484 653 Polloc‚
1514 612 1680 648 wilelmo

196 677 238 711 de
251 675 400 715 Cadiou,
421 680 456 709 et
474 673 633 713 VVarino,
654 671 798 711 clericis,
819 671 961 706 Simone
973 669 1190 709 cimentario,
1215 668 1379 703 Wilelmo
1393 669 1435 703 de
1452 668 1623 710 Kenmor,
1647 676 1681 703 et

197 732 316 766 multis
335 731 420 765 aliis.

198 899 398 937 Commiffio
418 898 641 935 exhibitionis
659 898 702 932 de
722 896 906 931 Dunnotir
924 901 959 930 et
976 895 1095 930 multis
1113 895 1198 929 aliis.

199 1012 445 1049 DECANUS
477 1017 512 1046 et
544 1010 812 1044 Archidecanus
831 1007 1101 1042 Dunblanenses
1127 1007 1275 1042 discreto
1295 1008 1370 1041 viro
1398 1008 1510 1042 amico
1536 1013 1570 1042 et
1587 1006 1678 1041 socio

198 1069 392 1104 Laurentio
412 1068 544 1102 decano
563 1067 607 1101 de
626 1065 794 1100 Levenax
812 1064 969 1099 salutem.
1022 1064 1250 1098 Aueffiritate
1277 1064 1463 1111 apostolica
1480 1077 1547 1111 qua
1564 1064 1678 1111 fungi-

196 1138 286 1166 mur,
323 1137 426 1171 quain
458 1123 556 1157 vobis
587 1121 833 1169 inspiciendam
865 1121 1046 1160 mittimus,
1084 1119 1282 1154 discretioni
1313 1120 1423 1155 vestre
1453 1120 1678 1167 precipiendo

196 1182 412 1220 mandamus,
433 1180 606 1226 quatinus,
638 1176 816 1224 afl'umptis
833 1176 1009 1211 vobiscum
1037 1177 1224 1224 capellanis
1253 1182 1288 1210 et
1316 1177 1461 1217 clericis,
1491 1177 1535 1210 ad
1553 1176 1680 1223 placita

197 1237 330 1272 domini
350 1236 459 1283 Regis
476 1235 570 1283 apud
589 1233 801 1268 Dunbertan
819 1231 1048 1280 personaliter
1065 1232 1247 1272 accedatis,
1280 1239 1314 1267 et
1333 1233 1473 1272 ibidem,
1495 1231 1611 1272 semel,
1631 1232 1678 1266 se-

197 1294 323 1334 cundo,
357 1298 392 1327 et
421 1293 538 1331 tertio,
571 1289 754 1324 inhibeatis
780 1288 1005 1336 solempniter
1033 1287 1093 1322 sub
1124 1301 1215 1335 pena
1233 1288 1614 1328 excommunicationis,
1635 1301 1678 1322 ex

196 1355 294 1397 parte
313 1349 446 1383 domini
465 1348 559 1394 Papo
578 1352 613 1381 et
629 1345 846 1393 prelatorum
866 1343 1005 1379 ecclefie
1023 1343 1204 1385 scoticane,
1235 1356 1280 1378 ne
1306 1344 1429 1390 aliquis
1448 1344 1625 1379 Abbatem
1643 1350 1678 1379 et

197 1411 410 1441 conventum
438 1405 481 1439 de
510 1402 656 1438 Paffelet
674 1407 773 1437 extra
791 1402 922 1436 curiam
943 1400 1185 1435 Cristianitatis
1203 1400 1247 1434 ad
1264 1400 1380 1435 forum
1399 1400 1520 1435 laicale
1538 1401 1677 1435 trahere

196 1462 372 1511 presumat
389 1462 528 1498 invitos.
546 1459 648 1508 super
665 1458 769 1494 terris
785 1457 852 1492 suis
866 1456 1093 1492 ecclesiasticis
1112 1462 1147 1491 et
1165 1455 1393 1491 elemosmatis
1405 1470 1489 1503 quas
1506 1457 1678 1491 haustenus

196 1519 338 1566 pacifice
356 1516 581 1565 poffederunt
596 1530 605 1558 3
634 1515 784 1550 maxime
811 1527 890 1548 cum
911 1513 969 1548 iste
987 1513 1154 1547 articulus
1172 1512 1211 1547 fit
1229 1513 1480 1547 determinatus
1498 1514 1533 1547 in
1552 1513 1677 1548 litteris

197 1575 330 1610 domini
351 1574 444 1621 Pape
462 1572 654 1620 impetratis
671 1583 734 1618 per
751 1570 904 1618 prelatos
931 1567 1069 1604 ecclesie
1095 1569 1265 1603 scoticane
1282 1583 1291 1611 ;
1325 1575 1359 1603 et
1377 1582 1455 1603 cum
1476 1568 1590 1604 littere
1617 1569 1676 1603 do-

196 1632 283 1665 mini
304 1631 411 1677 Regis
429 1631 472 1664 de
490 1628 791 1676 perambulatione
808 1626 865 1660 vel
883 1626 1125 1673 recognitione
1152 1631 1275 1660 contra
1301 1624 1537 1660 ecclesiasticas
1562 1625 1676 1673 perso-

197 1701 259 1722 nas
277 1687 332 1722 vel
350 1692 460 1721 terras
478 1684 542 1719 sint
568 1683 724 1731 suspense
742 1695 805 1730 per
822 1681 1001 1716 confilium
1029 1682 1159 1716 domini
1192 1681 1298 1727 Regis
1325 1687 1359 1715 et
1384 1694 1447 1729 per
1473 1681 1675 1717 consensum

197 1744 425 1791 prelatorum,
445 1755 523 1776 cum
539 1739 741 1787 quibusdam
755 1739 830 1772 aliis
841 1738 996 1773 articulis
1013 1736 1176 1785 suspenfis
1192 1737 1346 1771 fimiliter
1361 1752 1370 1780 ς
1400 1743 1434 1772 et
1453 1751 1532 1772 cum
1550 1751 1614 1773 nos
1632 1739 1676 1773 ad

197 1800 375 1847 querelam
395 1799 543 1833 Abbatis
561 1803 597 1832 et
615 1801 820 1836 conventus,
848 1796 1060 1830 auetoritate
1078 1795 1264 1842 apostolica
1285 1795 1384 1829 nobis
1411 1794 1596 1837 commifl'a,
1617 1797 1677 1831 do-

198 1858 333 1891 minum
354 1855 547 1902 Hugonem
566 1851 816 1888 Flandrensem
829 1851 903 1898 jam
920 1851 1055 1899 pridem
1075 1851 1297 1886 citaverimus
1325 1851 1368 1885 ad
1395 1851 1675 1899 respondendum

198 1919 233 1948 et
244 1912 318 1960 juri
335 1912 530 1959 parendum
550 1909 676 1944 eisdem
694 1908 797 1956 super
815 1914 910 1942 terra
927 1908 970 1942 de
998 1907 1193 1954 Dunnotyr
1211 1920 1314 1954 quam
1346 1908 1468 1942 dicunt
1497 1908 1542 1942 ad
1569 1909 1677 1943 eccle-

197 1970 279 2004 fiam
296 1968 390 2003 suam
404 1968 446 2002 de
464 1966 652 2014 Kylpatrik
668 1966 710 1999 de
723 1965 805 2012 jure
824 1965 1010 2012 pertinere,
1028 1970 1062 1998 et
1079 1963 1181 2011 {uper
1198 1970 1273 1998 tota
1286 1963 1423 2010 pastura
1440 1977 1507 2011 que
1525 1964 1572 1999 est
1585 1966 1676 2000 inter

198 2033 328 2060 terram
347 2036 469 2059 eorum
488 2023 531 2058 de
551 2022 692 2057 Bachan
723 2027 758 2055 et
785 2026 913 2055 terram
934 2020 1019 2054 (Ιίὅίῖί
1052 2019 1218 2067 Hugonis
1247 2021 1289 2055 de
1311 2020 1613 2068 Kynmunchayr3
1641 2028 1676 2056 et

199 2094 278 2116 cum
297 2080 568 2115 determinatum
598 2077 637 2112 fit
666 2078 713 2124 in„
729 2077 881 2124 quodam
900 2077 1076 2117 decretali,
1104 2089 1178 2111 rem
1210 2089 1283 2111 non
1311 2075 1377 2111 efl'e
1404 2077 1575 2124 integram
1603 2078 1678 2126 post

201 2138 373 2173 citationis
392 2134 616 2171 emiffionem.
669 2133 797 2169 Valete
814 2132 949 2180 semper
967 2134 1003 2168 in
1022 2133 1192 2168 Domino.
