1839 2652
170 290 237 328 198
570 282 885 319 REGISTRUM
914 282 1252 317 MONASTERII

174 438 372 475 Conventio
391 437 483 472 faeta
501 436 548 471 est
564 436 656 470 inter
677 435 852 470 Abbatem
872 440 907 469 et
925 438 1139 468 conventum
1159 433 1202 468 de
1223 431 1381 472 Paffelet,
1406 437 1442 466 et
1459 431 1655 467 Norrinum

175 497 217 531 de
238 493 495 539 Monnorgund
514 498 548 527 et
567 492 596 526 F
598 491 763 527 orvelech
776 490 932 538 sponsam
950 489 1057 530 suam,
1078 489 1180 537 super
1194 489 1297 524 certis
1310 488 1410 523 terris
1423 488 1465 523 de
1479 487 1656 523 Levenax.

176 604 415 643 OMNIBUS
433 604 559 639 Christi
577 604 739 639 fidelibus
766 602 907 651 presens
932 601 1097 649 scriptum
1124 601 1246 636 visuris
1264 601 1318 635 vel
1337 600 1509 635 audituris
1536 600 1660 634 Norri-

176 676 241 698 nus
259 663 301 697 de
321 661 581 708 Monnorgund
600 667 634 696 et
653 661 682 696 F
684 660 848 695 orvelech
865 658 987 706 sponsa
1003 658 1063 693 sua
1079 658 1225 692 salutem
1245 658 1280 691 in
1300 657 1458 691 Domino
1486 655 1662 703 sempiter-

177 733 269 755 nam.
321 718 473 753 Noverit
490 716 694 752 univerfitas
713 716 823 751 vestra
840 716 935 762 quod
954 728 1017 749 nos
1048 727 1108 762 per
1136 715 1270 749 litteras
1296 714 1408 760 regias
1426 713 1564 747 trahere
1581 712 1661 747 feci-

178 789 255 811 mus
272 776 309 810 in
326 775 424 809 litem
445 774 619 808 Abbatem
638 780 673 809 et
700 779 913 808 conventum
934 772 976 805 de
996 769 1153 810 Paffelet‚
1183 784 1298 805 coram
1321 770 1516 804 Malcolmo
1535 769 1661 803 comite

180 834 222 868 de
238 832 407 867 Levenax
425 836 459 865 et
477 831 613 865 ballivis
626 829 694 865 suis
711 830 747 864 in
766 830 863 864 curia
876 828 945 868 sua,
966 826 1067 874 super
1081 827 1183 861 terris
1202 827 1245 861 de
1265 826 1523 866 Cochmanach‚
1544 825 1663 872 Edyn-

181 888 324 927 bernan,
346 886 557 926 Fimbalach‚
579 886 721 920 Backan
740 890 774 920 et
794 884 1028 924 Drumcreue,
1061 896 1145 929 quas
1175 884 1318 917 nomine
1346 888 1380 917 et
1402 883 1484 929 jure
1503 881 1663 928 Dufgalli

181 943 356 989 quondam
375 943 522 976 ream-is
541 940 680 976 ecclefie
699 941 740 975 de
762 939 949 987 Kylpatrik
968 940 1228 973 vendicavimus
1244 953 1253 980 ;
1283 938 1455 973 Predi&is
1476 938 1614 972 Abbate
1629 943 1663 971 et

183 1004 360 1034 conventu
377 997 587 1032 sufficienter
606 996 897 1043 comparentibus,
918 995 1144 1030 ostenderunt
1161 995 1310 1041 quedam
1328 994 1555 1028 instrumenta
1572 994 1664 1027 bona

184 1060 218 1090 et
236 1054 417 1101 legittima,
449 1059 520 1088 tam
540 1066 582 1087 ex
600 1058 699 1100 parte
717 1052 866 1099 predicti
886 1051 1046 1097 Dufgalli
1064 1065 1167 1097 quam
1188 1051 1322 1085 Alwini
1348 1050 1455 1097 patris
1472 1048 1533 1089 sui,
1561 1047 1664 1096 super

183 1110 350 1158 predictis
367 1109 469 1144 terris
488 1109 672 1150 eonfe&a;
701 1121 764 1155 per
781 1120 848 1153 que
867 1113 937 1141 tam
956 1108 1055 1141 nobis
1081 1121 1183 1153 quam
1202 1108 1267 1141 toti
1286 1107 1381 1141 curie
1407 1106 1564 1153 predicte
1583 1102 1664 1139 con-

184 1167 291 1202 stabat
308 1166 482 1213 predictas
499 1170 609 1199 terras
628 1162 694 1199 effe
712 1170 747 1198 et
764 1162 860 1197 fuiffe
879 1164 922 1197 de
934 1164 1027 1211 jure,
1041 1164 1254 1211 proprietate
1273 1169 1308 1197 et
1326 1161 1537 1210 pofl'essione,
1558 1161 1665 1196 eccle-

186 1223 230 1258 fie
247 1222 444 1270 supradhste
462 1235 482 1255 a
500 1227 659 1267 tempore
685 1233 705 1254 a
731 1233 800 1266 quo
819 1232 891 1253 non
910 1226 1005 1253 extat
1024 1220 1216 1262 memoria3
1244 1219 1338 1253 unde
1357 1218 1460 1266 plene
1479 1217 1666 1252 confiteba-

187 1292 267 1314 mur
284 1279 319 1313 in
333 1278 468 1325 judicio
497 1283 531 1311 et
561 1277 771 1310 confitemur
800 1276 895 1322 quod
913 1275 1020 1309 nichil
1044 1276 1135 1323 juris
1153 1275 1253 1309 nobis
1266 1275 1322 1309 vel
1341 1275 1526 1309 heredibus
1544 1273 1666 1308 nostris

188 1336 223 1369 in
241 1334 408 1382 predictis
426 1334 527 1368 terris
545 1333 735 1379 competiit,
756 1332 922 1378 competit
939 1331 998 1366 seu
1029 1338 1228 1379 competere
1257 1332 1387 1378 poterit
1414 1330 1637 1378 imposterum
1654 1345 1664 1373 3

187 1396 332 1438 propter
350 1390 455 1436 quod,
484 1402 549 1423 nos
567 1395 602 1423 et
621 1388 766 1422 heredes
784 1388 889 1422 nostri
911 1388 1002 1435 juste
1034 1394 1068 1423 et
1094 1401 1178 1423 vero
1200 1388 1336 1435 judicio
1355 1387 1398 1422 de
1415 1387 1667 1434 prenominatis

188 1447 288 1481 terris
315 1447 352 1480 in
381 1445 496 1480 nostra
513 1444 684 1492 presentia
701 1444 887 1490 abjudicati
905 1444 1044 1485 fuimus,
1076 1444 1192 1479 sumus
1219 1450 1253 1478 et
1280 1442 1346 1478 effe
1365 1444 1588 1478 concedimus
1606 1443 1666 1477 im-

190 1509 398 1551 perpetuum
415 1517 424 1545 ;
447 1503 567 1543 Quare
581 1502 744 1536 volumus
759 1503 837 1548 [et]
852 1514 915 1548 pro
931 1501 1030 1535 nobis
1044 1507 1078 1535 et
1090 1501 1245 1547 quolibet
1259 1500 1414 1534 nostrum
1428 1512 1468 1533 ac
1481 1499 1666 1533 heredibus

190 1560 313 1595 nostris
331 1565 366 1594 et
382 1559 538 1605 quolibet
555 1557 707 1605 ipsorum
726 1558 960 1598 concedimus,
987 1558 1080 1603 quod
1098 1557 1248 1603 predie'd
1267 1556 1387 1590 Abbas
1413 1561 1447 1590 et
1474 1560 1668 1589 conventus

191 1628 312 1650 omnes
330 1621 364 1649 et
381 1613 531 1661 fingulas
548 1620 658 1648 terras
675 1614 849 1661 predictas
867 1626 946 1647 cum
964 1613 1125 1647 omnibus
1143 1612 1361 1658 pertinentiis
1379 1610 1445 1645 suis
1462 1609 1532 1644 fine
1549 1610 1666 1656 aliquo

191 1676 431 1706 retenemento
450 1670 610 1710 habeant,
630 1675 773 1704 teneant
791 1675 825 1704 et
842 1667 1033 1716 poffideant
1046 1669 1316 1715 imperpetuum,
1336 1667 1478 1714 pacifice
1491 1672 1524 1701 et
1537 1667 1666 1712 quiete,

193 1726 261 1762 fine
281 1727 377 1761 omni
395 1726 602 1773 calumpnia,
634 1725 835 1772 gravamine
855 1731 888 1759 et
906 1725 1170 1772 perturbatione
1190 1737 1233 1759 ex
1250 1730 1348 1771 parte
1366 1723 1480 1758 nostra
1498 1723 1553 1757 vel
1571 1723 1669 1756 here-

194 1784 278 1818 dum
296 1783 493 1817 nostrorum
520 1781 580 1817 seu
609 1782 755 1829 alicujus
773 1782 915 1816 alterius
943 1783 1086 1816 nomine
1103 1780 1219 1815 nostro
1236 1795 1245 1823 3
1274 1786 1309 1815 et
1334 1780 1617 1814 renunciavimus
1635 1784 1669 1813 et

194 1840 440 1874 renunciamus
458 1837 612 1886 expreffe
629 1839 666 1872 in
684 1838 750 1872 hoc
768 1838 873 1878 facto,
905 1851 970 1884 pro
988 1838 1087 1872 nobis
1106 1843 1140 1872 et
1158 1837 1314 1883 quolibet
1341 1836 1495 1870 nostrum
1514 1849 1554 1870 ac
1571 1836 1669 1870 here-

196 1896 295 1930 dibus
313 1895 434 1930 nostris
452 1901 487 1929 et
504 1895 660 1941 quolibet
677 1894 841 1941 ipsorum,
870 1895 965 1928 omni
985 1894 1058 1941 juri
1076 1893 1099 1928 fi
1116 1894 1210 1940 quod
1228 1893 1409 1928 habuimus
1428 1892 1485 1928 seu
1504 1892 1670 1927 habemus

194 1952 251 1987 vel
268 1951 490 1998 imposterum
508 1951 636 1985 habere
653 1951 856 1998 poterimus,
884 1951 920 1984 in
946 1949 1112 1997 premiflis
1137 1950 1238 1984 terris
1256 1949 1312 1983 vel
1339 1950 1453 1995 aliqua
1471 1961 1602 1989 earum,
1635 1954 1670 1982 et

196 2007 350 2043 totaliter
367 2007 533 2055 predictis
554 2007 685 2041 Abbati
712 2012 746 2041 et
773 2007 962 2041 conventui
980 2007 1136 2052 quietum
1165 2006 1389 2040 clamavimus
1420 2011 1455 2039 et
1483 2005 1671 2039 clamamus

196 2064 465 2110 imperpetuum·
518 2062 565 2097 Et
593 2068 634 2096 ut
663 2062 802 2109 presens
819 2061 982 2109 scriptum
1014 2062 1121 2096 robur
1138 2067 1306 2109 perpetue
1325 2061 1497 2095 firmitatis
1515 2061 1671 2107 optineat

196 2119 429 2166 imposterum,
449 2119 612 2153 volumus
630 2124 665 2153 et
683 2119 917 2159 concedimus,
948 2131 1012 2165 pro
1031 2118 1130 2152 nobis
1148 2124 1182 2152 et
1200 2117 1355 2163 quolibet
1384 2116 1538 2151 nostrum
1557 2128 1596 2150 ac
1612 2115 1671 2150 he-

196 2176 334 2210 redibus
352 2175 475 2210 nostris
493 2180 527 2209 et
545 2175 701 2221 quolibet
719 2175 881 2222 ipsorum,
914 2180 949 2209 et
977 2173 1127 2221 presenti
1158 2173 1284 2220 scripto
1302 2173 1549 2207 confirmamus
1570 2169 1671 2218 juris-

199 2232 400 2271 diffienem,
420 2232 666 2266 auctoritatem
693 2237 728 2266 et
756 2232 948 2279 plenariam
966 2229 1169 2277 potestatem
1189 2229 1332 2263 domino
1351 2228 1482 2263 Comiti
1500 2228 1542 2262 de
1562 2227 1672 2261 Leve-

199 2300 267 2321 nax
285 2288 343 2332 qui
361 2300 424 2334 pro
441 2293 600 2334 tempore
618 2287 735 2328 fuerit,
767 2294 873 2334 prout
890 2287 1042 2327 liberius,
1072 2287 1195 2321 melius
1225 2292 1259 2320 et
1288 2286 1424 2332 plenius
1452 2285 1526 2318 dari
1543 2283 1673 2330 poterit

200 2343 255 2377 vel
274 2343 428 2383 concedi,
460 2348 500 2377 ut
517 2343 659 2390 propria
676 2343 887 2379 auctoritate
903 2343 974 2385 sua,
1007 2343 1050 2377 de
1067 2343 1173 2389 plano
1199 2348 1234 2376 et
1260 2341 1330 2376 fine
1347 2341 1489 2388 strepitu
1501 2339 1670 2387 judiciali,
