1870 2683
750 273 821 307 DE
849 272 1117 308 PASSELET.
1603 278 1672 308 415

193 368 307 403 donec
323 367 362 403 fit
380 369 428 403 eis
446 368 489 402 de
507 368 675 416 ejusmodi
693 368 926 415 questionibus
947 370 1051 416 juxta
1075 368 1227 416 ipsorum
1246 368 1503 416 beneplacitum
1521 368 1670 403 satisfac-

193 431 280 465 tum,
300 425 456 471 quamvis
468 424 748 472 jurisdifflfionem
763 438 831 471 qua
843 425 910 459 hoc
923 424 1049 472 poffint
1066 425 1103 459 in
1120 438 1183 459 vos
1200 437 1273 459 non
1291 424 1442 459 habeant
1456 425 1668 459 ordinariam

194 479 252 515 seu
271 481 374 515 etiam
393 480 600 527 delegatam.
653 481 744 515 Cum
763 481 878 527 itaque
891 481 1066 528 judicialis
1084 481 1185 528 vigor
1211 480 1251 516 fit
1269 481 1348 516 ideo
1378 481 1415 515 in
1446 481 1562 515 medio
1589 493 1670 515 con-

193 536 330 570 stitutus
347 542 387 570 ut
412 549 518 570 nemo
536 535 594 570 fibi
612 535 746 571 sumere
772 537 900 571 audeat
929 537 1112 578 ultionem,
1141 543 1176 572 et
1203 537 1239 571 id
1267 542 1433 583 tanquam
1467 537 1567 571 nullo
1592 538 1671 585 jure

194 591 378 626 subnixum
396 604 469 625 non
487 590 524 625 fit
543 592 752 638 aliquatinus
778 592 1012 634 tolerandum,
1040 606 1105 628 nos
1134 594 1294 628 volentes
1323 593 1431 639 quieti
1461 593 1572 628 vestre
1591 606 1671 628 con-

193 647 304 681 sulere
323 660 363 681 ac
380 647 621 694 predi&orum
651 647 791 681 malitiis
821 647 972 689 obviare,
1001 649 1211 684 au6³writate
1241 648 1453 696 presentium
1485 648 1670 684 distritfflus

194 702 390 737 inhibemus
410 715 454 736 ne
473 703 559 748 quis,
580 702 755 737 occasione
781 704 940 750 predstste
967 705 1236 745 consuetudinis,
1270 704 1368 739 vobis
1386 710 1595 739 memoratas
1621 705 1671 739 in-

193 759 285 794 ferre
302 758 473 793 molestias
491 771 530 793 ac
547 758 639 793 bona
657 759 853 794 monasterii
873 760 1041 794 antedicti
1067 759 1192 806 absque
1215 760 1305 807 juris
1335 760 1458 795 ordine
1487 773 1669 808 occupare,

194 815 345 855 vadiare,
362 815 526 849 invadere
545 813 604 848 seu
621 816 886 860 quomodolibet
904 816 1061 851 detinere
1075 815 1260 863 presumat.
1314 815 1414 850 Nulli
1429 829 1513 863 ergo
1526 817 1670 851 omnino

194 872 376 906 hominum
395 870 497 906 liceat
522 871 613 905 hano
642 871 805 918 paginam
832 871 947 906 nostre
979 872 1195 906 inhibitionis
1223 872 1414 918 infringere
1445 872 1501 906 vel
1532 873 1563 906 ei
1589 871 1672 907 ausu

195 928 382 962 temerario
400 927 585 961 contraire.
638 926 674 961 Si
691 928 768 973 quis
786 933 904 962 autem
921 928 989 962 hoc
1007 933 1214 975 attemptare
1231 928 1488 975 presumpserit,
1516 929 1674 975 indigna-

195 984 327 1018 tionem
346 983 596 1030 omnipotentis
627 983 697 1018 Dei
715 989 751 1018 et
768 983 951 1018 beatorum
983 984 1080 1019 Petri
1110 990 1145 1019 et
1177 983 1276 1018 Pauli
1295 984 1531 1031 apostolorum
1550 985 1622 1031 ejus
1640 984 1673 1019 se

195 1039 333 1074 noverit
350 1038 582 1074 incursurum.
635 1039 771 1074 Datum
803 1039 970 1075 Laterani
999 1041 1046 1074 xii
1077 1040 1255 1075 Kalendas
1272 1040 1433 1076 Januarii
1451 1041 1673 1088 pontificatus

196 1096 303 1131 nostri
320 1108 413 1130 anno
431 1094 589 1143 septimo.

198 1267 256 1302 De
274 1267 409 1302 eodem.

199 1377 518 1415 BONIFACIUS
537 1377 716 1426 episcopus
734 1378 851 1413 servus
869 1377 1048 1413 servorum
1062 1377 1133 1413 Dei
1152 1377 1299 1418 dileffis,
1315 1378 1379 1423 (5·6.
1400 1379 1573 1425 utsupra,
1593 1379 1675 1413 huc-

199 1438 305 1484 usque
320 1451 334 1478 ;
371 1434 507 1469 Datum
532 1434 699 1470 Laterani
725 1435 772 1469 vii
801 1434 980 1469 Kalendas
1005 1433 1165 1469 Januarii
1194 1434 1419 1482 pontificatus
1446 1434 1552 1469 nostri
1582 1447 1674 1469 anno

198 1492 354 1540 septimo.

200 1662 259 1697 De
277 1660 398 1696 officiis
416 1659 632 1696 revocandis.

202 1772 481 1810 HONORIUS
499 1771 678 1819 episcopus
694 1770 813 1805 servus
829 1770 1009 1806 servorum
1029 1771 1099 1806 Dei
1118 1771 1254 1806 dileetis
1274 1771 1353 1806 filiis
1372 1771 1503 1806 Abbati
1534 1778 1568 1807 et
1598 1787 1678 1808 con-

201 1829 324 1866 ventui
343 1829 386 1863 de
413 1826 571 1868 Pafl'elet,
601 1826 837 1863 Cluniacenfis
866 1827 1008 1868 ordinis,
1040 1827 1185 1862 salutem
1216 1834 1251 1862 et
1281 1827 1501 1875 apostolicam
1519 1828 1679 1865 benedic-

201 1887 348 1921 tionem.
401 1885 437 1919 A
455 1884 557 1919 nobis
573 1884 752 1918 humiliter
769 1883 959 1931 postulastis
976 1888 1017 1918 ut
1035 1896 1113 1918 cum
1132 1896 1237 1918 nemo
1254 1884 1381 1918 sentire
1410 1883 1535 1919 debeat
1564 1884 1622 1920 sue
1640 1887 1679 1920 li-

202 1942 393 1979 beralitatis
411 1940 686 1981 incommodum,
722 1952 768 1974 ne
802 1939 841 1975 fit
874 1940 1114 1975 munificentia
1141 1939 1301 1987 captiosa,
1338 1941 1380 1974 de
1411 1940 1526 1975 nostra
1550 1941 1679 1989 possitis

203 1998 345 2034 licentia
363 1997 521 2032 redditus
538 1995 704 2042 quosdam
721 1995 930 2031 monasterio
948 1995 1060 2030 vestro
1087 1996 1131 2030 ad
1158 1995 1443 2031 sustentationem
1471 1997 1618 2032 fratrum
1646 2006 1679 2033 et

203 2054 378 2102 hospitum
391 2053 586 2100 deputatOS,
595 2065 682 2098 quos
693 2052 896 2098 quibusdam
908 2051 1134 2087 familiaribus
1145 2052 1263 2087 vestris
1277 2052 1393 2098 quoad
1404 2053 1565 2088 viverent
1578 2053 1680 2089 liber-

204 2111 305 2146 aliter
325 2107 539 2149 conceffistis,
567 2108 611 2143 ad
628 2107 708 2143 usus
725 2107 924 2155 hujusmodi
941 2121 1119 2144 revocare.
1172 2108 1247 2143 Nos
1277 2114 1394 2144 autem
1419 2108 1538 2144 vestris
1554 2109 1680 2158 suppli-

205 2166 399 2202 cationibus
429 2165 596 2206 inclinati,
625 2165 804 2200 devotioni
833 2164 944 2200 vestre
974 2164 1186 2212 presentium
1215 2165 1425 2200 auetoritate
1455 2166 1679 2202 concedimus

204 2228 245 2258 ut
262 2222 389 2257 eisdem
406 2220 632 2256 familiaribus
650 2220 898 2256 decedentibus
912 2221 948 2255 id
962 2220 1100 2255 efficere
1114 2220 1268 2255 valeatis.
1320 2220 1422 2256 Nulli
1435 2234 1520 2268 ergo
1535 2223 1679 2258 omnino

204 2277 387 2313 hominum
406 2277 508 2311 liceat
524 2277 615 2311 hanc
644 2277 807 2324 paginam
837 2276 952 2311 nostre
980 2275 1205 2311 eonceflionis
1234 2277 1425 2324 infringere
1453 2277 1510 2313 vel
1540 2279 1572 2313 ei
1598 2280 1681 2314 ausu

204 2334 391 2369 temerario
410 2333 595 2368 contraire.
648 2332 683 2368 Si
701 2333 777 2378 quis
795 2338 912 2368 autem
930 2333 998 2368 hoc
1015 2338 1223 2381 attemptare
1240 2332 1496 2382 presumpserit,
1523 2334 1680 2381 indigna-
