1839 2652
189 277 260 308 ι280
582 267 897 304 REGISTRUM
925 268 1264 304 MONASTERII

190 368 255 403 sint
283 374 317 403 et
347 366 460 401 omnis
491 365 685 400 exafifionis
716 365 885 399 immunia
910 369 1028 411 preter
1048 363 1247 399 consuetam
1266 364 1428 413 Episcopi
1446 373 1613 414 paratam,
1635 374 1674 403 et

185 424 350 470 justitiam
378 423 413 456 in
438 420 645 468 presbiteros
670 419 694 454 fi
719 419 882 454 adversus
899 419 949 454 sui
968 420 1099 454 ordinis
1117 421 1322 466 dignitatem
1342 421 1575 465 offenderint3
1612 423 1672 457 Li-

191 485 333 524 ceatque
352 477 448 512 vobis
467 476 525 511 seu
542 476 706 511 fratribus
724 475 842 509 vestris
860 476 896 510 in
914 475 1059 510 ecclesiis
1077 475 1197 510 vestris
1215 475 1422 522 presbiteros
1449 477 1589 523 eligere,
1621 479 1670 513 ita

191 542 308 568 tamen
325 539 364 568 ut
382 533 423 567 ab
442 531 607 579 episcopis
624 532 680 566 vel
699 530 938 578 episcoporum
957 532 1093 566 vicariis
1111 532 1306 566 animarum
1332 545 1451 566 curam
1469 533 1596 579 absque
1612 547 1673 569 ve-

191 590 333 624 nalitate
346 588 547 635 suscipiant3
564 600 667 633 quam
682 586 705 621 fi
719 588 938 621 committere
954 587 1013 627 illi,
1023 587 1116 633 quod
1129 586 1221 627 absit,
1239 600 1281 621 ex
1295 588 1467 634 pravitate
1479 589 1670 630 noluerint,

190 652 274 679 tunc
293 643 470 691 presbiteri
500 656 543 677 ex
574 642 758 690 apostolice
786 643 872 677 sedis
898 642 1113 688 benignitate
1140 643 1254 677 officia
1279 643 1477 678 celebrandi
1495 644 1671 679 licentiam

190 701 445 747 consequantur
460 714 470 742 3
499 698 729 734 Ecclefiarum
750 698 939 733 vestrarum
958 698 1244 739 consecrationes,
1259 698 1283 732 fi
1301 699 1476 734 diocesani
1494 699 1553 747 ipsi
1565 702 1673 747 gratis

191 757 370 791 noluerint
388 755 562 795 exhibere,
582 768 602 788 a
619 755 775 800 quolibet
789 754 960 788 catholico
979 754 1166 801 suscipietis
1181 755 1339 802 episcopo
1357 768 1365 789 :
1411 755 1489 790 Nec
1503 756 1670 791 cellarum

190 812 377 847 vestrarum
397 811 541 845 ubilibet
560 809 745 857 positarum
764 810 898 850 fratres,
918 823 983 857 pro
1009 810 1163 856 qualibet
1180 811 1428 845 interdictione
1458 812 1515 846 vel
1534 825 1672 846 excom-

190 868 436 907 municatione,
447 867 647 901 divinorum
664 866 858 900 officiorum
873 864 1123 912 suspensionem
1138 866 1317 912 patiantur
1326 881 1336 909 ;
1352 867 1409 901 sed
1423 872 1493 901 tam
1508 868 1671 902 monachi
1703 884 1706 887 ·

188 922 247 970 ipsi
264 936 367 969 quam
386 929 420 957 et
438 922 559 956 famuli
577 935 700 956 eorum
719 927 753 956 et
771 922 830 967 qui
848 921 880 955 se
899 921 1084 956 monastice
1102 921 1303 969 professioni
1322 923 1552 965 devoverunt,
1578 924 1670 959 clau-

188 979 227 1012 fis
246 977 465 1013 ecclesiarum
477 978 606 1024 januis,
633 990 706 1011 non
725 976 872 1012 admissis
891 977 1089 1018 diocesanis,
1123 979 1239 1013 divine
1257 979 1431 1013 servitutis
1450 979 1563 1014 officia
1581 981 1669 1015 cele-

188 1036 302 1074 brent,
334 1041 369 1069 ct
398 1034 573 1081 sepulture
593 1034 709 1068 debita
734 1040 903 1080 peragant
918 1048 928 1075 3
959 1032 1198 1067 Percuffuram
1218 1047 1356 1080 quoque
1383 1036 1513 1082 proprii
1542 1037 1668 1070 numis-

188 1092 288 1125 matis
306 1091 361 1125 vel
380 1096 520 1124 monete
538 1090 818 1135 quandocunque
837 1089 892 1123 vel
911 1089 1078 1134 quamdiu
1095 1089 1193 1123 vobis
1208 1090 1378 1136 placuerit
1392 1091 1557 1125 habeatis.
1587 1091 1668 1126 Hec

187 1147 294 1192 igitur
313 1146 429 1180 omnia
447 1144 530 1179 ficut
548 1158 567 1178 a
586 1145 707 1178 nostris
725 1142 1020 1191 predecefforibus
1039 1144 1222 1179 constituta
1240 1146 1328 1186 sunt,
1350 1146 1400 1180 ita
1417 1151 1451 1180 et
1470 1159 1534 1180 nos
1548 1148 1668 1181 aueto-

188 1204 289 1236 ritate
318 1201 503 1248 apostolica
529 1200 766 1234 constituimus
797 1206 831 1234 et
861 1201 1027 1246 presentis
1059 1202 1231 1248 privilegii
1256 1203 1383 1249 pagina
1409 1202 1665 1238 confirmamus.

189 1258 354 1292 Preterea
381 1257 430 1291 fili
460 1257 496 1290 in
528 1256 664 1291 Christo
683 1254 848 1290 carissime
868 1255 984 1296 Ponti,
1015 1270 1117 1302 quem
1145 1270 1209 1292 nos
1235 1259 1271 1292 in
1300 1257 1507 1293 Viennensis
1526 1259 1666 1294 ecclesie

188 1314 357 1359 regimine
375 1311 471 1359 positi
490 1311 612 1346 nostris
642 1324 704 1358 per
735 1311 805 1345 Dei
831 1312 977 1357 gratiam
1006 1313 1164 1347 manibus
1193 1314 1229 1347 in
1261 1314 1437 1349 Abbatem
1457 1315 1667 1349 consecravi-

188 1382 274 1408 mus,
308 1374 341 1402 et
359 1368 540 1415 personam
559 1374 655 1402 tuam
675 1373 709 1401 et
728 1367 843 1401 locum
864 1368 919 1401 cui
939 1367 1019 1402 Deo
1038 1369 1183 1403 au&ore
1202 1368 1350 1416 presides
1368 1371 1450 1405 totis
1468 1371 1666 1405 dileffionis

187 1424 371 1459 visceribus
389 1424 650 1470 a1nple6tentes,
671 1428 705 1458 et
723 1424 831 1469 quieti
849 1423 958 1458 vestre
976 1426 1143 1459 attentius
1161 1426 1397 1472 providentes,
1421 1427 1485 1461 hec
1503 1427 1665 1474 adjicien-

188 1481 231 1514 da
245 1481 450 1520 censuimus,
470 1485 509 1514 ut
523 1479 738 1513 abbatiarum
754 1479 942 1514 vestrarum
957 1480 1076 1514 elefifis,
1090 1481 1207 1515 nullus
1223 1482 1473 1529 episcoporum,
1489 1482 1558 1517 fine
1573 1496 1665 1517 com-

187 1536 398 1570 mendatitiis
417 1534 654 1569 Cluniacenfis
669 1535 817 1569 Abbatis
828 1535 964 1575 litteris,
986 1537 1254 1571 consecrationis
1271 1538 1328 1572 vel
1347 1539 1576 1572 ordinationis
1593 1551 1664 1573 ma-

186 1604 251 1625 nus
277 1592 456 1637 imponat;
493 1591 658 1636 alioquin,
689 1597 724 1625 et
752 1591 981 1632 consecrator,
1013 1598 1177 1638 tanquam
1205 1593 1459 1628 constitutionis
1479 1594 1663 1641 apostolice

185 1647 432 1693 prevaricator,
459 1647 612 1692 graviori
630 1647 802 1693 subjaceat
819 1647 956 1687 ultioni,
985 1654 1019 1682 et
1038 1649 1225 1682 consecrati
1244 1649 1370 1683 elafii-,io
1388 1649 1455 1684 sive
1475 1651 1660 1690 ordinatio,

185 1704 296 1737 donec
310 1702 494 1749 apostolice
512 1702 581 1736 sedi
600 1707 634 1736 et
653 1702 726 1748 ejus
745 1702 964 1737 Cluniacenfi
982 1704 1187 1738 monasterio
1200 1704 1350 1745 satisfiat,
1371 1706 1468 1739 irrita
1483 1706 1661 1741 habeatur.

188 1759 298 1793 Porro
316 1757 511 1805 presbiteris
528 1758 784 1804 parrochialum
806 1757 1023 1793 ecclesiarum
1044 1759 1171 1794 Sancte
1192 1760 1307 1795 Marie
1327 1767 1361 1795 et
1385 1761 1504 1796 831ιὸὶί
1525 1761 1662 1796 Odonis

186 1813 476 1854 Cluniacenfium,
498 1814 657 1860 ejiciendi
672 1819 705 1848 et
720 1813 922 1860 suscipiendi
937 1815 972 1848 in
985 1814 1171 1856 ecclesiam,
1187 1829 1229 1850 ex
1245 1817 1386 1862 antiqua
1398 1818 1660 1858 consuetudine,

185 1871 392 1916 penitentes,
414 1875 448 1904 et
466 1870 638 1916 nuptiales
657 1875 768 1904 cartas
786 1870 944 1910 faciendi,
965 1870 1140 1905 licentiam
1159 1872 1382 1918 indulgemus
1398 1886 1407 1915 ς
1437 1873 1661 1919 prohibentes

184 1934 254 1959 tam
276 1925 567 1960 Matisconensem
587 1926 796 1973 Episcopum
814 1938 915 1971 quam
945 1931 979 1960 et
1005 1926 1090 1960 alios
1107 1927 1208 1974 super
1227 1928 1292 1962 hoc
1310 1928 1366 1962 vel
1384 1927 1485 1974 super
1503 1928 1576 1962 aliis
1593 1941 1660 1974 que

183 1981 307 2016 statuta
324 1981 403 2016 sunt
421 1981 518 2015 vobis
536 1981 706 2016 molestias
724 1981 945 2028 imposterum
964 1984 1132 2028 irrogare.
1184 1983 1219 2017 Si
1238 1984 1313 2029 quis
1332 1984 1438 2030 igitur
1456 1984 1538 2018 ausu
1553 1990 1660 2018 teme-

184 2040 275 2074 rario
287 2039 460 2086 impiaque
473 2038 732 2086 presumptione
751 2044 875 2072 contra
887 2038 1005 2072 Deum
1025 2044 1058 2072 et
1077 2037 1213 2073 sanfitos
1231 2039 1304 2085 ejus
1322 2039 1504 2086 apostolos,
1524 2045 1660 2074 contra-

184 2109 250 2141 que
269 2096 420 2129 animam
440 2095 547 2135 suam,
575 2095 642 2129 hoc
659 2093 774 2128 nostre
792 2093 976 2141 apostolice
994 2094 1214 2128 metm-itatis
1230 2095 1450 2142 privilegium
1479 2096 1514 2129 in
1543 2095 1659 2141 aliquo

185 2151 374 2196 infringere
393 2151 628 2198 temptaverit,
660 2149 908 2184 incunfibanter
925 2150 957 2183 se
976 2150 1114 2184 noverit
1144 2149 1258 2184 nostre
1288 2150 1472 2197 apostolice
1500 2150 1660 2184 maledic-

184 2206 287 2239 tionis
305 2206 427 2241 aculeo
445 2206 724 2254 transpunfiwm,
752 2205 865 2239 nostre
891 2205 1077 2252 apostolice
1103 2206 1474 2240 excommunicationis
1492 2206 1563 2241 telo
1583 2218 1659 2252 per-

184 2259 318 2301 sofl'um,
352 2262 457 2296 nostri
489 2264 593 2297 etiam
620 2261 798 2309 apostolici
827 2261 1058 2295 anathematis
1083 2261 1201 2308 gladio
1228 2262 1557 2302 transverberatum,
1593 2274 1658 2295 nec

185 2317 245 2352 nisi
262 2329 325 2363 per
356 2318 496 2364 dignam
528 2318 792 2353 satisfactionem
825 2318 923 2352 saluti
953 2317 1091 2363 pristine
1123 2317 1367 2364 reparandum.
1421 2317 1464 2352 Ei
1491 2330 1573 2352 vero
1599 2320 1656 2362 qui
