1870 2683
206 285 278 317 834
609 280 925 316 REGISTRUM
953 281 1291 318 MONASTERII

210 378 358 413 nostram
374 376 644 425 appellationem
658 376 716 411 seu
728 377 1014 424 provocationem
1028 378 1118 413 velle
1133 379 1314 420 innovare,
1335 380 1512 426 corrigere
1525 386 1560 416 et
1574 395 1691 417 emen-

213 435 306 474 dare,
334 433 473 473 addere,
502 432 661 467 minuere
680 438 715 467 et
733 433 769 467 in
788 432 939 467 debitam
958 433 1105 469 formam
1133 435 1293 482 redigere
1311 449 1352 470 ac
1369 434 1530 483 prosequi
1548 450 1627 472 cum
1646 438 1692 473 ef-

212 491 307 526 fetfi’m
325 489 485 536 quotiens
504 494 538 523 et
556 489 696 534 quando
714 489 820 523 fuerit
851 495 1068 537 oportunum
1087 497 1121 526 et
1139 491 1240 526 nobis
1258 492 1433 527 videbitur
1451 492 1627 540 expedire,
1659 500 1693 528 et

212 545 312 594 ipfius
330 546 464 593 copiam
483 545 566 579 dare
585 558 660 579 eam
674 545 844 591 legittime
858 547 1003 593 petenti.
1057 547 1139 589 Qua
1152 548 1294 594 quidem
1308 548 1434 583 cedula
1447 561 1510 596 per
1522 561 1578 583 me
1589 549 1692 596 plene

214 608 248 637 et
265 602 336 636 alta
353 615 439 636 voce
457 602 624 649 perleehi,
653 601 755 649 ipfius
774 602 910 649 copiam
930 602 1107 638 Walterus
1126 604 1169 638 de
1188 603 1308 638 Roule
1325 604 1480 651 prefatus
1498 604 1575 639 fieri
1591 605 1692 652 petiit

213 658 271 693 fibi
288 664 392 704 atque
411 658 496 699 dari,
529 671 633 704 quam
651 658 786 705 copiam
804 657 863 692 fibi
880 671 943 705 per
961 671 1017 693 me
1043 659 1119 694 fieri
1146 660 1300 694 decrevit
1319 660 1498 694 Dominus
1516 660 1693 695 Walterus

215 716 257 750 de
277 714 461 750 Chessielm
479 715 644 762 prefatus,
672 719 795 762 petens
812 728 875 762 per
892 728 948 750 me
966 716 1143 751 notarium
1161 715 1389 763 subscriptum
1407 716 1510 763 super
1527 715 1694 764 premiffis

213 772 272 807 fibi
290 773 463 808 conficere
480 773 658 820 publicum
676 772 956 808 instrumentum.
1008 772 1105 807 Aeta
1121 772 1200 807 sunt
1225 772 1290 807 hec
1315 773 1409 820 apud
1427 772 1601 807 ecclefiam
1619 785 1695 820 par-

215 830 405 865 rochialem
424 829 467 864 de
487 829 669 875 Ruthglen
688 829 754 870 die,
775 829 891 864 mense
910 835 944 864 et
961 841 1055 864 anno
1072 828 1289 875 supradffiiis,
1317 828 1533 875 presentibus
1551 841 1697 864 venera-

216 886 341 920 bilibus
358 886 440 921 viris
459 891 494 920 et
512 885 665 920 discretis
683 886 833 920 dominis
852 891 886 920 et
904 884 1072 932 magistris
1092 884 1252 919 Henrico
1271 885 1314 919 de
1335 884 1536 920 lVardelaw
1552 898 1697 932 precen-

216 949 293 977 tore
312 940 449 977 ecclesie
468 941 700 988 Glasguenfis‚
720 941 854 977 Jacobo
873 942 916 976 de
935 941 1099 976 Cochran
1114 941 1283 975 canonico
1299 940 1554 982 Dunkeldenfi,
1575 941 1695 976 Alano

217 1000 259 1034 de
293 999 412 1033 Home
442 1004 613 1046 perpetuo
642 998 772 1033 vicario
801 996 939 1033 eeclefie
969 997 1011 1031 de
1042 997 1226 1043 Ruthglen
1255 997 1426 1044 predffike,
1457 997 1621 1033 Johanne
1653 998 1695 1032 de

219 1055 422 1102 Quhytford
441 1061 475 1089 et
494 1054 659 1089 XVilelmo
679 1055 721 1089 de
753 1053 954 1094 Glasforde,
983 1053 1187 1095 domicellis,
1215 1066 1295 1088 cum
1321 1054 1440 1088 multis
1463 1054 1538 1089 aliis
1555 1053 1696 1089 testibus

219 1112 262 1146 ad
279 1109 439 1159 premissa
455 1111 587 1145 vocatis
605 1116 639 1145 et
656 1109 848 1157 specialiter
867 1110 1008 1155 rogatis.

315 1168 363 1202 Et
377 1181 442 1214 ego
455 1167 573 1201 David
588 1168 631 1201 de
647 1167 832 1213 Streuelyn
847 1166 992 1201 clericus
1007 1165 1259 1200 Sanfi‘ciandree
1271 1164 1423 1206 diocefis,
1432 1165 1590 1213 publicus
1602 1166 1697 1213 apos-

314 1224 420 1259 toliea
438 1229 472 1258 et
489 1223 660 1270 imperiali
678 1223 888 1258 au&oritate
906 1222 1074 1262 notarius,
1105 1222 1302 1268 predifihim
1320 1222 1478 1257 cedulam
1498 1222 1696 1270 hujufinodi

312 1280 583 1327 appellationem
601 1278 659 1313 seu
677 1279 964 1326 provocationem
982 1278 1018 1312 in
1037 1277 1069 1312 le
1088 1278 1340 1319 continentem,
1360 1291 1399 1313 30
1411 1291 1474 1325 per
1486 1291 1541 1313 me
1558 1278 1696 1326 publice

312 1336 503 1383 perlectam
523 1340 629 1382 prout
658 1334 814 1382 superius
845 1334 1058 1374 continetur,
1092 1334 1183 1368 circa
1209 1334 1278 1368 alia
1304 1334 1475 1381 legittime
1494 1340 1694 1382 occupatuS‚

313 1405 376 1439 per
394 1392 501 1426 alium
519 1392 649 1439 copiari
680 1397 715 1426 et
745 1390 925 1425 transcribi
943 1390 1019 1431 feci,
1048 1390 1084 1424 in
1110 1390 1200 1424 hanc
1217 1390 1392 1437 publicam
1410 1392 1558 1426 formam
1577 1392 1696 1438 redegi

313 1454 348 1483 et
365 1447 461 1495 figno
479 1460 558 1482 meo
577 1447 742 1482 consueto
756 1446 896 1493 signavi,
915 1446 1058 1494 prefatis
1077 1446 1131 1480 die
1150 1452 1184 1480 et
1202 1446 1292 1487 loco,
1313 1459 1431 1481 coram
1445 1448 1696 1495 prenominatis

314 1504 465 1545 testibus,
485 1508 628 1550 rogatus
647 1509 681 1538 et
698 1501 889 1549 requisitus,
909 1503 946 1537 in
964 1502 1198 1537 testimonium
1216 1501 1470 1549 premifl'orum.

219 1673 276 1707 De
294 1672 472 1707 taxatione
491 1671 709 1707 ecclesiarum
727 1672 818 1706 infra
835 1669 995 1706 diocefim
1014 1668 1278 1716 Glasguensem.

219 1784 499 1820 UNIVERSIS
518 1790 552 1819 et
570 1783 710 1831 singulis
727 1784 771 1818 ad
789 1795 939 1830 quorum
956 1782 1117 1816 notitiam
1143 1782 1319 1829 presentes
1336 1783 1452 1818 littere
1469 1785 1695 1831 pervenerint

218 1841 241 1877 J
243 1842 398 1876 ohannes
414 1839 634 1889 permissione
652 1840 770 1875 divina
787 1839 890 1874 abbas
901 1838 1098 1873 monasterii
1117 1838 1159 1872 de
1178 1838 1312 1873 Passeto
1325 1845 1359 1874 et
1371 1839 1522 1887 ejusdem
1534 1841 1602 1876 loci
1614 1854 1695 1876 con-

218 1903 356 1938 ventus,
377 1897 508 1931 ordinis
527 1895 772 1937 Cluniacenfis,
790 1893 1011 1941 Glasguenfis
1030 1893 1181 1935 diocefis‚
1201 1895 1345 1930 salutem
1363 1897 1400 1930 in
1419 1897 1576 1931 omnium
1590 1897 1694 1932 salva-

217 1958 305 1988 tore.
358 1952 451 1988 Cum
471 1953 554 1987 olim
572 1954 665 1987 inter
682 1952 915 1987 reverendum
934 1951 970 1985 in
990 1950 1125 1986 Christo
1143 1955 1278 1998 patrem
1297 1952 1479 1987 dominum
1501 1953 1693 1989 Walterum

218 2009 395 2056 quondam
414 2008 612 2057 episcopum
631 2007 881 2055 Glasguensem
900 2020 943 2042 ex
960 2012 1058 2055 parte
1077 2020 1158 2048 una,
1179 2013 1213 2042 et
1231 2007 1408 2055 religiosos
1422 2009 1515 2043 viros
1533 2009 1693 2044 dominos

220 2065 396 2100 Abbatem
415 2071 449 2100 et
467 2071 680 2100 conventum
698 2064 804 2099 nostri
822 2063 1018 2098 monasterii
1036 2063 1079 2098 de
1098 2062 1232 2098 Passeto
1260 2077 1303 2099 ex
1332 2064 1452 2106 altera,
1480 2064 1582 2112 super
1599 2071 1693 2100 taxa-

219 2121 372 2156 tionibus
389 2122 597 2156 vicariarum
626 2121 669 2156 de
698 2120 844 2156 ecclesiis
872 2120 961 2154 infra
988 2119 1159 2154 diocesem
1188 2119 1439 2166 Glasguensem
1466 2122 1509 2156 ad
1539 2121 1692 2156 nostrum

220 2178 464 2212 monasterium
482 2177 681 2225 predifi'wm
698 2176 965 2224 pertinentibuS,
985 2181 1061 2211 orta
1087 2177 1193 2211 fuerit
1220 2178 1366 2212 materia
1382 2177 1566 2224 questionis
1582 2192 1592 2221 3
1620 2183 1693 2212 tan-

221 2233 300 2267 dem
319 2234 433 2268 dictus
448 2233 639 2281 Episcopus
657 2233 700 2268 de
718 2233 861 2281 capituli
878 2233 928 2268 sui
945 2231 1087 2274 affensu,
1108 2239 1143 2268 et
1158 2233 1277 2267 Abbas
1296 2239 1330 2268 et
1348 2240 1542 2270 conventus
1559 2234 1601 2268 de
1617 2234 1693 2268 Passs

219 2289 291 2324 leto
305 2290 364 2335 qui
378 2294 462 2324 tunc
477 2296 586 2330 erant,
606 2291 643 2324 in
656 2290 871 2325 venerabiles
882 2291 975 2325 viros
989 2289 1166 2336 magistros
1182 2289 1376 2336 Hugonem
1390 2290 1692 2325 archiadiaconum

221 2350 256 2379 et
276 2344 472 2380 Robertum
490 2351 733 2392 precentorem
752 2345 890 2382 ecclefie
909 2344 1130 2392 Glalgue'nfis
1142 2350 1177 2381 et
1190 2345 1225 2379 in
1239 2346 1324 2381 alios
1335 2346 1486 2393 collegas
1499 2345 1691 2381 eorundem
