1839 2652
723 262 793 297 DE
822 262 1091 298 PASSELET.
1576 266 1646 303 970

1625 294 1639 302 u

170 358 323 392 Romani
343 357 524 392 Pontificis
552 363 587 393 et
615 357 851 394 Cluniacenfis
870 359 1019 394 Abbatis
1037 366 1208 407 cogantur
1226 360 1277 394 ire
1303 358 1473 406 synodum
1492 359 1547 394 vel
1567 372 1648 393 con-

168 419 324 449 ventum.
377 414 467 449 Sane
494 427 558 461 pro
576 414 719 456 abbatis,
751 416 1003 450 monachorum
1032 416 1091 450 seu
1122 416 1329 450 clericorum
1357 415 1446 449 infra
1471 415 1648 462 predictos

169 471 338 505 terminos
356 470 587 505 habitantium
608 472 840 512 ordinatione,
861 485 925 519 pro
944 471 1109 506 crismatis
1128 472 1361 511 confectione,
1380 484 1445 518 pro
1464 470 1547 505 sacri
1567 471 1646 511 olei,

168 526 398 567 ecclesiarum,
419 527 579 562 altarium
607 533 642 562 et
660 528 911 562 cimiteriorum
930 527 1201 568 consecratione,
1235 526 1463 562 Cluniacense
1482 527 1648 561 monaste-

169 584 260 618 rium
278 596 382 629 quem
400 583 563 618 maluerit
589 583 774 618 antistitem
802 590 974 618 convocet
990 599 999 626 ;
1032 582 1277 618 Cluniacenses
1295 584 1485 617 monachos
1503 583 1648 618 ubilibet

168 639 364 674 habitantes
381 639 478 673 nulla
496 640 640 674 omnino
658 639 805 686 persona
821 646 940 687 preter
959 639 1162 673 Romanum
1194 639 1400 673 Pontificem
1419 645 1455 674 et
1473 639 1648 686 Legatum

169 695 229 740 qui
258 695 302 730 ad
332 695 399 729 hoc
426 693 541 729 miffus
570 695 676 730 fuerit
707 695 987 730 excommunicet
1016 700 1077 729 aut
1103 696 1207 729 etiam
1235 696 1443 738 interdicat3
1482 696 1595 730 Porro
1625 696 1648 730 fi

170 751 373 791 monachus,
402 750 548 785 clericus
566 756 626 785 aut
644 751 751 786 laicus
768 750 835 786 five
854 751 1033 798 cujussibet
1052 752 1183 785 ordinis
1212 750 1473 798 profeffionisve
1490 752 1646 799 persona,

171 805 231 840 nifi
259 807 349 841 forte
377 811 473 841 certa
500 807 544 841 de
574 806 673 841 causa
703 806 1005 842 excommunicata
1022 804 1071 845 fit,
1105 805 1387 840 Cluniacenfium
1422 806 1648 841 claustrorum

172 861 362 897 mansiones
381 863 537 909 elegerit,
557 862 681 909 absque
699 863 845 910 alicujus
864 862 1143 897 contradictione
1157 861 1370 908 luscipiatur,
1391 867 1426 896 et
1443 875 1509 908 que
1529 863 1570 897 de
1589 862 1649 897 suo

167 918 249 964 jure
279 919 435 953 attulerit
452 918 560 953 libere
578 932 598 953 a
616 919 824 954 monasterio
842 918 1037 952 habeantur
1053 931 1062 959 ;
1093 917 1242 957 Altaria,
1262 918 1431 952 cimiteria
1457 923 1492 952 et
1518 918 1650 952 decime

174 972 455 1008 Cluniacenfium
473 975 726 1009 monachorum
745 980 780 1009 et
798 985 1004 1020 quecunque
1017 972 1107 1020 juris
1126 985 1247 1007 eorum
1266 972 1345 1008 sunt
1364 987 1384 1007 a
1401 974 1541 1008 nemine
1558 976 1652 1009 aufe-

174 1034 298 1064 rantur
316 1029 372 1064 vel
390 1030 598 1065 minuantur
614 1045 623 1073 3
654 1031 712 1065 De
730 1031 909 1065 monachis
927 1035 987 1063 aut
1005 1028 1220 1063 monasteriis
1247 1029 1533 1064 Cluniacenfibus
1564 1032 1652 1065 nulli

175 1084 429 1132 episcoporum,
447 1084 541 1121 salvo
550 1087 632 1134 jure
647 1087 815 1121 canonico
828 1085 851 1119 fi
864 1086 959 1132 quod
974 1086 1010 1119 in
1024 1085 1072 1119 eis
1083 1085 1223 1125 habent,
1240 1085 1342 1120 liceat
1354 1086 1525 1133 judicare,
1542 1085 1599 1122 sed
1610 1089 1652 1122 ab

177 1140 317 1176 Abbate
336 1141 556 1177 Cluniaeenfi
578 1143 711 1190 justitia
728 1143 939 1189 requiratur,
967 1153 1070 1187 quam
1099 1139 1121 1174 fi
1147 1141 1239 1188 apud
1259 1154 1339 1176 eum
1358 1143 1516 1177 invenire
1534 1146 1653 1190 neqni-

176 1198 276 1238 verit,
297 1198 341 1232 ad
358 1197 473 1233 sedem
492 1198 712 1246 apostolicam
731 1203 957 1240 recurratur;
980 1197 1023 1231 In
1042 1197 1191 1231 abbaciis
1209 1211 1276 1243 que
1295 1211 1374 1233 cum
1393 1198 1459 1233 suis
1475 1199 1654 1235 abbatibus

177 1253 390 1288 ordinationi
419 1253 655 1289 Cluniacenfis
685 1254 883 1288 monasterii
913 1254 992 1288 date
1022 1252 1112 1294 sunt,
1143 1254 1305 1289 videlicet
1333 1255 1452 1289 Sancti
1480 1256 1655 1291 Martialisv

178 1309 445 1351 Lemovicenfis,
467 1310 586 1345 Sancti
613 1311 765 1358 Eparchi
793 1308 1072 1356 Engolismenfis,
1105 1309 1302 1344 monasterii
1321 1311 1403 1345 novi
1432 1311 1653 1353 Pictavenfis,

179 1366 299 1400 Sancti
316 1365 489 1402 Johannis
508 1365 783 1413 Angeriacenfis,
810 1365 1006 1400 monasterii
1026 1364 1226 1405 Lesatenfis,
1260 1365 1513 1413 Moyfiacenfis‚
1544 1368 1573 1402 F
1575 1369 1657 1415 igia-

179 1421 296 1463 cenfis,
317 1422 437 1457 Sancti
457 1423 574 1469 Egidii
593 1421 857 1464 Nemausenfis3
892 1421 936 1455 In
950 1422 1138 1462 Arvernia,
1163 1421 1422 1463 Mauziacenfis,
1444 1423 1653 1465 Tiernenfis,

179 1477 412 1521 Menatenfis;
434 1478 479 1513 In
493 1478 691 1526 episcopatu
705 1477 866 1518 Eduenfi,
884 1477 1145 1520 Vizeliacenfis3
1168 1478 1212 1512 In
1228 1478 1514 1521 Autifiodorenfi,
1536 1481 1655 1516 Sancti

179 1533 351 1569 Germani
366 1549 375 1578 3
395 1535 438 1569 In
451 1534 703 1576 Cameracenfi,
722 1533 1036 1576 Hunulcurtenfis3
1055 1534 1099 1568 In
1113 1534 1399 1581 Rothomagenfi,
1414 1535 1550 1570 abbatia
1565 1539 1658 1584 apud

179 1590 407 1634 Pontisaram3
423 1591 467 1625 In
477 1590 728 1632 Tarvennenfi,
739 1589 1001 1626 SanctiBertini
1009 1595 1041 1624 et
1051 1590 1171 1624 Sancti
1181 1589 1344 1632 Wlmari3
1362 1591 1405 1625 In
1414 1591 1526 1632 Italia,
1537 1592 1657 1627 Sancti

180 1645 364 1681 Benedicti
377 1646 479 1694 super
491 1647 637 1688 Padum,
657 1646 726 1682 fine
742 1644 978 1682 Cluniacenfis
994 1645 1141 1680 Abbatis
1159 1653 1326 1694 precepto
1339 1647 1442 1682 abbas
1455 1649 1657 1684 nullatenus

180 1702 340 1748 eligatur.
394 1702 464 1737 Pro
482 1703 648 1738 altaribus
666 1709 701 1738 et
719 1701 867 1737 ecclefiis
892 1700 960 1736 five
987 1702 1128 1736 decimis
1154 1702 1284 1743 vestris,
1304 1704 1394 1738 nulli
1414 1704 1657 1752 episcoporum

182 1758 326 1792 facultas
343 1756 382 1792 fit
399 1771 588 1804 gravamen
601 1759 699 1794 vobis
717 1759 859 1805 aliquod
873 1765 933 1793 aut
945 1759 1115 1794 molestias
1133 1760 1291 1807 irrogare
1305 1776 1314 1803 ;
1334 1761 1393 1796 ied
1408 1761 1502 1803 ficut,
1516 1764 1658 1810 promis-

180 1815 285 1855 iione,
301 1815 450 1860 quedam
466 1829 588 1850 eorum
604 1830 645 1851 ex
658 1822 766 1863 parte,
781 1817 930 1863 quedam
946 1829 989 1850 ex
1003 1816 1141 1863 integro
1156 1816 1328 1858 habuistis,
1342 1818 1390 1852 ita
1404 1824 1439 1853 et
1453 1819 1488 1852 in
1500 1819 1658 1854 futurum

181 1870 352 1913 habeatis;
370 1871 600 1906 Ecclefiarum
615 1872 803 1907 vestrarum
816 1873 966 1907 decimas
978 1885 1046 1918 que
1061 1885 1081 1906 a
1094 1872 1188 1906 laicis
1201 1873 1417 1915 obtinentur,
1434 1873 1458 1909 fi
1468 1874 1657 1910 secundum

182 1927 304 1961 Deum
334 1939 454 1961 eorum
483 1927 642 1974 potestati
671 1928 872 1963 subtrahere
902 1927 1011 1963 vestre
1030 1928 1209 1975 religionis
1227 1930 1425 1964 reverentia
1447 1932 1588 1977 poterit,
1617 1933 1659 1965 ad

181 1982 327 2017 vestram
340 1988 374 2017 et
386 1995 577 2029 pauperum
590 1984 881 2029 gubernationem
894 1984 992 2019 vobis
1004 1984 1105 2019 liceat
1117 1984 1304 2031 poflidere3
1320 1985 1485 2020 Decimas
1500 1987 1657 2021 laborum

181 2038 374 2073 vestrorum
392 2051 456 2085 pro
475 2039 599 2084 quibus
616 2046 687 2074 tam
705 2053 767 2074 vos
785 2053 889 2086 quam
907 2040 993 2074 alios
1010 2041 1196 2074 monastice
1215 2041 1393 2086 religionis
1411 2042 1504 2075 viros
1527 2043 1659 2088 inquie-

182 2099 257 2128 tare
276 2093 425 2141 episcopi
438 2094 661 2135 consuerunt,
680 2096 822 2130 illorum
840 2096 1003 2130 videlicet
1020 2109 1107 2141 quos
1126 2097 1397 2130 dominicaturas
1409 2097 1586 2144 appellant
1601 2101 1657 2145 qui

183 2149 294 2183 vestro
312 2148 451 2196 sumptu
469 2163 489 2183 a
506 2151 684 2185 monachis
702 2157 737 2186 et
755 2152 922 2186 cellarum
940 2151 1130 2186 vestrarum
1146 2152 1330 2186 clientibus
1348 2153 1570 2194 excoluntur,
1589 2153 1659 2189 fine

184 2205 280 2239 omni
299 2203 538 2252 episcoporum
566 2211 600 2240 et
628 2206 872 2253 episcopalium
902 2208 1138 2242 ministrorum
1170 2210 1462 2251 contradi&ione‚
1495 2211 1658 2259 deinceps

183 2261 332 2306 quietius
350 2261 514 2301 habeatis,
542 2262 600 2308 qui
628 2262 739 2296 vestra
768 2264 962 2309 peregrinis
987 2264 1150 2299 fratribus
1182 2270 1216 2299 et
1245 2266 1455 2313 pauperibus
1481 2268 1655 2313 erogatis3

184 2315 334 2351 Ecclefie
347 2329 467 2352 omnes
481 2330 548 2363 que
562 2317 830 2365 ubilibetpofite
849 2318 928 2353 sunt
945 2319 1003 2354 seu
1022 2321 1153 2367 capelle
1170 2321 1280 2357 vestre
1299 2329 1333 2357 et
1351 2323 1530 2365 cimiteria,
1551 2323 1657 2358 libera
