1870 2683
188 274 258 312 378
590 267 906 302 REGISTRUM
936 267 1276 304 MONASTERII

190 379 266 401 mee
285 370 320 400 et
337 365 451 399 anime
472 363 595 397 Esabel
613 363 732 397 uxoris
750 375 826 397 mee
846 369 880 397 et
898 364 1092 398 animarum
1112 365 1269 398 omnium
1288 364 1537 401 antecefforum
1555 373 1589 402 et
1603 367 1674 403 suc-

192 421 360 456 cefforum
379 419 588 458 nostrorum,
617 417 796 465 refignaffe
816 424 850 453 et
868 418 998 453 sursum
1018 418 1200 454 reddidiffe
1218 433 1282 467 pro
1303 433 1368 460 me,
1389 422 1573 456 heredibus
1591 425 1675 458 meis

194 475 439 512 executoribus
458 480 492 509 et
509 473 694 520 assignatis,
722 474 887 520 religiosis
906 474 987 508 viris
1007 474 1136 508 Abbati
1157 481 1191 509 et
1209 477 1400 510 conventui
1419 478 1614 512 monasterii
1632 479 1675 513 de

195 532 338 572 Passeto,
359 531 491 566 ordinis
510 530 757 570 Cluniaceulis‚
779 529 1000 577 Glasguenfis
1015 530 1166 571 dioeefis,
1186 545 1290 566 omne
1302 532 1362 579 jus
1377 539 1410 567 et
1425 533 1594 568 clameum
1609 548 1676 580 que

192 589 275 624 mihi
294 592 512 634 competunt,
532 587 792 633 competierunt
810 586 865 620 vel
884 592 1082 633 competere
1095 594 1263 634 poterunt
1279 588 1313 621 in
1330 589 1487 623 futurum
1504 603 1565 636 per
1581 590 1677 624 here-

194 646 253 679 des
272 643 411 678 Thome
442 643 485 676 de
517 642 671 676 Freland
689 642 866 688 quondam
886 642 1061 689 burgenfis
1093 644 1135 678 de
1168 644 1350 690 Ruthglen
1369 645 1424 679 vel
1444 646 1526 679 alias
1543 645 1678 691 quovis-

194 700 310 740 modo,
330 700 367 733 in
385 699 446 733 illo
465 704 669 733 tenemento
688 699 782 745 quod
801 699 992 745 vulgariter
1018 699 1277 743 Tltendelzows'
1295 708 1529 748 nuncupatur,
1544 702 1678 748 jacenti

195 758 230 791 in
248 756 332 791 villa
349 756 391 789 de
412 755 597 801 Ruthglen
618 756 652 789 in
671 756 748 790 vieo
767 755 825 801 qui
845 756 972 789 dicitur
990 755 1023 789 la
1044 755 1241 803 VVatryraw
1259 757 1350 790 inter
1368 763 1497 791 terram
1512 770 1578 802 que
1597 757 1679 791 dici-

195 820 253 847 tur
271 811 463 858 Gelyssand
481 823 523 844 ex
542 817 640 857 parte
661 812 820 846 orientali
840 825 883 845 ex
900 817 998 858 parte
1027 825 1107 852 una,
1129 820 1163 847 et
1180 819 1309 847 terram
1330 813 1477 848 Roberti
1498 813 1678 847 Thomson

197 882 239 903 ex
256 873 354 915 parte
374 867 579 901 occidentali
598 873 697 914 parte
718 880 759 901 ex
778 867 897 901 altera.
951 867 1163 902 Tenendum
1195 875 1229 903 et
1256 869 1454 903 habendum
1481 870 1677 916 preilie'tnm

198 930 438 960 tenementum
458 924 560 958 diffis
578 925 661 957 viris
691 923 856 969 religiolis
876 930 910 958 et
928 936 1049 957 eorum
1070 923 1313 959 succefforibus
1330 938 1350 958 a
1368 938 1422 958 me
1441 932 1475 959 et
1494 925 1679 960 heredibus

198 982 294 1021 meis,
314 981 398 1014 meis
417 980 661 1014 executoribus
681 986 715 1014 et
733 977 905 1025 affignatis
923 980 1192 1026 imperpetuum,
1213 994 1292 1015 cum
1311 981 1471 1015 omnibus
1490 981 1679 1015 commodi—

199 1037 338 1077 tatibus,
358 1035 574 1070 libertatibus
593 1041 627 1070 et
645 1035 838 1069 aliamentis
865 1035 909 1069 ad
937 1036 1070 1070 dietum
1098 1042 1337 1071 tenementum
1369 1036 1604 1084 speetantibns
1621 1037 1679 1072 seu

199 1094 426 1142 quovismodo
444 1093 599 1141 speetare
617 1093 814 1128 valentibus
834 1093 867 1126 in
887 1093 1056 1131 futurum,
1078 1091 1195 1132 libere,
1216 1092 1342 1138 quiete,
1363 1093 1498 1137 integre
1517 1099 1551 1126 et
1570 1093 1679 1126 110110-

199 1151 305 1191 rifice,
325 1151 413 1185 bene
433 1156 467 1184 et
485 1151 520 1183 111
539 1163 633 1196 paee,
650 1150 686 1183 in
705 1149 867 1183 omnibus
886 1155 920 1183 et
938 1161 999 1195 per
1014 1148 1153 1189 oninia3
1184 1148 1280 1181 Nihil
1294 1148 1388 1181 alind
1402 1149 1484 1181 mihi
1499 1149 1678 1182 annuatim

200 1207 380 1241 reddendo
398 1206 455 1240 vel
473 1205 658 1239 heredibus
677 1205 760 1238 meis
779 1203 839 1238 11111
858 1205 1057 1238 orationum
1075 1203 1235 1249 suffragia
1253 1204 1470 1238 devotarum.
1524 1203 1567 1237 In
1583 1203 1681 1250 cujus

200 1263 251 1297 rei
269 1262 514 1301 testimonium,
534 1260 771 1307 quiafigillum
787 1273 904 1295 meum
923 1260 1102 1307 proprium
1123 1259 1170 1292 est
1187 1260 1301 1293 minus
1320 1260 1510 1305 cognitum,
1534 1258 1680 1306 figillum

202 1331 387 1353 commune
399 1318 500 1364 burgi
516 1318 558 1352 de
569 1317 750 1363 Ruthglen
766 1330 844 1351 cnm
858 1316 1016 1350 instantia
1028 1314 1242 1362 presentibus
1254 1316 1379 1362 apponi
1393 1316 1577 1362 procuravi
1589 1316 1682 1362 apud

204 1375 386 1421 Ruthglen
405 1374 666 1421 quartodecimo
682 1374 738 1408 die
756 1371 878 1407 menfis
897 1372 1065 1407 Oetobris
1083 1384 1175 1405 anno
1194 1371 1341 1405 Domini
1360 1376 1403 1405 M⁰
1422 1375 1530 1406 0000ο
1547 1372 1680 1418 quinte.

204 1543 311 1577 Carta
331 1542 479 1577 Roberti
498 1542 630 1577 domini
650 1542 692 1576 de
713 1541 844 1580 Polloe,
865 1541 908 1574 de
927 1540 1109 1575 duodecim
1130 1540 1279 1574 denariis
1298 1540 1333 1573 in
1352 1540 1453 1573 terris
1472 1539 1635 1586 ejusdem.

204 1655 483 1691 UNIVERSIS
515 1654 641 1690 Christi
671 1654 831 1688 fidelibus
848 1652 987 1700 presens
1005 1652 1168 1698 ieriptum
1187 1651 1308 1685 vituris
1327 1651 1381 1685 vel
1410 1651 1580 1685 audituris
1608 1651 1681 1685 Ro-

203 1711 322 1746 bertus
339 1711 430 1745 filius
450 1711 599 1745 Roberti
618 1711 660 1744 de
681 1710 802 1744 Polloc
820 1709 965 1744 iiilutem
995 1708 1031 1741 in
1062 1707 1230 1741 Domino.
1283 1707 1399 1741 Sciant
1418 1712 1487 1740 tam
1507 1705 1681 1753 presentes

204 1781 307 1813 quam
319 1768 428 1802 futuri
446 1780 513 1808 me,
534 1767 650 1801 divine
669 1767 820 1801 caritatis
839 1766 981 1803 intuitu,
1004 1769 1037 1797 et
1052 1776 1115 1810 pro
1127 1762 1306 1796 animabus
1327 1762 1472 1796 Walteri
1492 1763 1552 1796 filii
1577 1763 1680 1796 Alani

205 1830 239 1858 et
266 1824 374 1858 Alani
393 1824 454 1857 filii
472 1822 533 1863 1111,
562 1828 596 1857 et
613 1836 677 1869 pro
695 1822 875 1856 animabus
895 1821 991 1856 Petri
1009 1821 1051 1854 de
1071 1820 1193 1854 Polloc
1212 1826 1246 1854 et
1266 1820 1414 1854 Roberti
1442 1820 1504 1853 filii
1524 1819 1680 1854 Fulberti

204 1885 238 1914 et
256 1892 320 1926 pro
338 1879 516 1913 animabus
535 1880 690 1913 omnium
709 1876 961 1912 antecessorum
980 1890 1150 1918 meorum,
1182 1890 1322 1911 necnon
1340 1883 1374 1911 et
1392 1890 1456 1924 pro
1477 1877 1584 1911 salute
1613 1877 1680 1911 mei

204 1933 305 1982 ipsius
323 1941 357 1969 et
374 1936 494 1969 uxoris
512 1948 587 1968 mee
605 1940 639 1968 et
660 1934 827 1968 heredum
848 1947 1018 1974 meorum,
1038 1946 1118 1968 cum
1136 1933 1302 1967 eonlensu
1329 1939 1364 1967 et
1390 1933 1480 1967 bona
1499 1933 1680 1967 voluntate

204 1990 368 2038 ipsorum,
397 1989 524 2025 dediffe
542 1999 576 2025 et
595 1989 787 2025 eoncessifl'e
806 1996 840 2024 et
859 1991 921 2024 hae
939 1990 1088 2037 presenti
1107 1995 1201 2023 carta
1219 2002 1295 2023 mea
1314 1987 1527 2023 confirmaffe
1548 1989 1628 2023 Deo
1647 1994 1680 2022 et

206 2048 337 2082 saneto
354 2047 488 2083 ‚Iacobo
507 2054 541 2081 et·
559 2047 689 2081 Saneto
710 2046 845 2080 Mirino
860 2052 894 2080 et
910 2046 1037 2080 Sanete
1057 2045 1236 2091 Milburge
1252 2045 1294 2079 de
1310 2044 1443 2078 Passeto
1458 2050 1492 2078 et
1504 2044 1681 2078 monachis

205 2104 333 2138 ibidem
353 2104 433 2138 Deo
447 2103 684 2143 servientibus,
705 2103 740 2136 in
759 2115 893 2149 puram,
910 2103 1053 2136 liberam
1073 2106 1106 2135 et
1124 2107 1329 2148 perpetuam
1344 2099 1574 2140 elemosinam,
1596 2100 1680 2134 duo-

208 2160 318 2193 decim
337 2160 496 2194 denarios
515 2159 558 2193 de
575 2159 676 2192 firma
693 2164 786 2192 terre
804 2171 880 2192 mee
899 2158 941 2192 de
961 2158 1083 2192 Polloc
1102 2157 1157 2191 libi
1176 2157 1357 2191 annuatim
1376 2157 1419 2190 ad
1438 2163 1553 2190 certos
1565 2156 1681 2190 termi-

207 2227 270 2248 nos
301 2215 552 2261 percipiendos,
584 2214 712 2249 scilicet
729 2213 786 2248 sex
805 2214 965 2248 denarios
995 2214 1038 2247 ad
1072 2212 1297 2247 Pentecosten
1325 2218 1358 2246 et
1386 2211 1443 2245 sex
1461 2212 1620 2245 denarios
1638 2211 1680 2244 ad

209 2269 330 2304 festum
357 2270 476 2304 saneti
503 2270 662 2304 Martini.
716 2268 782 2316 Ipfi
801 2269 904 2303 etiam
923 2269 1084 2303 monachi
1103 2281 1157 2303 me
1177 2275 1211 2302 et
1229 2268 1373 2302 heredes
1392 2281 1487 2301 ineos
1506 2268 1540 2300 in
1558 2267 1681 2300 fratres

207 2324 429 2372 susceperunt
446 2332 481 2360 et
498 2326 534 2360 in
552 2326 713 2360 omnibus
732 2326 830 2360 bonis
847 2338 915 2372 que
931 2338 994 2372 per
1012 2330 1126 2359 totum
1138 2324 1297 2358 ordinem
1310 2322 1574 2357 Cluniaeensem
1591 2322 1679 2355 fiunt
