1870 2683
185 270 256 304 438
583 262 898 299 REGISTRUM
925 262 1261 301 MONASTERII

188 361 418 410 Glasgwenfis
436 358 587 400 diocesis,
614 371 768 394 unacum
779 359 988 407 quibusdam
1005 359 1080 394 aliis
1095 360 1135 395 in
1163 361 1229 395 hac
1244 366 1344 408 parte
1361 362 1484 398 nostris
1501 364 1653 412 collegiS,

188 433 267 456 cum
285 419 344 453 illa
361 416 524 456 clausula,
549 416 734 458 Quatenus
751 427 812 450 vos
829 416 884 450 vel
899 416 967 450 duo
985 420 1048 450 aut
1063 427 1161 451 unus
1173 417 1336 464 vestrum,
1355 423 1464 465 prout
1478 418 1516 453 in
1531 419 1656 455 litteris

186 474 378 523 apostolicis
390 471 536 519 desuper
547 471 716 506 CO11fe6'cis
728 471 865 518 plenius
877 471 1090 512 continetur,
1098 473 1227 507 curatis
1239 473 1461 508 ecclesiarum
1472 474 1515 509 de
1524 474 1657 511 Passeto

186 542 325 566 necnon
342 527 508 563 universis
527 533 561 562 et
578 526 719 574 fingulis
738 527 957 562 ecclesiarum
974 527 1181 569 rectoribus,
1196 529 1343 570 vicariis,
1359 530 1536 577 perpetuis
1547 531 1659 578 capel-

186 587 284 627 lanis,
313 585 442 620 curatis
472 590 506 619 et
535 596 608 618 non
627 584 766 624 curatis,
794 584 885 618 infra
911 596 1061 630 regnum
1092 584 1208 619 Scotie
1238 585 1384 620 ubilibet
1414 585 1607 621 constitutis
1623 593 1658 623 et

185 644 286 691 super
304 641 510 677 executione
528 639 740 687 presentium
760 640 875 674 debite
893 638 1070 685 1-equifitiS‚
1089 639 1235 674 salutem
1252 640 1290 674 in
1307 639 1466 675 Domino
1484 646 1519 676 et
1535 641 1658 677 nostris

184 699 420 747 ymmoverius
434 697 627 745 apostolicis
642 697 789 731 firmiter
804 697 946 732 obedire
960 696 1141 730 mandatis.
1168 694 1280 730 Vobis
1294 700 1329 730 et
1341 695 1493 731 vestrum
1504 697 1656 739 cuilibet,

184 757 221 790 in
238 756 368 790 virtute
387 754 583 789 obedientie
602 766 641 788 ac
659 754 869 788 auctoritate
898 751 1082 799 apostolica
1099 751 1200 786 nobis
1216 752 1253 786 in
1270 752 1335 786 hac
1352 758 1452 800 parte
1470 753 1655 795 commiffa,

183 811 244 846 sub
262 824 352 859 pena
369 809 594 858 suspensionis
613 823 633 844 a
651 810 778 844 divinis
796 822 898 856 quam
912 810 948 843 in
962 822 1023 843 vos
1042 814 1076 843 et
1093 808 1283 854 quemlibet
1300 808 1450 844 vestrum
1464 809 1607 846 ferimus
1620 811 1658 845 in

182 869 249 903 hiis
265 867 398 915 scriptis
415 866 439 901 fi
456 866 579 901 nostris
611 867 646 900 in
677 867 741 900 hac
759 872 857 913 parte
875 865 1046 900 mandatis
1076 877 1150 898 non
1182 865 1377 911 parueritis,
1403 865 1520 901 striffiae
1548 867 1657 913 preci-

183 925 312 972 piendo
326 923 531 958 mandamus
549 928 721 969 quatenus
734 923 845 956 citetis
856 922 1022 968 legitime,
1038 920 1096 955 seu
1111 920 1199 955 alter
1212 920 1362 956 vestrum
1374 922 1467 963 citet,
1479 922 1604 969 primo,
1620 927 1656 957 2⁰

183 984 230 1022 3⁰,
258 981 363 1016 unico
381 985 499 1015 tamen
518 984 697 1019 contextu,
717 978 777 1012 sub
795 978 924 1025 triplici
942 978 1058 1012 edicto
1077 982 1112 1012 et
1128 976 1374 1024 peremptorie,

1451 1102 1516 1125 nos
1532 1096 1655 1127 tenore

184 1148 396 1197 presentium
411 1149 556 1182 citamus
568 1147 662 1192 quod
677 1151 875 1193 compareat
889 1148 1044 1191 [coram]
1059 1144 1158 1179 nobis
1171 1144 1230 1179 seu
1243 1143 1473 1191 subdelegatis
1485 1151 1546 1182 aut
1563 1159 1656 1182 com-

183 1204 336 1240 missariis
354 1203 476 1238 nostris
493 1202 651 1250 pluribus
669 1207 729 1236 aut
747 1215 818 1236 uno
837 1202 930 1249 apud
950 1201 996 1235 N.
1016 1200 1071 1235 vel
1090 1200 1137 1234 N.

184 1262 239 1296 die
614 1259 766 1306 juridica
785 1259 876 1293 diem
896 1256 1111 1292 executionis
1129 1255 1341 1302 presentium
1358 1268 1468 1303 prope
1486 1262 1522 1292 et
1537 1257 1657 1293 imme-

184 1318 275 1352 diate
292 1317 469 1363 sequente,
497 1316 585 1350 hora
616 1314 795 1349 causarum
815 1313 978 1349 consueta
996 1318 1076 1347 ante
1095 1311 1287 1352 meridiem,
1314 1312 1456 1358 prefatis
1474 1312 1604 1348 Abbati
1622 1320 1656 1349 et

183 1373 373 1408 conventui
393 1372 435 1406 de
456 1371 589 1406 Passeto
608 1371 663 1406 vel
682 1371 749 1405 suis
767 1369 1052 1418 procuratoribus
1069 1367 1171 1415 super
1200 1367 1258 1402 fibi
1288 1367 1489 1415 objiciendis
1518 1369 1656 1417 respon·

184 1429 293 1470 surus,
308 1434 342 1464 et
355 1428 429 1476 juri
447 1428 636 1474 pariturus,
656 1427 716 1462 sub
734 1440 826 1475 pena
838 1424 1208 1461 excommunicationis
1221 1424 1371 1471 majoris.
1424 1424 1471 1459 Et
1481 1425 1656 1472 presentes

184 1486 297 1521 debite
316 1491 489 1525 executaS‚
518 1485 621 1525 diem,
652 1485 780 1524 locum,
808 1484 956 1518 formam
987 1486 1021 1516 et
1051 1481 1195 1515 nomina
1220 1480 1356 1515 testium
1373 1480 1654 1516 subscribentium

183 1543 373 1578 earundem
401 1542 538 1576 reddite
568 1541 682 1576 latori.
748 1540 883 1575 Datum
913 1538 974 1573 sub
1006 1536 1115 1583 sigillo
1145 1535 1260 1570 nostro
1288 1536 1382 1583 apud
1411 1536 1654 1572 monasterium

183 1599 338 1633 nostrum
358 1598 400 1632 de
420 1597 549 1632 Culros
568 1597 623 1631 die
964 1606 1056 1629 anno
1077 1593 1225 1627 Domini
1244 1597 1287 1626 ΜΟ
1305 1596 1444 1627 eccce0.

184 1766 442 1813 Subdelegatio.

183 1877 460 1915 JOHANNES
487 1877 559 1911 Dei
588 1877 758 1924 patientia
784 1876 887 1910 abbas
912 1874 1108 1909 monasterii
1136 1874 1179 1908 de
1208 1873 1342 1921 Cupro,
1370 1874 1502 1909 ordinis
1532 1874 1655 1910 Cister-

184 1933 312 1975 cienfis,
342 1933 594 1968 Sanffiandree
621 1931 771 1973 diocefis,
794 1932 906 1979 judex
924 1938 958 1967 et
977 1931 1198 1967 conservator
1215 1944 1236 1966 a
1251 1930 1330 1966 sede
1348 1931 1533 1979 apostolica
1550 1933 1655 1980 depu-

182 1995 274 2025 tatus
291 1990 393 2037 super
410 1989 602 2036 privilegiis
622 1986 783 2023 oonceffis
803 1988 934 2023 Abbati
953 1994 987 2022 et
1015 1988 1204 2022 conventui
1222 1987 1265 2022 de
1285 1986 1418 2022 Passeto
1437 1993 1472 2022 et
1489 1988 1655 2024 monaste-

182 2047 235 2081 rio
254 2045 457 2085 eorundem,
487 2045 618 2079 ordinis
637 2043 882 2084 Cluniacenfis,
904 2042 1134 2090 Glasgwenfis
1152 2042 1302 2083 diocefis,
1330 2055 1402 2077 una
1423 2056 1503 2078 cum
1520 2043 1654 2090 quibus-

184 2103 263 2137 dam
280 2102 355 2136 aliis
372 2101 494 2135 nostris
515 2101 551 2134 in
569 2101 633 2135 hac
651 2106 748 2148 parte
768 2100 921 2147 collegis,
943 2112 1022 2134 cum
1041 2099 1100 2133 illa
1118 2097 1278 2139 clausula,
1308 2099 1493 2142 Quatenus
1509 2111 1569 2134 ‘vos
1586 2101 1653 2135 duo

183 2162 245 2192 aut
262 2169 357 2192 vunus
374 2157 537 2203 vistrum,
558 2156 749 2191 venerabili
766 2157 857 2203 patri
876 2155 1031 2190 Vilelmo
1049 2154 1164 2189 abbati
1181 2155 1224 2189 de
1244 2154 1498 2202 Kylwynnyng
1514 2167 1653 2190 necnon

185 2212 440 2260 circumspeetis
466 2213 548 2258 viris
575 2212 743 2260 magistris
761 2212 916 2248 ,Iohanni
936 2211 1115 2246 Crechton
1140 2211 1350 2258 precentori,
1383 2210 1543 2246 Martino
1563 2211 1652 2246 &Van

184 2268 402 2309 cancellario,
424 2268 588 2303 Gilberto
609 2268 721 2303 Rerik
735 2268 992 2308 archidiacono,
1013 2266 1151 2301 Thome
1170 2266 1304 2315 Forsyt,
1325 2267 1500 2302 canonicis
1515 2266 1652 2302 ecclefie

184 2323 390 2359 cathedralis
408 2324 651 2371 Glasgwenfiffi
681 2330 715 2360 et
733 2324 939 2370 [VVilelmo]
959 2323 1089 2358 Forbas
1106 2321 1279 2371 preposito
1306 2321 1444 2358 ecclefie
1471 2322 1651 2369 collegiate
