1870 2683
748 264 818 299 DE
848 263 1115 300 PASSELET.
1603 272 1669 302 3ss

189 419 294 454 Bulla
311 420 353 454 de
374 419 651 466 sequestratione.

187 531 432 566 CLEMENS
450 531 629 579 episcopus
646 532 764 566 servus
782 531 961 566 servorum
982 531 1051 566 Dei
1069 532 1206 567 dilectis
1223 533 1302 567 filiis
1325 533 1451 568 Abbati
1466 538 1500 568 et
1515 546 1665 570 conven-

185 588 237 621 tui
256 587 451 622 monasterii
471 588 513 622 de
534 585 715 628 Paffeleth,
738 587 973 622 Cluniacenfis
992 589 1134 629 ordinis,
1156 588 1378 636 Glasguenfis
1396 589 1547 631 diocefis‚
1579 591 1668 626 salu-

185 649 255 678 tem
275 649 311 678 et
327 643 549 690 apostolicam
566 643 862 678 benedictionem.
915 642 1103 678 Defideriis
1121 645 1239 679 vestris
1266 646 1303 680 in
1334 646 1399 680 hiis
1425 645 1552 681 affeetu
1571 647 1666 682 beni-

184 699 266 733 volo
285 698 452 733 debemus
469 712 626 734 annuere
645 712 711 745 que
730 712 792 734 vos
810 699 915 745 digne
933 699 1058 747 poffint
1071 714 1091 735 a
1110 701 1293 748 dispendiis
1311 701 1521 749 preservare.
1575 703 1665 738 Sane

182 756 306 802 petitio
324 755 435 790 vestra
452 755 552 789 nobis
571 755 724 790 exhibita
742 755 943 790 continebat
961 757 1055 802 quod
1085 756 1163 804 sepe
1191 759 1363 804 contingit
1393 760 1485 805 quod
1505 760 1663 795 locorum

183 812 351 847 ordinarii
365 812 409 846 ad
422 812 559 846 lucrum
574 812 755 859 proprium
775 812 957 853 inhiantes,
979 818 1013 847 et
1033 814 1283 860 pretendentes
1301 815 1488 860 aliquando
1502 817 1596 862 quod
1611 829 1663 851 ec-

183 868 280 904 clefie
298 882 383 915 quas
402 869 438 902 in
455 867 536 903 usus
554 869 714 915 proprios
733 868 897 903 obtinetis
916 868 1092 903 defectum
1111 870 1147 903 in
1165 870 1318 910 edificiis,
1339 872 1553 906 ornamentis
1564 878 1600 907 et
1612 886 1663 907 re-

182 926 245 960 bus
262 925 337 960 aliis
354 925 547 972 patiuntur,
567 930 760 972 proventus
779 925 969 959 earundem
989 925 1208 960 ecclefiarum
1227 926 1272 960 ad
1289 939 1351 960 vos
1369 926 1573 973 spectantes,
1607 942 1662 962 oc-

182 980 315 1016 cafione
334 981 530 1029 hujusmodi
549 986 584 1016 et
602 981 685 1015 alias
704 981 739 1015 in
758 980 887 1015 cafibus
901 994 973 1015 non
992 980 1165 1022 conceffis,
1186 982 1299 1029 ajure
1317 982 1517 1029 sequestrari
1531 983 1662 1018 faciunt

180 1051 244 1085 pro
262 1038 321 1073 sue
339 1038 437 1072 libito
456 1037 658 1078 voluntatis,
688 1042 881 1084 proventus
912 1037 1000 1085 ipsos
1029 1038 1178 1073 durante
1203 1044 1362 1086 tempore
1388 1038 1662 1086 sequestrationis

180 1107 253 1128 non
271 1094 306 1128 in
324 1094 511 1129 utilitatem
532 1094 706 1129 dictarum
725 1092 944 1128 eeclefiarum
963 1094 1020 1128 seu
1040 1095 1130 1129 circa
1147 1096 1405 1130 correfifionem
1424 1101 1484 1130 aut
1502 1098 1662 1130 emenda-

179 1151 311 1185 tionem
331 1151 534 1185 defeetuum
554 1162 673 1184 earum
692 1149 750 1184 sed
780 1150 814 1183 in
846 1149 925 1184 usus
951 1151 1111 1198 proprios
1129 1157 1386 1191 convertente&
1419 1158 1453 1186 et
1484 1152 1660 1187 interdum

179 1206 376 1254 hujusmodi
405 1206 665 1253 sequestratum,
698 1206 802 1241 etiam
831 1206 1009 1253 postquam
1038 1208 1199 1242 correcta
1228 1207 1286 1242 seu
1315 1209 1499 1243 emendata
1526 1209 1604 1243 sunt
1622 1222 1662 1244 ea

178 1276 330 1309 quorum
348 1262 525 1298 occafione
542 1267 736 1310 proventus
754 1261 952 1309 hujusmodi
970 1261 1237 1309 sequestrarunt,
1267 1264 1424 1299 relaxare
1442 1265 1579 1306 nolunt,
1600 1266 1661 1300 nifi

178 1320 275 1366 prius
293 1320 342 1354 eis
359 1319 531 1354 solveritis
549 1318 696 1353 emende
716 1319 859 1352 nomine
878 1331 950 1352 non
965 1319 1137 1353 modicam
1151 1321 1300 1367 pecunie
1314 1321 1555 1366 quantitatem.
1584 1321 1659 1356 Nos

178 1377 294 1422 itaque
313 1375 432 1410 vestris
449 1374 759 1422 supplicationibus
777 1375 945 1415 inclinati,
972 1376 1183 1410 amstoritate
1200 1376 1298 1411 vobis
1315 1375 1527 1424 presentium
1546 1377 1659 1412 indul-

175 1444 298 1478 gemus
317 1437 355 1466 ut
373 1431 522 1478 predffi'ci
541 1436 733 1478 proventus
753 1430 928 1465 occasione
947 1429 1144 1477 hujusmodi
1163 1430 1221 1465 seu
1239 1431 1322 1466 alias
1343 1432 1376 1465 in
1395 1432 1471 1466 casu
1490 1445 1562 1467 non
1581 1446 1658 1480 per-

177 1486 274 1522 mifl'o
293 1489 406 1535 ajure
424 1500 487 1535 per
505 1488 700 1522 ordinarios
719 1487 807 1534 ipsos
826 1492 1001 1534 nequeant
1018 1486 1230 1533 lequestrari,
1264 1493 1297 1522 et
1315 1486 1337 1521 fi
1355 1488 1445 1522 forte
1464 1488 1548 1523 dieti
1567 1489 1658 1523 ordi-

177 1544 265 1579 narii
284 1556 343 1578 eos
362 1549 486 1577 contra
504 1542 702 1590 hujusmodi
721 1543 896 1577 indultum
926 1542 1223 1589 lequestraverint,
1253 1543 1332 1578 illos
1357 1544 1455 1578 vobis
1481 1543 1657 1591 postquam

177 1600 338 1635 correcta
354 1600 487 1634 fuerint
505 1613 546 1634 ea
563 1605 708 1647 propter
727 1612 794 1646 que
812 1598 1033 1646 sequestratio
1051 1599 1121 1647 ipsa
1139 1600 1209 1641 fiet,
1230 1600 1327 1635 nulla
1343 1599 1541 1647 hujusmodi
1555 1602 1603 1636 eis
1615 1602 1658 1635 ad

177 1655 329 1704 ipsorum
357 1656 495 1691 lucrum
522 1656 670 1690 emenda
696 1655 846 1703 prestita,
878 1656 1057 1691 restituere
1075 1657 1184 1691 libere
1202 1662 1401 1691 teneantur.
1454 1657 1554 1691 Nulli
1573 1670 1657 1704 ergo

177 1713 322 1748 omnino
341 1713 523 1747 hominum
542 1712 645 1747 liceat
662 1712 752 1746 hanc
770 1713 933 1760 paginam
951 1712 1065 1747 nostre
1092 1711 1316 1747 concellionis
1343 1713 1533 1759 infringere
1552 1714 1607 1747 vel
1627 1715 1656 1748 ei

177 1769 260 1804 ausu
277 1770 465 1804 temerario
484 1770 670 1804 contraire.
708 1769 744 1804 Si
756 1770 831 1816 quis
845 1775 963 1803 autem
976 1769 1044 1803 hoc
1058 1774 1266 1816 attemptare
1277 1768 1531 1816 presumpserit,
1548 1770 1657 1816 indig-

176 1826 356 1860 nationem
375 1825 627 1872 omnipotentis
647 1825 717 1859 Dei
736 1831 770 1859 et
788 1825 972 1859 beatorum
992 1825 1089 1859 Petri
1107 1830 1142 1860 et
1161 1825 1261 1860 Pauli
1280 1824 1513 1872 apostolorum
1532 1825 1606 1873 ejus
1623 1825 1656 1860 se

177 1882 315 1917 noverit
326 1881 556 1916 incursurum.
571 1881 706 1916 Datum
715 1880 843 1917 Perufii
853 1881 975 1916 Idibus
981 1881 1003 1917 J
1006 1882 1079 1916 unii
1088 1881 1311 1929 pontificatus
1318 1881 1421 1916 nostri
1430 1894 1522 1916 anno
1530 1882 1653 1929 primo.

177 2051 281 2086 Bulla
298 2056 423 2086 contra
439 2051 706 2098 procurationes
726 2051 906 2086 indebitas.

175 2163 488 2200 GREGORIUS
507 2164 687 2211 episeopus
703 2163 821 2199 servus
839 2163 1018 2199 servorum
1039 2163 1108 2198 Dei
1127 2163 1263 2198 dilectis
1284 2163 1363 2197 filiis
1380 2163 1510 2198 Abbati
1525 2168 1559 2199 et
1573 2177 1654 2198 con-

174 2221 296 2255 ventui
324 2221 366 2255 de
395 2219 553 2261 Paffelet,
587 2219 824 2255 Cluniacenfis
843 2221 985 2260 ordinis,
1017 2217 1239 2265 Glasguenfis
1265 2217 1416 2260 dioeefis,
1445 2219 1589 2254 salutem
1621 2227 1654 2254 et

172 2276 392 2324 apostolicam
410 2276 707 2311 benedietionem.
760 2276 811 2311 Ut
829 2277 1044 2323 prelatorum
1064 2274 1305 2310 consuleretur
1323 2274 1487 2310 modestie
1513 2288 1553 2309 ac
1578 2289 1654 2322 gra-

173 2333 301 2367 vamini
321 2332 550 2373 subditorum,
571 2338 686 2367 certus
704 2333 769 2367 fuit
788 2331 1012 2380 personarum
1034 2337 1067 2366 et
1087 2332 1310 2366 evectionum
1333 2344 1500 2366 numerus
1519 2332 1554 2366 in
1573 2345 1653 2367 con-
