1870 2683
220 286 290 318 408
614 279 928 315 REGISTRUM
957 280 1296 316 MONASTERII

219 379 277 414 the
297 379 376 412 dike
395 377 508 411 maide
525 376 568 411 be
585 376 645 410 the
662 375 798 409 bailliez
816 376 885 409 and
913 377 1090 411 comunite
1109 377 1150 411 of
1164 376 1336 413 Renfrew
1351 383 1389 412 to
1403 378 1446 413 be
1464 379 1613 416 adnullit
1631 384 1700 417 and

218 440 282 481 put
299 446 407 480 away,
440 432 509 466 and
527 432 586 466 the
608 432 688 466 dike
708 437 744 465 to
763 431 806 465 be
824 431 882 465 the
901 432 1040 466 marche
1058 445 1139 467 new
1157 434 1225 467 and
1251 433 1308 468 ald
1324 448 1333 476 3
1362 434 1432 468 and
1462 434 1530 469 this
1560 449 1624 471 our
1643 438 1701 472 de-

217 490 404 528 liuemnce,
440 488 579 522 decrete
598 487 667 521 and
686 487 847 522 sentence
866 500 920 522 we
938 487 1027 522 have
1044 501 1161 535 gevyn
1186 489 1273 524 with
1291 489 1436 524 consent
1467 490 1507 524 of
1529 491 1622 526 baith
1640 493 1700 527 the

217 544 316 578 laidis
334 544 452 591 partis.
505 543 562 578 To
580 544 640 578 the
658 543 810 589 quhilkis
829 556 882 578 we
900 543 988 577 have
1006 543 1055 578 set
1072 549 1109 578 to
1128 557 1194 578 our
1224 543 1313 579 seilis
1350 551 1385 579 at
1418 545 1535 593 Passay
1553 547 1612 582 the
1629 561 1700 583 xxv

218 601 283 646 day
302 600 342 633 of
366 600 425 633 the
457 600 601 633 moneth
633 599 673 634 of
697 599 864 640 Februar,
894 599 953 634 the
979 613 1041 647 yer
1067 600 1108 635 of
1135 613 1220 635 oure
1250 600 1349 635 Lord
1379 601 1440 648 J(O
1458 602 1699 651 fourehundyr

217 655 331 690 auchti
351 656 419 690 and
440 655 547 690 aucht
565 656 667 702 yeris.
844 658 848 662 “

212 823 444 858 Confirmatio
465 824 662 858 Alexandri
681 837 782 871 pape.

213 935 545 970 ALEXANDER
564 935 742 984 episcopus
759 937 877 971 servus
893 935 1073 971 servorum
1088 936 1158 971 Dei
1177 937 1313 972 dileffls
1327 938 1406 973 filiis
1419 938 1569 974 Osberto
1585 941 1694 987 priori

213 994 350 1029 ecclesie
371 995 498 1029 Sancte
518 994 645 1035 Marie,
680 994 799 1028 Sancti
817 994 939 1029 Jacobi
959 998 993 1027 et
1013 993 1132 1027 Sanffi
1155 992 1276 1028 Mirini
1304 994 1347 1028 de
1374 994 1520 1036 Passeto,
1553 995 1693 1042 ejusque

213 1050 376 1084 fratribus
394 1057 463 1084 tam
483 1050 699 1097 presentibus
717 1064 820 1096 quam
838 1050 965 1084 futuris
984 1048 1181 1095 regularem
1207 1049 1315 1083 vitam
1340 1048 1496 1096 profeffis
1522 1052 1693 1099 imperpe-

212 1112 324 1140 tuum.
378 1106 553 1140 Effechim
577 1106 668 1153 justa
684 1106 935 1153 postulantibus
953 1105 1137 1150 indulgere
1166 1110 1201 1138 et
1226 1105 1327 1151 vigor
1353 1106 1514 1152 equitatis
1541 1113 1576 1141 et
1602 1108 1692 1142 ordo

212 1163 319 1208 exigit
338 1163 492 1202 rationis,
524 1162 703 1209 presertim
722 1163 861 1208 quando
879 1161 1074 1209 petentium
1093 1160 1313 1194 voluntatem
1344 1167 1379 1195 et
1408 1162 1517 1208 pietas
1548 1163 1692 1210 adjuvat

211 1223 245 1252 et
263 1219 390 1253 veritas
408 1230 481 1252 non
499 1218 675 1264 relinquit.
730 1219 956 1265 Quapropter
975 1218 1096 1252 dileffi
1113 1218 1149 1251 in
1173 1217 1331 1252 Domino
1359 1218 1432 1259 filii,
1461 1219 1579 1253 vestris
1592 1220 1691 1267 justis

210 1273 498 1320 postulationibus
516 1274 707 1308 clementer
726 1275 923 1314 annuimus,
958 1279 993 1308 et
1019 1273 1189 1321 prefatam
1218 1273 1393 1308 ecclefiam
1423 1275 1459 1309 in
1477 1288 1546 1321 qua
1570 1276 1689 1311 divino

211 1329 285 1363 estis
304 1328 466 1376 obsequio
484 1330 670 1376 mancipati
689 1329 749 1363 sub
781 1330 871 1364 beati
892 1330 987 1364 Petri
1005 1336 1039 1364 et
1058 1328 1173 1363 nostra
1199 1329 1421 1376 protee'done
1439 1330 1637 1378 suscipimus
1654 1339 1690 1368 et

209 1385 376 1432 presentis
394 1386 508 1432 scripti
526 1386 710 1432 privilegio
730 1387 996 1421 communimus.
1050 1385 1094 1419 In
1112 1385 1231 1432 primis
1254 1385 1419 1432 fiquidem
1438 1386 1626 1422 statuentes
1650 1394 1690 1422 ut

210 1442 298 1476 ordo
316 1441 523 1476 monasticus
541 1443 599 1488 qui
617 1442 807 1476 secundum
829 1443 945 1477 Deum
962 1450 996 1478 et
1026 1443 1118 1477 beati
1138 1442 1322 1477 Benediffi
1340 1443 1497 1489 regulam
1516 1449 1620 1490 atque
1638 1445 1689 1479 in-

208 1497 421 1533 stitutionem
441 1497 720 1533 Cluniacenfium
750 1499 897 1533 fratrum
924 1500 1098 1534 institutus
1117 1497 1183 1533 effe
1202 1499 1401 1540 dinoscitur,
1433 1501 1610 1547 perpetuis
1628 1501 1688 1535 ibi-

208 1554 287 1588 dem
307 1554 523 1600 temporibus
537 1554 783 1588 inviolabiliter
799 1554 1012 1590 observetur.
1034 1555 1209 1595 Preterea,
1223 1555 1442 1601 quascunque
1456 1554 1686 1602 poffeffiones,

207 1623 414 1656 quecunque
428 1610 521 1644 bona
532 1611 624 1644 idem
639 1611 885 1646 monasterium
900 1611 1201 1657 impresentiarum
1211 1610 1301 1657 juste
1314 1616 1349 1644 et
1362 1612 1529 1645 canonice
1540 1610 1688 1658 poffldet

206 1672 266 1700 aut
285 1667 320 1699 in
338 1666 508 1706 futurum,
525 1665 742 1700 conceffione
757 1667 974 1713 pontificum,
989 1667 1175 1713 largitione
1193 1679 1316 1712 regum
1328 1666 1384 1700 vel
1396 1667 1605 1714 principum,
1627 1669 1686 1702 ob-

207 1723 336 1756 latione
344 1722 511 1762 fidelium,
522 1721 768 1768 leualiisjustis
781 1723 902 1763 modis,
911 1723 1084 1770 prestante
1098 1722 1267 1762 Domino,
1282 1722 1412 1769 poterit
1425 1722 1685 1770 adipisci,firma

207 1778 306 1812 vobis
324 1778 507 1824 vestrisque
535 1777 781 1812 succefl'oribus
799 1784 834 1813 et
852 1779 983 1813 illibata
1008 1784 1258 1826 permaneant3
1296 1778 1332 1812 in
1361 1778 1485 1824 quibus
1514 1779 1580 1814 hec
1606 1793 1685 1827 pro-

205 1835 289 1881 priis
308 1834 470 1868 duximus
488 1834 717 1880 exprimenda
734 1835 933 1877 vocabulis3
969 1835 1106 1869 Locum
1124 1834 1234 1882 ipsum
1252 1835 1288 1869 in
1305 1847 1375 1880 quo
1393 1835 1528 1882 prefata
1545 1836 1684 1871 ecclelia

204 1889 265 1924 fita
283 1889 329 1923 est
347 1903 426 1924 cum
445 1889 605 1923 omnibus
622 1890 841 1936 pertinentiis
860 1890 949 1933 suis;
980 1891 1026 1925 Et
1045 1892 1129 1925 duas
1148 1896 1325 1925 carucatas
1351 1896 1444 1925 terre
1471 1892 1683 1927 mensuratas

206 1946 297 1980 circa
314 1958 438 1992 aquam
460 1945 550 1979 Kert
574 1946 678 1993 juxta
697 1946 842 1980 eandem
864 1946 1061 1990 ecclefiam3
1093 1947 1139 1981 Et
1156 1947 1251 1981 illam
1269 1952 1398 1980 terram
1418 1947 1511 1981 ultra
1531 1947 1620 1983 Kert
1638 1961 1682 1983 ex

203 2008 302 2049 parte
320 2002 473 2036 nemoris
490 2014 553 2049 per
571 2002 706 2036 easdem
727 2002 849 2037 divisas
866 2016 929 2049 per
947 2015 1030 2049 quas
1050 2003 1094 2036 W
1096 2003 1226 2037 alterus
1244 2002 1335 2036 filius
1354 2002 1461 2036 Alani
1492 2003 1682 2039 advocatus

201 2059 311 2093 vester
340 2064 374 2092 et
402 2058 539 2092 Alanus
557 2058 648 2092 filius
667 2059 740 2105 ejus
759 2071 837 2093 cum
856 2059 973 2105 probis
992 2059 1189 2093 hominibus
1216 2071 1292 2093 eam
1318 2058 1676 2105 perambulaverunt3

203 2115 248 2148 Et
267 2115 362 2148 illam
381 2114 578 2162 portionem
598 2120 691 2149 terre
709 2127 776 2161 que
795 2114 841 2149 est
855 2114 915 2148 sub
934 2115 1141 2150 dormitorio
1156 2115 1266 2151 vestro
1281 2116 1374 2149 intra
1387 2113 1504 2150 foffam
1521 2130 1530 2158 3
1560 2116 1682 2152 Eccle-

202 2171 281 2205 fiam
301 2172 342 2206 de
363 2172 540 2206 Inuerwic
559 2185 637 2206 cum
656 2172 816 2206 omnibus
833 2173 1052 2219 pertinentiis
1070 2171 1162 2215 suis;
1191 2172 1239 2206 Et
1266 2171 1508 2206 molendinum
1527 2171 1679 2219 ejusdem

203 2228 284 2261 ville
303 2234 416 2262 totum
436 2234 552 2275 preter
570 2241 677 2262 unam
696 2241 847 2263 marcam
866 2229 1001 2275 argenti
1020 2241 1123 2274 quam
1141 2228 1320 2275 predic-‘tus
1340 2227 1516 2262 Walterus
1535 2228 1629 2262 dedit
1642 2229 1679 2262 in

206 2283 327 2316 eodem
348 2284 550 2318 molendino
572 2285 727 2319 Radulfo
746 2285 788 2320 de
810 2285 931 2328 Kent3
962 2283 1148 2319 Ecclefiam
1168 2285 1211 2319 de
1230 2284 1452 2329 Legardwod
1471 2296 1549 2318 cum
1569 2284 1679 2317 omni-

202 2339 264 2373 bus
283 2340 500 2386 pertinentiis
514 2339 580 2375 suis
594 2355 603 2383 3
632 2340 750 2377 Unam
763 2347 959 2376 carucatam
972 2347 1065 2377 terre
1080 2342 1116 2375 in
1132 2340 1369 2376 Hastenesden
1384 2352 1486 2386 quam
1502 2339 1676 2374 Walterus
