1870 2683
764 259 835 293 DE
868 258 1138 294 PASSELET.
1623 264 1693 300 389

205 355 229 392 J
232 356 419 396 ohannem,
452 355 496 389 ad
526 368 649 390 eorum
668 356 822 403 inopiam
852 356 1076 391 relevandam
1091 371 1100 398 3
1134 356 1177 390 de
1205 369 1273 403 qua
1303 356 1443 402 quidem
1472 355 1604 390 summa
1632 358 1689 390 xvi

206 425 403 447 marcarum
435 417 470 446 et
499 413 559 446 viii
576 411 767 446 solidorum
786 413 900 447 tenuit
918 411 950 446 se
969 412 1058 446 bene
1077 418 1279 446 contentam
1306 413 1445 460 penitus
1472 418 1506 446 et
1527 411 1686 452 solutam,

205 482 246 503 ac
264 470 399 503 dictum
418 468 616 515 magistrum
635 468 657 504 J
661 469 835 503 ohannem
854 476 889 503 et
907 481 1028 502 omnes
1046 468 1124 502 11105
1141 482 1291 514 quorum
1306 469 1446 503 interest
1458 469 1513 503 vel
1528 467 1688 503 intereffe

205 525 335 572 poterit
354 526 389 558 in
408 525 565 559 futurum
584 525 720 571 quietos
739 525 901 559 clamavit
920 526 962 560 de
982 526 1102 560 eadem
1122 527 1393 573 imperpetuum.
1446 526 1492 560 Et
1511 526 1597 560 (116ὶί
1610 526 1688 561 Ma-

204 581 306 621 riota,
326 580 507 616 ,Iohannes
530 580 693 621 Wilehni,
714 586 749 615 et
768 581 939 615 Patricius
958 596 1080 617 eorum
1099 583 1191 617 filius
1209 589 1243 617 et
1262 584 1372 623 heres,
1403 583 1549 617 firmiter
1567 582 1600 617 se
1618 583 1687 616 fide

204 637 329 677 media,
350 637 452 671 tactis
469 636 694 671 {acrosanfftis
714 636 784 670 Dei
803 637 1002 683 evangeliis5
1024 639 1269 684 obligaverunt
1287 652 1327 673 ac
1349 639 1591 685 juramentum
1610 652 1686 686 pre-

204 692 365 727 stIterunt
382 694 564 740 corporale
583 693 677 739 quod
697 691 756 739 ipfi
774 698 835 727 aut
853 706 974 727 eorum
991 694 1113 740 aliquis
1126 707 1305 740 nunquam
1319 695 1445 729 futuris
1457 695 1685 741 temporibuS,

204 749 316 796 palam
335 749 392 783 vel
411 749 558 789 occulte,
579 749 713 784 directe
732 749 788 783 vel
806 750 989 789 indirecte,
1018 750 1054 783 in
1067 750 1202 796 judicio
1221 757 1281 784 aut
1300 756 1397 784 extra
1410 750 1595 797 judicium,
1629 752 1686 785 de-

203 806 365 840 venirent
383 806 491 840 verbo
510 811 570 839 aut
588 818 694 852 opere
714 806 748 839 in
767 805 983 839 contrarium
1013 806 1106 840 (116ὶο
1126 806 1338 840 venditionis
1357 812 1391 840 et
1409 806 1629 840 alienationis
1647 813 1686 841 ut

202 862 419 908 premittitur
438 862 542 901 fac‘te,
562 859 622 895 sua
635 861 787 895 utilitate
806 866 841 895 et
859 859 1056 895 necestitate
1069 861 1241 896 causante.
1296 862 1413 902 Quam
1427 863 1568 908 quidem
1588 863 1686 896 dimi-

203 918 369 952 dietatem
388 918 473 952 dieti
492 917 685 951 tenementi
703 930 782 951 curn
801 917 1021 964 pertinentiis
1052 930 1091 951 ac
1122 918 1266 951 domum
1297 917 1390 951 suam
1418 918 1561 952 alterius
1579 919 1686 964 partis

203 973 356 1022 ejusdem
388 975 483 1009 dicta
514 974 671 1008 Mariota
690 973 846 1008 Wilelmi
876 986 963 1020 pure
995 979 1029 1007 et
1060 972 1257 1020 {impliciter
1270 972 1454 1019 refignavit
1473 974 1508 1007 in
1526 974 1686 1008 manibus

202 1031 374 1067 Johannis
403 1031 446 1065 de
477 1030 686 1064 Foullarton
704 1030 809 1064 unius
828 1029 1037 1064 ballivorum
1055 1035 1140 1063 tunc
1159 1029 1252 1063 dicte
1272 1030 1420 1063 civitatis
1451 1029 1684 1075 Glasguenfis.

203 1087 285 1128 Qua
299 1087 440 1134 quidem
458 1085 690 1133 resignatione
709 1085 752 1120 fic
770 1086 872 1126 facta,
893 1087 974 1121 fecit
992 1085 1115 1120 statum
1135 1092 1169 1120 et
1188 1085 1340 1120 saisinam
1355 1099 1394 1120 ac
1409 1086 1547 1126 realem,
1568 1087 1685 1120 actua-

201 1143 271 1178 lem
290 1149 324 1178 et
350 1143 569 1190 corporalem
587 1141 826 1190 pofl'ess'lonem
846 1143 1069 1176 dimidietatis
1088 1142 1173 1176 dicti
1192 1142 1384 1176 tenemeuti
1409 1155 1488 1176 cum
1509 1143 1685 1189 pertinen-

202 1200 258 1234 tiis
289 1205 324 1235 et
355 1201 448 1235 difflue
468 1201 592 1234 domus
610 1199 754 1233 alterius
771 1199 879 1246 partis
897 1199 971 1232 dari
990 1198 1125 1245 prefato
1144 1197 1305 1244 magistro
1317 1197 1471 1233 Johanni
1492 1198 1683 1245 Akynhed‚

201 1256 388 1291 heredibus
406 1256 472 1291 suis
491 1262 526 1291 et
543 1256 611 1290 suis
629 1255 802 1302 affignatis
819 1268 882 1302 per
901 1255 1035 1289 dictum
1053 1254 1233 1294 ballivum,
1268 1267 1329 1301 per
1348 1255 1572 1289 traditionem
1591 1260 1684 1289 terre

203 1318 238 1348 et
254 1313 378 1360 lapidis
397 1319 437 1347 ut
455 1313 502 1348 est
519 1313 625 1347 moris
643 1312 848 1358 burgorum.
902 1311 1014 1358 Super
1032 1311 1155 1357 quibus
1168 1311 1329 1345 omuibus
1348 1317 1381 1345 et
1399 1310 1538 1356 lingulis
1551 1310 1593 1346 fic
1608 1325 1684 1358 pre-

202 1368 305 1404 miffis
323 1370 423 1416 petiit
441 1370 555 1404 dictus
574 1368 733 1415 magister
751 1369 773 1404 J
777 1369 931 1402 ohannes
952 1368 1132 1414 Akynhed
1162 1380 1225 1414 per
1243 1380 1297 1402 me
1313 1368 1489 1401 notarium
1504 1367 1683 1414 publicum

204 1425 462 1472 infrascriptum
479 1424 537 1460 fibi
556 1425 696 1472 presens
722 1424 901 1472 publicum
931 1423 1006 1457 fieri
1037 1423 1315 1457 instrumentum.
1370 1424 1465 1457 Acta
1495 1429 1594 1457 eraut
1620 1424 1684 1458 hee

202 1481 303 1528 super
320 1482 469 1516 fundum
489 1482 574 1516 dicti
593 1481 797 1521 tenementi‚
818 1493 922 1520 anno,
944 1478 1070 1520 mense,
1099 1480 1166 1519 die,
1195 1479 1390 1513 indictione
1417 1486 1451 1513 et
1478 1480 1683 1526 pontificatu

202 1538 325 1584 quibus
356 1536 469 1585 supra.
523 1537 746 1572 Presentibus
779 1536 933 1571 discretis
964 1542 998 1570 et
1026 1536 1180 1583 providis
1211 1536 1293 1569 viris
1324 1535 1485 1581 magistro
1518 1535 1684 1570 XVileltno

203 1594 349 1641 Sympill
368 1595 538 1629 canonico
558 1592 775 1640 Glasguenfi,
797 1593 916 1627 David
934 1592 1144 1639 Cunigham,
1174 1592 1314 1626 Thoma
1334 1592 1443 1632 Kerd‚
1475 1591 1684 1626 Alexandro

203 1650 303 1691 Blak,
335 1650 500 1686 Johanne
519 1650 686 1685 Gardner
717 1655 752 1684 et
778 1649 943 1685 ¹Iohanne
966 1647 1107 1689 Wilson,
1137 1661 1214 1683 cum
1246 1648 1364 1682 multis
1390 1648 1464 1682 aliis
1482 1647 1621 1682 testibus
1639 1648 1683 1683 ad

202 1704 362 1753 premiffa
379 1707 511 1742 vocatis
528 1707 659 1754 pariter
678 1712 713 1741 et
730 1708 872 1753 rogatis.

300 1762 348 1796 Et
366 1775 431 1809 ego
449 1763 473 1798 J
476 1763 632 1797 ohannes
652 1763 752 1797 Kerd
770 1763 936 1809 presbiter
955 1762 1178 1810 Glasguenfis
1197 1761 1348 1802 diocefis,
1376 1761 1535 1808 publicus
1562 1761 1683 1795 aucto-

298 1819 458 1853 ritatibus
476 1819 645 1865 imperiali
678 1825 712 1853 et
742 1819 851 1865 regali
868 1821 1036 1860 notarius,
1065 1817 1231 1866 premiffis
1257 1818 1419 1852 omnibus
1435 1830 1587 1852 unacum
1606 1830 1682 1864 pre-

298 1875 487 1908 nominatis
505 1874 645 1908 testibus
662 1874 801 1921 presens
827 1876 982 1916 interfui,
1015 1888 1123 1921 eaque
1151 1875 1268 1909 omnia
1298 1880 1333 1909 et
1362 1874 1495 1920 lingula
1523 1871 1683 1920 premifl'a

300 1930 373 1965 vidi
390 1930 466 1964 fieri
484 1936 518 1964 et
537 1931 654 1964 audivi
672 1944 711 1965 ac
729 1931 764 1964 in
783 1936 901 1965 notam
922 1930 1054 1978 sumpsi,
1084 1931 1166 1965 inde
1196 1930 1336 1978 presens
1363 1930 1541 1977 publicum
1560 1929 1682 1963 instru-

299 1992 459 2021 mentum
477 1999 584 2020 manu
602 1999 680 2020 mea
697 1987 839 2033 propria
855 1986 1019 2034 scriptum
1038 1988 1183 2028 confeci,
1203 1987 1377 2034 publicavi
1392 1991 1426 2020 et
1439 1987 1475 2019 in
1490 1986 1578 2019 hanc
1595 1984 1681 2031 pub-

300 2043 403 2077 licam
421 2042 569 2076 formam
588 2042 718 2088 redegi,
747 2041 912 2089 lignoque
931 2049 966 2078 et
983 2045 1127 2078 nominc
1146 2044 1231 2078 meis
1256 2042 1364 2077 solitis
1382 2047 1416 2077 et
1434 2041 1606 2076 consuetis
1624 2054 1679 2075 me

300 2093 544 2133 subscribendo
562 2096 691 2144 fignavi
710 2103 853 2144 rogatus
871 2104 906 2133 et
923 2099 1114 2146 requifitus‚
1141 2100 1176 2133 in
1194 2099 1300 2133 fidem
1319 2104 1353 2132 et
1370 2097 1604 2132 testimonium
1623 2109 1680 2132 ve-

299 2154 410 2190 ritatis
428 2154 586 2189 omnium
603 2152 856 2201 premifl'orum.
