1839 2652
190 264 236 296 22
590 257 909 294 REGISTRUM
937 258 1277 294 MONASTERII

192 369 286 397 nam,
314 355 459 390 liberam
478 360 512 389 et
530 354 683 400 quietam
709 355 751 389 ab
780 353 925 389 seculari
952 354 1108 395 servicio,
1138 354 1390 389 consuetudine
1421 360 1456 390 et
1473 356 1671 396 exatffione,

195 412 280 448 ficut
297 412 412 457 aliqua
429 409 615 445 elemosina
639 410 782 445 liberius
812 416 846 445 et
873 410 1023 456 quietius
1049 410 1153 444 datur
1183 415 1217 445 et
1248 410 1476 445 confirmatur
1500 424 1565 459 pro
1593 412 1674 447 Deo

197 469 279 504 viris
297 466 461 513 religiosis
479 467 515 500 in
533 479 643 512 regno
663 466 789 501 Scotie.
828 466 906 512 Ego
925 479 1009 501 vero
1023 466 1200 501 VValterus
1218 472 1253 501 et
1270 466 1417 501 heredes
1432 467 1500 502 mei
1513 468 1676 503 waranti-

197 525 350 559 zabimus
379 522 655 569 adquietabimus
683 527 718 557 et
744 522 972 557 defendemus
1002 522 1272 569 imperpetuum,
1303 522 1385 557 Deo
1416 528 1451 558 et
1481 524 1673 558 conventui

196 582 296 615 beate
316 579 432 613 Marie
451 579 493 614 de
513 579 698 613 Dalmulin
715 577 816 626 super
836 579 922 619 Are,
942 577 1105 612 universa
1121 577 1320 625 supradie'zta
1337 591 1416 612 cum
1429 578 1590 613 omnibus
1601 591 1676 626 per-

197 636 353 671 tinentiis
367 635 444 675 suis‚
454 635 497 669 de
512 634 673 670 omnibus
687 634 843 675 servitiis,
853 640 887 669 et
901 634 1153 675 exa&ionibus‚
1164 633 1397 669 occasionibus
1411 639 1446 669 et
1458 634 1677 669 consuetudi-

197 693 309 732 nibus,
332 697 366 726 et
382 691 596 738 generaliter
614 691 657 725 de
676 691 838 725 omnibus
851 690 954 725 rebus
969 704 1036 737 que
1048 691 1273 737 aliquomodo
1285 691 1442 725 accidere
1456 695 1623 738 poterunt
1641 690 1677 724 in

196 749 383 795 posterum,
393 753 515 782 contra
527 761 647 782 omnes
658 748 828 782 homines.
849 747 899 782 Ut
913 746 971 780 fibi
985 747 1049 781 hec
1062 760 1139 781 mea
1150 747 1293 781 donatio
1305 751 1509 793 perpetuam
1523 746 1678 780 obtineat

197 804 426 844 stabilitatem,
446 803 597 851 presenti
611 802 737 850 scripto
752 803 788 836 in
800 802 1044 850 testimonium,
1060 801 1159 848 figilli
1174 803 1241 837 mei
1256 802 1397 850 apposui
1410 801 1676 849 impreflionem.

201 861 280 895 Hiis
297 860 447 900 testibus,
468 860 611 894 domino
631 859 789 894 W'altero
809 857 1013 905 Glasguenfi
1031 858 1202 906 episcopo,
1232 858 1349 893 Adam
1376 858 1498 892 abbate
1524 858 1566 892 de
1586 858 1679 893 Mel-

198 929 266 957 ros,
294 917 458 952 ‚Iohanne
476 915 599 950 abbate
618 916 660 950 de
681 915 875 963 Kilwinyn,
904 914 1063 949 VValtero
1094 914 1232 950 Olifard
1257 915 1448 962 justiciario
1480 914 1676 954 Laudonie‚

200 973 319 1007 David
336 973 443 1007 fratre
461 971 533 1012 suo,
565 971 763 1018 Reginaldo
791 972 833 1005 de
862 971 1047 1006 Crawford
1064 972 1268 1006 vicecomite
1301 972 1343 1006 de
1377 972 1462 1011 Are,
1496 971 1677 1005 Macolmo

200 1029 369 1069 Loccard‚
399 1028 582 1062 Maeolmo
600 1027 672 1062 filio
691 1026 762 1068 suo,
793 1027 950 1073 Hugone
969 1028 1041 1062 filio
1062 1027 1267 1074 Reginaldi,
1298 1028 1457 1074 Rogerio
1475 1028 1548 1061 filio
1567 1027 1674 1074 Glay,

202 1085 356 1119 Ricardo
385 1083 546 1124 lValenfi‚
573 1083 737 1119 Johanne
768 1083 810 1117 de
843 1082 1064 1130 lllungumri,
1095 1083 1255 1118 Hefi'oere
1284 1084 1327 1118 de
1356 1084 1488 1124 Carrio,
1517 1082 1677 1129 magistro

201 1141 359 1187 Hugone
387 1141 430 1175 de
457 1140 687 1180 Normavilla,
716 1139 878 1186 magistro
896 1138 1015 1180 Neffo,
1043 1139 1219 1180 Wilelmo,
1250 1139 1358 1180 Luca,
1389 1139 1546 1180 Odardo,
1567 1138 1678 1186 capel-

200 1197 298 1237 lanis,
328 1196 493 1231 WVilelmo
513 1196 555 1230 de
576 1195 759 1243 Pertheyc‚
789 1195 949 1229 Roberto
969 1195 1011 1230 de
1031 1194 1192 1236 Ellesam,
1214 1195 1357 1236 clericis,
1378 1201 1413 1230 et
1431 1195 1506 1229 aliis
1524 1195 1653 1229 multis.

202 1364 309 1399 Carta
327 1364 474 1399 lValteri
494 1362 646 1404 secundi,
668 1363 711 1398 de
729 1362 876 1398 ecelefiis
895 1362 938 1398 de
958 1363 1178 1398 Dundonald
1196 1376 1276 1398 cum
1303 1363 1454 1410 capelliS‚
1482 1368 1518 1397 et
1535 1362 1578 1397 de
1597 1362 1680 1397 San-

203 1421 295 1455 char.

204 1531 444 1567 OMNIBUS
463 1530 590 1565 Christi
607 1531 768 1566 fidelibus
785 1531 1002 1579 presentibus
1020 1536 1054 1565 et
1079 1531 1216 1572 futuris,
1246 1531 1422 1565 walterus
1439 1530 1530 1564 filius
1558 1529 1678 1570 Alani,

204 1590 335 1624 domini
356 1589 464 1635 Regis
492 1589 606 1623 Scotie
633 1588 848 1629 senescallus,
876 1588 1021 1623 salutem
1050 1589 1085 1622 in
1115 1589 1286 1623 Domino.
1338 1588 1519 1623 Noveritis
1544 1601 1611 1628 me,
1631 1588 1680 1622 di-

203 1647 283 1681 vine
301 1646 439 1693 pietatis
456 1645 599 1686 intuitu,
619 1643 824 1685 conceffiffe,
845 1640 972 1679 dediffe
991 1650 1025 1679 et
1043 1645 1107 1679 hac
1121 1657 1199 1679 mea
1210 1650 1305 1679 carta
1315 1643 1530 1679 confirmaffe
1545 1643 1627 1678 Deo
1645 1649 1680 1678 et

204 1702 395 1737 conventui
413 1702 663 1736 canonicorum
683 1706 717 1735 et
734 1701 939 1735 monialium
957 1700 1057 1735 beate
1077 1700 1194 1735 Marie
1221 1701 1264 1735 de
1282 1700 1467 1734 Dalmulin
1484 1699 1586 1747 super
1604 1699 1680 1733 Are

205 1759 264 1805 qui
281 1757 361 1792 sunt
380 1758 422 1792 de
442 1758 565 1792 ordine
585 1757 627 1792 de
647 1757 918 1804 Simpringham,
947 1755 1121 1791 ecelefiam
1140 1757 1183 1791 de
1202 1756 1422 1791 Dundonald
1443 1769 1523 1791 cum
1542 1755 1682 1803 capellis

206 1816 248 1849 de
268 1814 400 1861 Croiby
418 1820 452 1848 et
472 1814 678 1855 Ricardton,
708 1819 742 1848 et
761 1812 935 1848 ecclefiam
967 1813 1009 1846 de
1041 1812 1194 1847 Sanchar
1212 1818 1380 1858 quantum
1399 1812 1443 1846 ad
1465 1812 1587 1846 laicam
1604 1824 1682 1858 per-

204 1872 293 1905 tinet
311 1871 548 1905 donationem.
589 1869 778 1904 Tenendas
796 1874 831 1903 et
856 1868 1042 1909 habendas,
1071 1882 1150 1903 cum
1178 1869 1338 1903 omnibus
1363 1868 1584 1916 pertinentiis
1601 1867 1680 1908 suis,

204 1926 274 1962 fine
301 1927 417 1972 aliquo
444 1931 699 1965 retenemento,
729 1925 765 1959 in
784 1937 908 1972 puram
926 1930 962 1959 et
979 1931 1184 1972 perpetuam
1215 1924 1447 1965 elemofinam,
1475 1924 1621 1959 liberam
1647 1930 1682 1959 et

205 1984 358 2030 quietam
385 1982 427 2017 ab
454 1982 550 2017 omni
568 1981 713 2017 seculari
731 1980 872 2015 servitio
899 1985 933 2014 et
962 1981 1157 2022 exafifione,
1185 1980 1269 2016 ficut
1297 1981 1411 2027 aliqua
1440 1979 1626 2015 elemosina
1642 1979 1681 2014 li-

204 2039 322 2073 berius
340 2038 443 2073 datur
460 2051 524 2085 pro
544 2037 625 2072 Deo
643 2038 726 2072 viris
745 2035 908 2083 religiosis
938 2037 975 2070 in
993 2049 1103 2083 regno
1123 2036 1238 2072 Scotie
1254 2051 1263 2079 3
1294 2037 1341 2070 Et
1358 2049 1424 2083 ego
1443 2036 1620 2070 Walter-us
1647 2042 1682 2070 et

205 2095 352 2129 heredes
369 2094 438 2128 mei
458 2093 761 2128 warantizabimus
788 2092 869 2126 Deo
896 2097 931 2126 et
956 2093 1091 2139 prefato
1110 2093 1300 2127 conventui
1330 2092 1430 2127 beate
1458 2091 1575 2126 Marie
1592 2092 1682 2126 hanc

208 2163 320 2185 meam
348 2151 574 2184 donationem
601 2154 723 2184 contra
753 2161 873 2182 omnes
903 2148 1062 2183 homines
1091 2148 1373 2195 imperpetuum;
1402 2148 1450 2182 Et
1467 2153 1507 2182 ut
1524 2148 1589 2182 hec
1605 2160 1684 2182 mea

209 2207 352 2241 donatio
370 2206 494 2240 stabilis
513 2212 548 2241 et
566 2204 768 2241 inconcuffa
786 2211 1002 2251 permaneat,
1021 2204 1172 2252 presenti
1188 2204 1314 2252 scripto
1340 2204 1439 2251 sigilli
1456 2205 1523 2239 mei
1541 2203 1683 2252 apposui

210 2261 476 2310 impreflionem.
531 2263 612 2297 Hiis
629 2262 782 2302 testibus,
803 2261 997 2297 venerabili
1014 2266 1113 2308 patre
1132 2261 1275 2295 domino
1295 2260 1452 2295 &Valtero
1479 2258 1684 2306 Glasguenfi

208 2318 377 2366 episcope,
408 2319 527 2354 Adam
545 2319 667 2354 abbate
687 2319 729 2355 de
750 2318 898 2359 Melros‚
924 2318 1088 2354 Johanne
1106 2317 1228 2352 abbate
1246 2317 1289 2351 de
1310 2316 1503 2365 Kilwinyn,
1528 2316 1682 2351 Waltero
