1870 2683
762 258 831 292 DE
865 257 1134 293 PASSELET.
1619 267 1691 304 417

204 414 261 448 Ne
280 413 467 449 trahamini
483 412 577 447 ultra
595 412 680 447 duas
698 412 807 446 dietas
825 425 845 446 a
863 412 1071 447 monasterio
1090 413 1213 448 vestro.

202 524 513 561 GREGORIUS
532 525 711 572 episcopus
729 524 847 559 servus
865 524 1043 560 servorum
1064 525 1134 560 Dei
1154 526 1291 560 (111οἇὶὶ5
1309 526 1388 560 111115
1405 526 1534 561 Abbati
1554 533 1588 562 et
1606 540 1687 562 con-

201 583 323 616 ventui
342 582 384 616 de
404 579 561 620 Paffelet,
596 579 832 615 Cluniacenfis
863 581 1004 621 ordinis,
1039 580 1261 627 Glasguenfis
1294 582 1444 623 diocesis,
1478 583 1621 618 {alutem
1654 591 1687 618 et

201 637 422 685 apostolicam
441 637 736 671 benedietionem.
790 637 991 683 Apostolice
1006 636 1092 671 sedis
1106 637 1301 683 benignitas
1316 639 1495 673 consuevit
1509 640 1688 674 interdum

194 693 285 739 juris
302 693 466 739 rigorem,
486 691 509 725 fi
527 693 686 726 trahatur
704 693 748 726 ad
766 693 923 738 iniquum
940 693 1168 739 dispendium,
1185 694 1334 739 quodam
1352 696 1511 741 equitatis
1529 697 1687 731 modera-

201 749 294 783 mine
312 754 520 796 temperare.
573 748 679 782 Unde
700 761 790 789 cum,
822 747 904 783 ficut
922 762 965 783 ex
984 754 1081 795 parte
1108 749 1219 783 vestra
1244 750 1310 784 fuit
1337 750 1549 798 propositum
1568 765 1687 787 coram

200 804 311 845 nobis,
340 804 502 839 nonnulli
529 804 646 838 clerici
665 810 699 838 et
717 804 793 839 laici
813 805 1015 850 frequenter
1046 810 1081 838 et
1112 805 1280 839 malitiose
1307 819 1368 840 vos
1395 807 1438 841 ad
1459 808 1631 854 judicium
1651 810 1686 843 in

201 861 285 895 locis
303 861 447 895 remotis
466 860 564 894 citari
583 866 788 907 procurent,
809 865 848 894 ut
866 860 998 906 fatigati
1020 860 1195 894 laboribus
1214 867 1248 895 et
1266 862 1420 908 expensis
1439 863 1495 897 vel
1514 865 1687 910 cogamini

200 916 317 950 litibus
335 916 458 951 cedere
477 915 531 950 vel
551 928 763 962 componere
782 917 818 950 in
837 928 980 950 enorme
1001 916 1251 951 detrimentum
1271 917 1371 952 vestri
1390 919 1587 954 monasterii
1606 934 1683 955 cum

200 971 349 1014 eisdem3
379 985 443 1006 1105
461 972 658 1005 devotionis
676 971 786 1006 vestre
813 971 1121 1019 supplicationibus
1147 974 1315 1014 inclinati,
1348 977 1558 1011 au&oritate
1588 978 1686 1012 vobis

200 1028 411 1075 presentium
430 1028 664 1074 indulgemus,
684 1033 723 1062 ut
742 1028 835 1062 ultra
853 1029 938 1062 duas
957 1029 1066 1063 dietas
1084 1042 1104 1063 a
1121 1031 1264 1077 proprio
1283 1031 1489 1066 monasterio
1502 1031 1603 1079 super
1621 1034 1685 1067 hiis

200 1097 267 1130 que
285 1084 375 1118 infra
393 1084 478 1131 ipsas
497 1084 640 1124 habetis,
660 1097 723 1131 per
740 1084 873 1119 litteras
892 1084 1094 1132 apostolicas
1105 1098 1172 1131 que
1187 1099 1260 1120 non
1272 1087 1418 1122 fecerint
1437 1088 1479 1122 de
1494 1089 1557 1123 hac
1572 1089 1685 1124 indul-

200 1141 318 1186 gentia
336 1140 562 1180 mentionem,
591 1152 663 1173 non
682 1141 940 1187 compellamini
958 1141 1058 1175 alicui
1079 1141 1301 1188 respondere.
1355 1144 1454 1178 Nulli
1474 1158 1557 1191 ergo
1577 1146 1685 1180 homi-

200 1209 285 1230 num
303 1196 406 1230 liceat
424 1197 513 1230 hanc
531 1197 694 1243 paginam
713 1196 827 1231 nostre
847 1196 1072 1232 concellionis
1091 1199 1321 1246 [infringere]
1340 1201 1396 1235 vel
1424 1202 1455 1235 ei
1477 1202 1559 1236 ausu
1578 1208 1685 1238 teme-

200 1252 293 1286 rario
313 1253 498 1286 contraire.
552 1253 587 1286 Si
605 1253 680 1298 quis
698 1258 813 1287 autem
830 1253 897 1288 1100
911 1259 1118 1300 attemptare
1133 1256 1386 1302 presumpserit,
1407 1257 1684 1304 indignationem

201 1309 451 1356 omnipotentis
470 1308 540 1342 Dei
560 1314 593 1342 et
612 1308 793 1342 beatorum
815 1308 909 1342 Petri
941 1315 976 1344 et
1009 1311 1107 1345 Pauli
1125 1312 1359 1358 apostolorum
1379 1313 1452 1360 ejus
1483 1314 1515 1348 se
1545 1315 1685 1349 noverit

201 1364 433 1399 incursurum.
486 1364 621 1399 Datum
643 1364 774 1412 Spoleti
793 1364 907 1398 Nonis
925 1366 948 1401 J
951 1367 1023 1401 unii
1042 1368 1265 1414 pontificatus
1283 1369 1389 1403 nostri
1407 1383 1500 1405 anno
1518 1370 1626 1405 sexto.

204 1533 251 1569 Ut
269 1534 388 1568 nullus
407 1534 442 1567 in
460 1534 622 1581 personas
640 1533 766 1568 vestras
784 1535 840 1569 vel
859 1536 894 1568 in
913 1535 1059 1572 vicarios
1077 1538 1206 1572 vestros
1225 1539 1280 1573 vel
1310 1540 1346 1573 in
1377 1539 1532 1575 ecclefias
1560 1541 1685 1576 vestras

200 1592 378 1626 interdieti
396 1591 603 1626 sententiam
623 1592 749 1626 audeat
767 1593 1003 1640 promulgare.

202 1704 564 1740 INNOCENTIUS
584 1705 762 1752 episcopus
780 1705 897 1740 servus
915 1705 1093 1740 servorum
1128 1707 1197 1741 Dei
1229 1708 1365 1742 dilec‘tis
1395 1708 1473 1742 filiis
1506 1709 1619 1743 Priori
1650 1717 1684 1745 et

201 1761 391 1795 conventui
411 1761 529 1795 83116ὶί
549 1761 673 1796 Jacobi
693 1762 735 1795 de
756 1759 914 1802 Paffelet‚
945 1762 1180 1797 Cluniacenfis
1199 1764 1340 1804 ordinis,
1373 1764 1518 1799 salutem
1538 1772 1572 1799 et
1590 1766 1684 1813 apos-

200 1816 340 1850 tolicam
358 1816 653 1851 betiedifitionem.
707 1817 934 1852 Sacrosanffta
954 1818 1116 1853 Romana
1135 1819 1275 1854 ecclefia
1301 1820 1447 1854 devotos
1474 1827 1507 1855 et
1535 1822 1684 1857 humiles

200 1872 290 1907 filios
309 1885 352 1907 ex
369 1871 498 1907 assuete
516 1873 653 1919 pietatis
672 1873 786 1908 officio
805 1873 1006 1921 propenfius
1021 1875 1165 1921 diligere
1181 1876 1370 1917 consuevit,
1391 1883 1425 1911 et
1438 1890 1482 1911 ne
1494 1891 1683 1924 pravorum

200 1929 382 1963 hominum
401 1928 528 1962 illicitis
546 1929 805 1975 gravaminibus
824 1930 1050 1965 molestentur
1068 1944 1127 1966 eos
1145 1933 1375 1979 protchonis
1401 1932 1459 1967 sue
1490 1934 1683 1968 munimine

202 1990 368 2031 tanquam
398 1985 454 2031 pia
480 1991 592 2018 mater
623 1984 669 2019 est
694 1983 793 2019 solita
820 1986 1019 2028 confovere,
1048 1989 1211 2034 quatinus
1238 2002 1320 2035 erga
1350 1989 1546 2023 Romanam
1575 1990 1683 2029 00010-

200 2039 279 2075 fiam
298 2046 396 2075 tanto
416 2041 614 2075 devotiores
632 2041 777 2076 existant
794 2048 925 2088 quanto
944 2044 1112 2091 majorem
1140 2045 1182 2078 ab
1211 2058 1251 2078 ea
1280 2045 1426 2090 gratiam
1459 2045 1490 2079 se
1517 2047 1682 2080 noverint

199 2094 379 2131 assecutos.
432 2096 629 2143 Eapropter
648 2097 767 2131 dilecti
786 2098 821 2131 in
841 2098 998 2134 Domino
1026 2100 1099 2140 filii,
1133 2101 1356 2135 devotionem
1383 2114 1485 2147 quam
1505 2114 1588 2148 erga
1605 2102 1683 2137 bea-

199 2158 275 2187 tum
295 2152 439 2187 Petrum
459 2158 493 2186 et
511 2151 660 2199 nolipsos
678 2153 805 2188 habere
821 2154 1036 2189 dinoscimini
1051 2157 1282 2197 attendentes,
1304 2156 1547 2191 monasterium
1561 2157 1681 2193 Saneti

199 2209 322 2245 Jacobi
341 2209 383 2243 de
403 2207 550 2243 Paffelet
569 2209 605 2242 in
623 2222 692 2255 quo
712 2209 831 2244 divino
849 2212 1035 2258 mancipati
1051 2211 1125 2246 estis
1140 2211 1302 2258 obsequio
1314 2225 1353 2247 ac
1367 2212 1529 2259 personas
1540 2213 1678 2255 vestras,

199 2279 278 2301 cum
298 2265 459 2300 omnibus
477 2278 543 2311 que
563 2265 862 2312 impresentiarum
875 2267 965 2313 juste
983 2280 1022 2301 ac
1041 2268 1293 2302 rationabiliter
1320 2267 1495 2315 possidetis
1512 2275 1572 2304 aut
1590 2270 1679 2304 infu-

198 2328 318 2357 turum
330 2321 429 2369 justis
447 2322 559 2356 modis
578 2321 659 2356 Deo
677 2322 829 2370 propitio
848 2323 1006 2370 poteritis
1024 2323 1173 2371 adipisci,
1200 2324 1260 2359 sub
1288 2325 1378 2359 beati
1400 2325 1494 2360 Petri
1513 2331 1547 2360 et
1564 2326 1679 2361 nostra

901 2381 923 2412 3
943 2391 964 2413 G
