<?xml version="1.0" encoding="UTF-8"?>
<!DOCTYPE html PUBLIC "-//W3C//DTD XHTML 1.0 Transitional//EN"
    "http://www.w3.org/TR/xhtml1/DTD/xhtml1-transitional.dtd">
<html xmlns="http://www.w3.org/1999/xhtml" xml:lang="en" lang="en">
 <head>
  <title>
</title>
<meta http-equiv="Content-Type" content="text/html;charset=utf-8" />
  <meta name='ocr-system' content='tesseract 3.04.00' />
  <meta name='ocr-capabilities' content='ocr_page ocr_carea ocr_par ocr_line ocrx_word'/>
</head>
<body>
  <div class='ocr_page' id='page_1' title='image "./registrummonaste00mait_0091.png"; bbox 0 0 1839 2652; ppageno 0'>
   <div class='ocr_carea' id='block_1_1' title="bbox 735 291 1651 329">
    <p class='ocr_par' dir='ltr' id='par_1_1' title="bbox 735 291 1651 329">
     <span class='ocr_line' id='line_1_1' title="bbox 735 291 1651 329; baseline 0.003 -3"><span class='ocrx_word' id='word_1_1' title='bbox 735 291 805 326; x_wconf 88' lang='lat' dir='ltr'>DE</span> <span class='ocrx_word' id='word_1_2' title='bbox 835 292 1103 327; x_wconf 89' lang='lat' dir='ltr'><strong>PASSELET.</strong></span> <span class='ocrx_word' id='word_1_3' title='bbox 1608 298 1651 329; x_wconf 76' lang='lat'>:31</span> 
     </span>
    </p>
   </div>
   <div class='ocr_carea' id='block_1_2' title="bbox 169 385 1659 1383">
    <p class='ocr_par' dir='ltr' id='par_1_2' title="bbox 169 385 1659 1383">
     <span class='ocr_line' id='line_1_2' title="bbox 172 385 1654 437; baseline 0.004 -18"><span class='ocrx_word' id='word_1_4' title='bbox 172 385 345 426; x_wconf 85' lang='lat' dir='ltr'>volumus,</span> <span class='ocrx_word' id='word_1_5' title='bbox 360 392 394 420; x_wconf 87' lang='lat' dir='ltr'>et</span> <span class='ocrx_word' id='word_1_6' title='bbox 406 399 470 433; x_wconf 89' lang='lat' dir='ltr'>pro</span> <span class='ocrx_word' id='word_1_7' title='bbox 484 387 583 422; x_wconf 90' lang='lat' dir='ltr'>nobis</span> <span class='ocrx_word' id='word_1_8' title='bbox 596 394 630 422; x_wconf 87' lang='lat' dir='ltr'>et</span> <span class='ocrx_word' id='word_1_9' title='bbox 649 387 835 422; x_wconf 71' lang='lat' dir='ltr'><strong>heredibus</strong></span> <span class='ocrx_word' id='word_1_10' title='bbox 853 389 976 424; x_wconf 83' lang='lat' dir='ltr'>nostris</span> <span class='ocrx_word' id='word_1_11' title='bbox 994 390 1253 437; x_wconf 79' lang='lat' dir='ltr'>imperpetuum</span> <span class='ocrx_word' id='word_1_12' title='bbox 1269 389 1504 430; x_wconf 80' lang='lat' dir='ltr'><strong>concedimus,</strong></span> <span class='ocrx_word' id='word_1_13' title='bbox 1519 402 1569 431; x_wconf 87' lang='lat' dir='ltr'>ac,</span> <span class='ocrx_word' id='word_1_14' title='bbox 1586 391 1654 426; x_wconf 82' lang='lat' dir='ltr'>vir-</span> 
     </span>
     <span class='ocr_line' id='line_1_3' title="bbox 171 442 1653 493; baseline 0.003 -16"><span class='ocrx_word' id='word_1_15' title='bbox 171 449 246 477; x_wconf 86' lang='lat' dir='ltr'>tute</span> <span class='ocrx_word' id='word_1_16' title='bbox 264 442 461 490; x_wconf 48' lang='lat' dir='ltr'>supradicte</span> <span class='ocrx_word' id='word_1_17' title='bbox 478 444 706 480; x_wconf 79' lang='lat' dir='ltr'>submissionis</span> <span class='ocrx_word' id='word_1_18' title='bbox 733 445 768 478; x_wconf 91' lang='lat' dir='ltr'>in</span> <span class='ocrx_word' id='word_1_19' title='bbox 794 458 857 479; x_wconf 85' lang='lat' dir='ltr'>nos</span> <span class='ocrx_word' id='word_1_20' title='bbox 875 446 978 487; x_wconf 49' lang='lat' dir='ltr'>faeie,</span> <span class='ocrx_word' id='word_1_21' title='bbox 1007 447 1234 486; x_wconf 82' lang='lat' dir='ltr'>declaramus,</span> <span class='ocrx_word' id='word_1_22' title='bbox 1263 451 1298 481; x_wconf 86' lang='lat' dir='ltr'>et</span> <span class='ocrx_word' id='word_1_23' title='bbox 1314 460 1379 493; x_wconf 90' lang='lat' dir='ltr'>pro</span> <span class='ocrx_word' id='word_1_24' title='bbox 1399 447 1575 482; x_wconf 88' lang='lat' dir='ltr'>declarato</span> <span class='ocrx_word' id='word_1_25' title='bbox 1594 447 1653 481; x_wconf 87' lang='lat' dir='ltr'>ha-</span> 
     </span>
     <span class='ocr_line' id='line_1_4' title="bbox 170 499 1654 550; baseline 0.003 -17"><span class='ocrx_word' id='word_1_26' title='bbox 170 499 245 534; x_wconf 89' lang='lat' dir='ltr'>beri</span> <span class='ocrx_word' id='word_1_27' title='bbox 262 500 436 541; x_wconf 77' lang='lat' dir='ltr'>volumus,</span> <span class='ocrx_word' id='word_1_28' title='bbox 457 502 552 547; x_wconf 92' lang='lat' dir='ltr'>quod</span> <span class='ocrx_word' id='word_1_29' title='bbox 568 501 639 549; x_wconf 84' lang='lat' dir='ltr'>ipsa</span> <span class='ocrx_word' id='word_1_30' title='bbox 656 500 771 548; x_wconf 76' lang='lat' dir='ltr'>pensio</span> <span class='ocrx_word' id='word_1_31' title='bbox 789 502 1020 548; x_wconf 82' lang='lat' dir='ltr'>quadraginta</span> <span class='ocrx_word' id='word_1_32' title='bbox 1038 515 1232 537; x_wconf 87' lang='lat' dir='ltr'>marcarum</span> <span class='ocrx_word' id='word_1_33' title='bbox 1250 501 1293 537; x_wconf 91' lang='lat' dir='ltr'>fic</span> <span class='ocrx_word' id='word_1_34' title='bbox 1311 503 1348 537; x_wconf 91' lang='lat' dir='ltr'>in</span> <span class='ocrx_word' id='word_1_35' title='bbox 1361 502 1450 550; x_wconf 83' lang='lat' dir='ltr'>ipsos</span> <span class='ocrx_word' id='word_1_36' title='bbox 1463 515 1526 550; x_wconf 90' lang='lat' dir='ltr'>per</span> <span class='ocrx_word' id='word_1_37' title='bbox 1541 503 1654 538; x_wconf 71' lang='grc'>(116105</span> 
     </span>
     <span class='ocr_line' id='line_1_5' title="bbox 175 555 1654 606; baseline 0.003 -16"><span class='ocrx_word' id='word_1_38' title='bbox 175 555 381 602; x_wconf 81' lang='lat' dir='ltr'>Magistrum</span> <span class='ocrx_word' id='word_1_39' title='bbox 417 558 606 592; x_wconf 88' lang='lat' dir='ltr'>canonicos</span> <span class='ocrx_word' id='word_1_40' title='bbox 645 563 679 592; x_wconf 93' lang='lat' dir='ltr'>et</span> <span class='ocrx_word' id='word_1_41' title='bbox 723 558 892 592; x_wconf 79' lang='lat' dir='ltr'>moniales</span> <span class='ocrx_word' id='word_1_42' title='bbox 926 557 1148 604; x_wconf 84' lang='lat' dir='ltr'>trans[lata‚]</span> <span class='ocrx_word' id='word_1_43' title='bbox 1188 558 1369 594; x_wconf 82' lang='lat' dir='ltr'>censeatur</span> <span class='ocrx_word' id='word_1_44' title='bbox 1397 565 1432 593; x_wconf 86' lang='lat' dir='ltr'>et</span> <span class='ocrx_word' id='word_1_45' title='bbox 1457 560 1654 606; x_wconf 88' lang='lat' dir='ltr'>computari</span> 
     </span>
     <span class='ocr_line' id='line_1_6' title="bbox 172 612 1654 661; baseline 0.002 -15"><span class='ocrx_word' id='word_1_46' title='bbox 172 612 296 647; x_wconf 87' lang='lat' dir='ltr'>debeat</span> <span class='ocrx_word' id='word_1_47' title='bbox 314 618 348 646; x_wconf 93' lang='lat' dir='ltr'>et</span> <span class='ocrx_word' id='word_1_48' title='bbox 366 613 495 647; x_wconf 86' lang='lat' dir='ltr'>censeri</span> <span class='ocrx_word' id='word_1_49' title='bbox 524 614 615 647; x_wconf 86' lang='lat' dir='ltr'>inter</span> <span class='ocrx_word' id='word_1_50' title='bbox 641 613 724 647; x_wconf 84' lang='lat' dir='ltr'>alias</span> <span class='ocrx_word' id='word_1_51' title='bbox 751 612 973 660; x_wconf 84' lang='lat' dir='ltr'>poffefliones</span> <span class='ocrx_word' id='word_1_52' title='bbox 1004 614 1157 661; x_wconf 86' lang='lat' dir='ltr'>ipsorum</span> <span class='ocrx_word' id='word_1_53' title='bbox 1188 615 1364 661; x_wconf 86' lang='lat' dir='ltr'>quondam</span> <span class='ocrx_word' id='word_1_54' title='bbox 1399 615 1590 661; x_wconf 83' lang='lat' dir='ltr'>Reginaldi</span> <span class='ocrx_word' id='word_1_55' title='bbox 1619 621 1654 650; x_wconf 88' lang='lat' dir='ltr'>et</span> 
     </span>
     <span class='ocr_line' id='line_1_7' title="bbox 172 668 1655 718; baseline 0.002 -16"><span class='ocrx_word' id='word_1_56' title='bbox 172 668 304 702; x_wconf 86' lang='lat' dir='ltr'>domini</span> <span class='ocrx_word' id='word_1_57' title='bbox 324 668 479 702; x_wconf 86' lang='lat' dir='ltr'>Wilelmi</span> <span class='ocrx_word' id='word_1_58' title='bbox 499 675 532 703; x_wconf 85' lang='lat' dir='ltr'>et</span> <span class='ocrx_word' id='word_1_59' title='bbox 563 669 733 703; x_wconf 85' lang='lat' dir='ltr'>heredum</span> <span class='ocrx_word' id='word_1_60' title='bbox 752 668 895 703; x_wconf 85' lang='lat' dir='ltr'>suorum</span> <span class='ocrx_word' id='word_1_61' title='bbox 914 670 1028 704; x_wconf 82' lang='lat' dir='ltr'>nostle</span> <span class='ocrx_word' id='word_1_62' title='bbox 1047 670 1260 704; x_wconf 86' lang='lat' dir='ltr'>ordinationi</span> <span class='ocrx_word' id='word_1_63' title='bbox 1291 676 1325 705; x_wconf 89' lang='lat' dir='ltr'>et</span> <span class='ocrx_word' id='word_1_64' title='bbox 1353 670 1563 718; x_wconf 75' lang='lat' dir='ltr'>dispositioni</span> <span class='ocrx_word' id='word_1_65' title='bbox 1580 670 1655 705; x_wconf 88' lang='lat' dir='ltr'>sub-</span> 
     </span>
     <span class='ocr_line' id='line_1_8' title="bbox 169 722 1651 774; baseline 0.003 -16"><span class='ocrx_word' id='word_1_66' title='bbox 169 722 290 765; x_wconf 86' lang='lat' dir='ltr'>missas,</span> <span class='ocrx_word' id='word_1_67' title='bbox 305 729 339 758; x_wconf 89' lang='lat' dir='ltr'>et</span> <span class='ocrx_word' id='word_1_68' title='bbox 352 723 428 771; x_wconf 88' lang='lat' dir='ltr'>ipfis</span> <span class='ocrx_word' id='word_1_69' title='bbox 442 724 607 772; x_wconf 79' lang='lat' dir='ltr'>religiosis</span> <span class='ocrx_word' id='word_1_70' title='bbox 621 725 751 772; x_wconf 79' lang='lat' dir='ltr'>Abbati</span> <span class='ocrx_word' id='word_1_71' title='bbox 770 731 805 759; x_wconf 88' lang='lat' dir='ltr'>et</span> <span class='ocrx_word' id='word_1_72' title='bbox 817 726 1006 760; x_wconf 89' lang='lat' dir='ltr'>conventui</span> <span class='ocrx_word' id='word_1_73' title='bbox 1021 732 1192 773; x_wconf 88' lang='lat' dir='ltr'>perpetuo</span> <span class='ocrx_word' id='word_1_74' title='bbox 1211 727 1445 773; x_wconf 81' lang='lat' dir='ltr'>applicandas,</span> <span class='ocrx_word' id='word_1_75' title='bbox 1466 732 1506 762; x_wconf 89' lang='lat' dir='ltr'>ut</span> <span class='ocrx_word' id='word_1_76' title='bbox 1523 727 1650 774; x_wconf 88' lang='lat' dir='ltr'>supra·</span> <span class='ocrx_word' id='word_1_77' title='bbox 1641 754 1651 769; x_wconf 91' lang='lat'>,</span> 
     </span>
     <span class='ocr_line' id='line_1_9' title="bbox 170 768 1654 830; baseline 0.002 -16"><span class='ocrx_word' id='word_1_78' title='bbox 170 779 344 827; x_wconf 72' lang='lat' dir='ltr'>ipsamque</span> <span class='ocrx_word' id='word_1_79' title='bbox 362 779 574 828; x_wconf 79' lang='lat' dir='ltr'>pensionem,</span> <span class='ocrx_word' id='word_1_80' title='bbox 602 780 703 828; x_wconf 89' lang='lat' dir='ltr'>ipfius</span> <span class='ocrx_word' id='word_1_81' title='bbox 721 768 947 816; x_wconf 74' lang='lat' dir='ltr'>submissionis</span> <span class='ocrx_word' id='word_1_82' title='bbox 965 788 1141 828; x_wconf 85' lang='lat' dir='ltr'>pretextu,</span> <span class='ocrx_word' id='word_1_83' title='bbox 1169 781 1308 823; x_wconf 88' lang='lat' dir='ltr'>eisdem,</span> <span class='ocrx_word' id='word_1_84' title='bbox 1337 795 1415 817; x_wconf 84' lang='lat' dir='ltr'>cuin</span> <span class='ocrx_word' id='word_1_85' title='bbox 1434 783 1509 817; x_wconf 87' lang='lat' dir='ltr'>aliis</span> <span class='ocrx_word' id='word_1_86' title='bbox 1538 783 1654 830; x_wconf 88' lang='lat' dir='ltr'>supra-</span> 
     </span>
     <span class='ocr_line' id='line_1_10' title="bbox 171 837 1654 886; baseline 0.002 -15"><span class='ocrx_word' id='word_1_87' title='bbox 171 837 273 872; x_wconf 60' lang='lat' dir='ltr'>dietis</span> <span class='ocrx_word' id='word_1_88' title='bbox 290 838 391 872; x_wconf 81' lang='lat' dir='ltr'>teriis</span> <span class='ocrx_word' id='word_1_89' title='bbox 406 843 440 872; x_wconf 90' lang='lat' dir='ltr'>et</span> <span class='ocrx_word' id='word_1_90' title='bbox 454 837 849 885; x_wconf 84' lang='lat' dir='ltr'>poffessionibus,1mpe1</span> <span class='ocrx_word' id='word_1_91' title='bbox 851 843 997 884; x_wconf 88' lang='lat' dir='ltr'>petuum</span> <span class='ocrx_word' id='word_1_92' title='bbox 1009 839 1232 885; x_wconf 79' lang='lat' dir='ltr'>applicamus,</span> <span class='ocrx_word' id='word_1_93' title='bbox 1248 838 1291 873; x_wconf 80' lang='lat' dir='ltr'>fic</span> <span class='ocrx_word' id='word_1_94' title='bbox 1305 852 1370 886; x_wconf 87' lang='lat' dir='ltr'>pro</span> <span class='ocrx_word' id='word_1_95' title='bbox 1385 842 1464 884; x_wconf 88' lang='lat' dir='ltr'>[ea]</span> <span class='ocrx_word' id='word_1_96' title='bbox 1478 852 1543 874; x_wconf 84' lang='lat' dir='ltr'>nec</span> <span class='ocrx_word' id='word_1_97' title='bbox 1558 840 1654 874; x_wconf 78' lang='grc' dir='ltr'>(11ἃο</span> 
     </span>
     <span class='ocr_line' id='line_1_11' title="bbox 171 893 1656 940; baseline 0.002 -13"><span class='ocrx_word' id='word_1_98' title='bbox 171 894 314 928; x_wconf 87' lang='lat' dir='ltr'>domino</span> <span class='ocrx_word' id='word_1_99' title='bbox 336 893 499 928; x_wconf 57' lang='lat' dir='ltr'>lVilelmo</span> <span class='ocrx_word' id='word_1_100' title='bbox 526 894 583 928; x_wconf 78' lang='lat' dir='ltr'>vel</span> <span class='ocrx_word' id='word_1_101' title='bbox 601 893 788 928; x_wconf 83' lang='lat' dir='ltr'>heredibus</span> <span class='ocrx_word' id='word_1_102' title='bbox 814 893 892 934; x_wconf 88' lang='lat' dir='ltr'>suis,</span> <span class='ocrx_word' id='word_1_103' title='bbox 921 900 980 928; x_wconf 86' lang='lat' dir='ltr'>aut</span> <span class='ocrx_word' id='word_1_104' title='bbox 1011 893 1086 940; x_wconf 87' lang='lat' dir='ltr'>ipfis</span> <span class='ocrx_word' id='word_1_105' title='bbox 1119 894 1289 940; x_wconf 51' lang='lat' dir='ltr'>ll&#39;sagistro</span> <span class='ocrx_word' id='word_1_106' title='bbox 1319 896 1494 929; x_wconf 83' lang='lat' dir='ltr'>canonicis</span> <span class='ocrx_word' id='word_1_107' title='bbox 1522 902 1556 930; x_wconf 90' lang='lat' dir='ltr'>et</span> <span class='ocrx_word' id='word_1_108' title='bbox 1582 909 1656 930; x_wconf 87' lang='lat' dir='ltr'>mo—</span> 
     </span>
     <span class='ocr_line' id='line_1_12' title="bbox 170 949 1655 998; baseline 0.001 -15"><span class='ocrx_word' id='word_1_109' title='bbox 170 949 318 984; x_wconf 85' lang='lat' dir='ltr'>nialibus</span> <span class='ocrx_word' id='word_1_110' title='bbox 337 949 379 983; x_wconf 89' lang='lat' dir='ltr'>de</span> <span class='ocrx_word' id='word_1_111' title='bbox 399 949 655 997; x_wconf 83' lang='lat' dir='ltr'>Simpringham</span> <span class='ocrx_word' id='word_1_112' title='bbox 684 950 719 983; x_wconf 85' lang='lat' dir='ltr'>in</span> <span class='ocrx_word' id='word_1_113' title='bbox 748 950 817 984; x_wconf 88' lang='lat' dir='ltr'>hoc</span> <span class='ocrx_word' id='word_1_114' title='bbox 835 949 913 983; x_wconf 88' lang='lat' dir='ltr'>casn</span> <span class='ocrx_word' id='word_1_115' title='bbox 944 955 1133 984; x_wconf 89' lang='lat' dir='ltr'>teneantur</span> <span class='ocrx_word' id='word_1_116' title='bbox 1162 951 1333 997; x_wconf 86' lang='lat' dir='ltr'>aliquibus</span> <span class='ocrx_word' id='word_1_117' title='bbox 1364 951 1491 985; x_wconf 82' lang='lat' dir='ltr'>futuris</span> <span class='ocrx_word' id='word_1_118' title='bbox 1521 957 1655 998; x_wconf 89' lang='lat' dir='ltr'>tempo-</span> 
     </span>
     <span class='ocr_line' id='line_1_13' title="bbox 170 1005 1655 1053; baseline 0.001 -14"><span class='ocrx_word' id='word_1_119' title='bbox 170 1005 264 1040; x_wconf 86' lang='lat' dir='ltr'>ribus</span> <span class='ocrx_word' id='word_1_120' title='bbox 278 1006 472 1052; x_wconf 83' lang='lat' dir='ltr'>aliqualiter</span> <span class='ocrx_word' id='word_1_121' title='bbox 490 1006 713 1053; x_wconf 88' lang='lat' dir='ltr'>respondere.</span> <span class='ocrx_word' id='word_1_122' title='bbox 767 1005 811 1040; x_wconf 92' lang='lat' dir='ltr'>In</span> <span class='ocrx_word' id='word_1_123' title='bbox 830 1006 929 1053; x_wconf 87' lang='lat' dir='ltr'>cujus</span> <span class='ocrx_word' id='word_1_124' title='bbox 947 1006 997 1041; x_wconf 89' lang='lat' dir='ltr'>rei</span> <span class='ocrx_word' id='word_1_125' title='bbox 1015 1006 1250 1041; x_wconf 85' lang='lat' dir='ltr'>testimonium</span> <span class='ocrx_word' id='word_1_126' title='bbox 1267 1006 1417 1053; x_wconf 84' lang='lat' dir='ltr'>presenti</span> <span class='ocrx_word' id='word_1_127' title='bbox 1432 1013 1526 1042; x_wconf 86' lang='lat' dir='ltr'>carte</span> <span class='ocrx_word' id='word_1_128' title='bbox 1540 1007 1655 1041; x_wconf 84' lang='lat' dir='ltr'>nostre</span> 
     </span>
     <span class='ocr_line' id='line_1_14' title="bbox 171 1061 1655 1110; baseline 0.001 -15"><span class='ocrx_word' id='word_1_129' title='bbox 171 1061 277 1108; x_wconf 75' lang='lat' dir='ltr'>sigilla</span> <span class='ocrx_word' id='word_1_130' title='bbox 295 1062 411 1096; x_wconf 81' lang='lat' dir='ltr'>nostra</span> <span class='ocrx_word' id='word_1_131' title='bbox 428 1062 507 1097; x_wconf 85' lang='lat' dir='ltr'>sunt</span> <span class='ocrx_word' id='word_1_132' title='bbox 525 1062 684 1110; x_wconf 73' lang='lat' dir='ltr'>appensa.</span> <span class='ocrx_word' id='word_1_133' title='bbox 740 1062 820 1096; x_wconf 78' lang='lat' dir='ltr'>Hiis</span> <span class='ocrx_word' id='word_1_134' title='bbox 832 1062 982 1102; x_wconf 73' lang='lat' dir='ltr'>testibus,</span> <span class='ocrx_word' id='word_1_135' title='bbox 1004 1063 1194 1097; x_wconf 76' lang='lat' dir='ltr'>venerabili</span> <span class='ocrx_word' id='word_1_136' title='bbox 1213 1069 1311 1109; x_wconf 84' lang='lat' dir='ltr'>patre</span> <span class='ocrx_word' id='word_1_137' title='bbox 1331 1063 1474 1097; x_wconf 82' lang='lat' dir='ltr'>domino</span> <span class='ocrx_word' id='word_1_138' title='bbox 1495 1063 1655 1097; x_wconf 85' lang='lat' dir='ltr'>Roberto</span> 
     </span>
     <span class='ocr_line' id='line_1_15' title="bbox 171 1118 1655 1166; baseline -0.001 -13"><span class='ocrx_word' id='word_1_139' title='bbox 171 1118 293 1153; x_wconf 79' lang='lat' dir='ltr'>abbate</span> <span class='ocrx_word' id='word_1_140' title='bbox 329 1119 371 1153; x_wconf 91' lang='lat' dir='ltr'>de</span> <span class='ocrx_word' id='word_1_141' title='bbox 400 1119 619 1166; x_wconf 73' lang='lat' dir='ltr'>Kilwynine,</span> <span class='ocrx_word' id='word_1_142' title='bbox 658 1119 802 1153; x_wconf 89' lang='lat' dir='ltr'>domino</span> <span class='ocrx_word' id='word_1_143' title='bbox 834 1118 991 1165; x_wconf 79' lang='lat' dir='ltr'>Hugone</span> <span class='ocrx_word' id='word_1_144' title='bbox 1023 1119 1065 1153; x_wconf 96' lang='grc'>(10</span> <span class='ocrx_word' id='word_1_145' title='bbox 1099 1119 1281 1166; x_wconf 76' lang='lat' dir='ltr'>Eglynton</span> <span class='ocrx_word' id='word_1_146' title='bbox 1314 1119 1458 1153; x_wconf 88' lang='lat' dir='ltr'>domino</span> <span class='ocrx_word' id='word_1_147' title='bbox 1491 1119 1655 1166; x_wconf 85' lang='lat' dir='ltr'>ejusdem,</span> 
     </span>
     <span class='ocr_line' id='line_1_16' title="bbox 172 1174 1659 1215; baseline 0 -6"><span class='ocrx_word' id='word_1_148' title='bbox 172 1176 316 1209; x_wconf 85' lang='lat' dir='ltr'>domino</span> <span class='ocrx_word' id='word_1_149' title='bbox 345 1175 555 1210; x_wconf 77' lang='lat' dir='ltr'>Alexandro</span> <span class='ocrx_word' id='word_1_150' title='bbox 585 1174 782 1210; x_wconf 87' lang='lat' dir='ltr'>Senescallo</span> <span class='ocrx_word' id='word_1_151' title='bbox 823 1175 966 1209; x_wconf 88' lang='lat' dir='ltr'>domino</span> <span class='ocrx_word' id='word_1_152' title='bbox 998 1174 1186 1215; x_wconf 83' lang='lat' dir='ltr'>Crukfion‚</span> <span class='ocrx_word' id='word_1_153' title='bbox 1228 1175 1371 1209; x_wconf 89' lang='lat' dir='ltr'>domino</span> <span class='ocrx_word' id='word_1_154' title='bbox 1410 1175 1578 1211; x_wconf 86' lang='lat' dir='ltr'>Johanne</span> <span class='ocrx_word' id='word_1_155' title='bbox 1617 1176 1659 1209; x_wconf 92' lang='lat' dir='ltr'>de</span> 
     </span>
     <span class='ocr_line' id='line_1_17' title="bbox 173 1231 1657 1278; baseline 0 -13"><span class='ocrx_word' id='word_1_156' title='bbox 173 1231 383 1265; x_wconf 86' lang='lat' dir='ltr'>Daniotston</span> <span class='ocrx_word' id='word_1_157' title='bbox 412 1232 555 1265; x_wconf 88' lang='lat' dir='ltr'>domino</span> <span class='ocrx_word' id='word_1_158' title='bbox 587 1231 751 1278; x_wconf 88' lang='lat' dir='ltr'>ejusdem,</span> <span class='ocrx_word' id='word_1_159' title='bbox 793 1231 936 1265; x_wconf 89' lang='lat' dir='ltr'>domino</span> <span class='ocrx_word' id='word_1_160' title='bbox 978 1231 1059 1265; x_wconf 90' lang='lat' dir='ltr'>Ade</span> <span class='ocrx_word' id='word_1_161' title='bbox 1107 1231 1150 1265; x_wconf 90' lang='lat' dir='ltr'>de</span> <span class='ocrx_word' id='word_1_162' title='bbox 1193 1231 1401 1265; x_wconf 84' lang='lat' dir='ltr'>Fowlerton</span> <span class='ocrx_word' id='word_1_163' title='bbox 1429 1232 1574 1266; x_wconf 88' lang='lat' dir='ltr'>domino</span> <span class='ocrx_word' id='word_1_164' title='bbox 1615 1232 1657 1265; x_wconf 82' lang='lat' dir='ltr'>de</span> 
     </span>
     <span class='ocr_line' id='line_1_18' title="bbox 174 1286 1656 1334; baseline 0.001 -13"><span class='ocrx_word' id='word_1_165' title='bbox 174 1287 305 1328; x_wconf 72' lang='lat' dir='ltr'>Corlbi,</span> <span class='ocrx_word' id='word_1_166' title='bbox 326 1287 502 1327; x_wconf 82' lang='lat' dir='ltr'>militibus,</span> <span class='ocrx_word' id='word_1_167' title='bbox 533 1287 672 1321; x_wconf 81' lang='lat' dir='ltr'>Thonia</span> <span class='ocrx_word' id='word_1_168' title='bbox 691 1287 832 1334; x_wconf 81' lang='lat' dir='ltr'>Sympyl</span> <span class='ocrx_word' id='word_1_169' title='bbox 852 1287 995 1321; x_wconf 85' lang='lat' dir='ltr'>domino</span> <span class='ocrx_word' id='word_1_170' title='bbox 1023 1287 1065 1321; x_wconf 89' lang='lat' dir='ltr'>de</span> <span class='ocrx_word' id='word_1_171' title='bbox 1094 1286 1262 1332; x_wconf 78' lang='lat' dir='ltr'>Egliston,</span> <span class='ocrx_word' id='word_1_172' title='bbox 1289 1287 1455 1322; x_wconf 85' lang='lat' dir='ltr'>Johanne</span> <span class='ocrx_word' id='word_1_173' title='bbox 1482 1288 1525 1322; x_wconf 89' lang='lat' dir='ltr'>de</span> <span class='ocrx_word' id='word_1_174' title='bbox 1554 1287 1656 1322; x_wconf 81' lang='lat' dir='ltr'>Max-</span> 
     </span>
     <span class='ocr_line' id='line_1_19' title="bbox 173 1342 1353 1383; baseline -0.001 -6"><span class='ocrx_word' id='word_1_175' title='bbox 173 1344 240 1378; x_wconf 88' lang='lat' dir='ltr'>wel</span> <span class='ocrx_word' id='word_1_176' title='bbox 259 1343 401 1378; x_wconf 90' lang='lat' dir='ltr'>domino</span> <span class='ocrx_word' id='word_1_177' title='bbox 420 1343 462 1377; x_wconf 89' lang='lat' dir='ltr'>de</span> <span class='ocrx_word' id='word_1_178' title='bbox 483 1343 615 1383; x_wconf 88' lang='lat' dir='ltr'>Polloc,</span> <span class='ocrx_word' id='word_1_179' title='bbox 645 1342 792 1378; x_wconf 80' lang='lat' dir='ltr'>Glosnio</span> <span class='ocrx_word' id='word_1_180' title='bbox 812 1343 854 1377; x_wconf 90' lang='lat' dir='ltr'>de</span> <span class='ocrx_word' id='word_1_181' title='bbox 874 1343 1050 1383; x_wconf 63' lang='lat' dir='ltr'>Com-ais,</span> <span class='ocrx_word' id='word_1_182' title='bbox 1080 1348 1114 1377; x_wconf 89' lang='lat' dir='ltr'>et</span> <span class='ocrx_word' id='word_1_183' title='bbox 1133 1343 1250 1377; x_wconf 86' lang='lat' dir='ltr'>multis</span> <span class='ocrx_word' id='word_1_184' title='bbox 1268 1343 1353 1377; x_wconf 83' lang='lat' dir='ltr'>aliis.</span> 
     </span>
    </p>
   </div>
   <div class='ocr_carea' id='block_1_3' title="bbox 175 1511 1484 1559">
    <p class='ocr_par' dir='ltr' id='par_1_3' title="bbox 175 1511 1484 1559">
     <span class='ocr_line' id='line_1_20' title="bbox 175 1511 1484 1559; baseline 0 -13"><span class='ocrx_word' id='word_1_185' title='bbox 175 1511 355 1558; x_wconf 83' lang='lat' dir='ltr'>Obligatio</span> <span class='ocrx_word' id='word_1_186' title='bbox 373 1513 481 1547; x_wconf 87' lang='lat' dir='ltr'>annui</span> <span class='ocrx_word' id='word_1_187' title='bbox 499 1512 657 1546; x_wconf 86' lang='lat' dir='ltr'>redditus</span> <span class='ocrx_word' id='word_1_188' title='bbox 675 1512 768 1546; x_wconf 64' lang='lat' dir='ltr'>faeta</span> <span class='ocrx_word' id='word_1_189' title='bbox 788 1512 988 1558; x_wconf 79' lang='lat' dir='ltr'>Reginaldo</span> <span class='ocrx_word' id='word_1_190' title='bbox 1008 1512 1114 1547; x_wconf 85' lang='lat' dir='ltr'>More</span> <span class='ocrx_word' id='word_1_191' title='bbox 1132 1525 1194 1559; x_wconf 89' lang='lat' dir='ltr'>per</span> <span class='ocrx_word' id='word_1_192' title='bbox 1213 1512 1484 1559; x_wconf 82' lang='lat' dir='ltr'>Simpringham.</span> 
     </span>
    </p>
   </div>
   <div class='ocr_carea' id='block_1_4' title="bbox 174 1622 1658 2401">
    <p class='ocr_par' dir='ltr' id='par_1_4' title="bbox 174 1622 1658 2401">
     <span class='ocr_line' id='line_1_21' title="bbox 175 1622 1658 1671; baseline -0.002 -11"><span class='ocrx_word' id='word_1_193' title='bbox 175 1625 455 1660; x_wconf 86' lang='lat' dir='ltr'>UNIVERSIS</span> <span class='ocrx_word' id='word_1_194' title='bbox 495 1625 619 1660; x_wconf 81' lang='lat' dir='ltr'>Christi</span> <span class='ocrx_word' id='word_1_195' title='bbox 655 1624 815 1659; x_wconf 86' lang='lat' dir='ltr'>fidelibus</span> <span class='ocrx_word' id='word_1_196' title='bbox 846 1623 1023 1671; x_wconf 85' lang='lat' dir='ltr'>presentes</span> <span class='ocrx_word' id='word_1_197' title='bbox 1052 1623 1185 1657; x_wconf 82' lang='lat' dir='ltr'>litteras</span> <span class='ocrx_word' id='word_1_198' title='bbox 1216 1622 1434 1670; x_wconf 64' lang='lat' dir='ltr'>inspeeturis‚</span> <span class='ocrx_word' id='word_1_199' title='bbox 1477 1623 1658 1671; x_wconf 90' lang='lat' dir='ltr'>Philippus</span> 
     </span>
     <span class='ocr_line' id='line_1_22' title="bbox 174 1679 1658 1728; baseline -0.001 -13"><span class='ocrx_word' id='word_1_200' title='bbox 174 1680 393 1728; x_wconf 73' lang='lat' dir='ltr'>permissione</span> <span class='ocrx_word' id='word_1_201' title='bbox 411 1682 529 1716; x_wconf 88' lang='lat' dir='ltr'>divina</span> <span class='ocrx_word' id='word_1_202' title='bbox 546 1681 707 1727; x_wconf 82' lang='lat' dir='ltr'>magister</span> <span class='ocrx_word' id='word_1_203' title='bbox 726 1681 857 1715; x_wconf 84' lang='lat' dir='ltr'>ordinis</span> <span class='ocrx_word' id='word_1_204' title='bbox 884 1681 926 1714; x_wconf 88' lang='lat' dir='ltr'>de</span> <span class='ocrx_word' id='word_1_205' title='bbox 959 1679 1231 1726; x_wconf 77' lang='lat' dir='ltr'>Simpringham,</span> <span class='ocrx_word' id='word_1_206' title='bbox 1260 1679 1489 1725; x_wconf 83' lang='lat' dir='ltr'>canonicique</span> <span class='ocrx_word' id='word_1_207' title='bbox 1521 1686 1555 1714; x_wconf 92' lang='lat' dir='ltr'>et</span> <span class='ocrx_word' id='word_1_208' title='bbox 1585 1693 1658 1714; x_wconf 83' lang='lat' dir='ltr'>nio-</span> 
     </span>
     <span class='ocr_line' id='line_1_23' title="bbox 176 1735 1658 1784; baseline 0 -13"><span class='ocrx_word' id='word_1_209' title='bbox 176 1737 282 1771; x_wconf 85' lang='lat' dir='ltr'>niales</span> <span class='ocrx_word' id='word_1_210' title='bbox 300 1738 450 1784; x_wconf 71' lang='lat' dir='ltr'>predi6&#39;ci</span> <span class='ocrx_word' id='word_1_211' title='bbox 468 1738 610 1778; x_wconf 84' lang='lat' dir='ltr'>ordinis,</span> <span class='ocrx_word' id='word_1_212' title='bbox 640 1736 784 1771; x_wconf 79' lang='lat' dir='ltr'>salutem</span> <span class='ocrx_word' id='word_1_213' title='bbox 804 1738 840 1770; x_wconf 92' lang='lat' dir='ltr'>in</span> <span class='ocrx_word' id='word_1_214' title='bbox 859 1737 1018 1771; x_wconf 87' lang='lat' dir='ltr'>onmium</span> <span class='ocrx_word' id='word_1_215' title='bbox 1044 1735 1226 1770; x_wconf 84' lang='lat' dir='ltr'>salvatore.</span> <span class='ocrx_word' id='word_1_216' title='bbox 1280 1736 1372 1770; x_wconf 88' lang='lat' dir='ltr'>Cum</span> <span class='ocrx_word' id='word_1_217' title='bbox 1403 1749 1467 1770; x_wconf 88' lang='lat' dir='ltr'>nos</span> <span class='ocrx_word' id='word_1_218' title='bbox 1495 1750 1558 1783; x_wconf 90' lang='lat' dir='ltr'>per</span> <span class='ocrx_word' id='word_1_219' title='bbox 1587 1750 1658 1771; x_wconf 85' lang='lat' dir='ltr'>car—</span> 
     </span>
     <span class='ocr_line' id='line_1_24' title="bbox 177 1790 1658 1838; baseline -0.001 -11"><span class='ocrx_word' id='word_1_220' title='bbox 177 1801 244 1827; x_wconf 80' lang='lat' dir='ltr'>tain</span> <span class='ocrx_word' id='word_1_221' title='bbox 265 1793 415 1827; x_wconf 84' lang='lat' dir='ltr'>nostram</span> <span class='ocrx_word' id='word_1_222' title='bbox 432 1794 643 1828; x_wconf 84' lang='lat' dir='ltr'>hereditarie</span> <span class='ocrx_word' id='word_1_223' title='bbox 674 1790 940 1827; x_wconf 76' lang='lat' dir='ltr'>concesserimus</span> <span class='ocrx_word' id='word_1_224' title='bbox 973 1792 1172 1838; x_wconf 80' lang='lat' dir='ltr'>Reginaldo</span> <span class='ocrx_word' id='word_1_225' title='bbox 1204 1792 1299 1826; x_wconf 63' lang='lat' dir='ltr'>dieto</span> <span class='ocrx_word' id='word_1_226' title='bbox 1335 1791 1452 1832; x_wconf 82' lang='lat' dir='ltr'>More,</span> <span class='ocrx_word' id='word_1_227' title='bbox 1482 1792 1580 1826; x_wconf 90' lang='lat' dir='ltr'>illum</span> <span class='ocrx_word' id='word_1_228' title='bbox 1599 1806 1658 1826; x_wconf 89' lang='lat' dir='ltr'>an-</span> 
     </span>
     <span class='ocr_line' id='line_1_25' title="bbox 176 1847 1656 1897; baseline -0.002 -13"><span class='ocrx_word' id='word_1_229' title='bbox 176 1864 283 1885; x_wconf 86' lang='lat' dir='ltr'>nuum</span> <span class='ocrx_word' id='word_1_230' title='bbox 311 1851 486 1886; x_wconf 86' lang='lat' dir='ltr'>redditum</span> <span class='ocrx_word' id='word_1_231' title='bbox 518 1851 750 1897; x_wconf 83' lang='lat' dir='ltr'>quadraginta</span> <span class='ocrx_word' id='word_1_232' title='bbox 776 1861 973 1884; x_wconf 83' lang='lat' dir='ltr'>marcarum</span> <span class='ocrx_word' id='word_1_233' title='bbox 1004 1847 1253 1894; x_wconf 84' lang='lat' dir='ltr'>stirlingorum,</span> <span class='ocrx_word' id='word_1_234' title='bbox 1281 1860 1385 1893; x_wconf 89' lang='lat' dir='ltr'>quem</span> <span class='ocrx_word' id='word_1_235' title='bbox 1416 1847 1565 1894; x_wconf 81' lang='lat' dir='ltr'>religiosi</span> <span class='ocrx_word' id='word_1_236' title='bbox 1590 1849 1656 1883; x_wconf 87' lang='lat' dir='ltr'>viri</span> 
     </span>
     <span class='ocr_line' id='line_1_26' title="bbox 177 1904 1656 1942; baseline -0.002 -1"><span class='ocrx_word' id='word_1_237' title='bbox 177 1908 295 1941; x_wconf 70' lang='lat' dir='ltr'>Abbas</span> <span class='ocrx_word' id='word_1_238' title='bbox 314 1913 347 1941; x_wconf 89' lang='lat' dir='ltr'>et</span> <span class='ocrx_word' id='word_1_239' title='bbox 366 1913 560 1942; x_wconf 84' lang='lat' dir='ltr'>conventus</span> <span class='ocrx_word' id='word_1_240' title='bbox 578 1906 775 1941; x_wconf 85' lang='lat' dir='ltr'>monasterii</span> <span class='ocrx_word' id='word_1_241' title='bbox 794 1906 836 1940; x_wconf 92' lang='lat' dir='ltr'>de</span> <span class='ocrx_word' id='word_1_242' title='bbox 857 1904 1003 1940; x_wconf 83' lang='lat' dir='ltr'>Paffelet</span> <span class='ocrx_word' id='word_1_243' title='bbox 1029 1904 1128 1938; x_wconf 89' lang='lat' dir='ltr'>nobis</span> <span class='ocrx_word' id='word_1_244' title='bbox 1155 1910 1190 1938; x_wconf 90' lang='lat' dir='ltr'>et</span> <span class='ocrx_word' id='word_1_245' title='bbox 1217 1904 1338 1938; x_wconf 86' lang='lat' dir='ltr'>domui</span> <span class='ocrx_word' id='word_1_246' title='bbox 1355 1904 1470 1938; x_wconf 83' lang='lat' dir='ltr'>nostre</span> <span class='ocrx_word' id='word_1_247' title='bbox 1501 1905 1543 1939; x_wconf 91' lang='lat' dir='ltr'>de</span> <span class='ocrx_word' id='word_1_248' title='bbox 1571 1905 1656 1939; x_wconf 87' lang='lat' dir='ltr'>Sim-</span> 
     </span>
     <span class='ocr_line' id='line_1_27' title="bbox 175 1960 1657 2009; baseline -0.002 -12"><span class='ocrx_word' id='word_1_249' title='bbox 175 1964 357 2009; x_wconf 78' lang='lat' dir='ltr'>pringham</span> <span class='ocrx_word' id='word_1_250' title='bbox 375 1964 475 1997; x_wconf 80' lang='lat' dir='ltr'>anniS</span> <span class='ocrx_word' id='word_1_251' title='bbox 492 1962 632 2009; x_wconf 77' lang='lat' dir='ltr'>lingulis</span> <span class='ocrx_word' id='word_1_252' title='bbox 662 1963 809 1997; x_wconf 88' lang='lat' dir='ltr'>reddere</span> <span class='ocrx_word' id='word_1_253' title='bbox 839 1961 1052 1997; x_wconf 86' lang='lat' dir='ltr'>tenebantur</span> <span class='ocrx_word' id='word_1_254' title='bbox 1068 1974 1077 2002; x_wconf 90' lang='lat'>;</span> <span class='ocrx_word' id='word_1_255' title='bbox 1106 1960 1276 1995; x_wconf 87' lang='lat' dir='ltr'>noveritis</span> <span class='ocrx_word' id='word_1_256' title='bbox 1302 1973 1366 1994; x_wconf 86' lang='lat' dir='ltr'>nos</span> <span class='ocrx_word' id='word_1_257' title='bbox 1396 1973 1461 2007; x_wconf 89' lang='lat' dir='ltr'>pro</span> <span class='ocrx_word' id='word_1_258' title='bbox 1492 1961 1591 1994; x_wconf 89' lang='lat' dir='ltr'>nobis</span> <span class='ocrx_word' id='word_1_259' title='bbox 1622 1968 1657 1995; x_wconf 88' lang='lat' dir='ltr'>et</span> 
     </span>
     <span class='ocr_line' id='line_1_28' title="bbox 176 2016 1656 2065; baseline -0.001 -14"><span class='ocrx_word' id='word_1_260' title='bbox 176 2017 419 2053; x_wconf 70' lang='lat' dir='ltr'>suecessoribus</span> <span class='ocrx_word' id='word_1_261' title='bbox 437 2018 559 2053; x_wconf 89' lang='lat' dir='ltr'>nostris</span> <span class='ocrx_word' id='word_1_262' title='bbox 576 2019 690 2053; x_wconf 84' lang='lat' dir='ltr'>teneri</span> <span class='ocrx_word' id='word_1_263' title='bbox 709 2024 744 2053; x_wconf 85' lang='lat' dir='ltr'>et</span> <span class='ocrx_word' id='word_1_264' title='bbox 769 2031 832 2065; x_wconf 91' lang='lat' dir='ltr'>per</span> <span class='ocrx_word' id='word_1_265' title='bbox 850 2016 1026 2065; x_wconf 84' lang='lat' dir='ltr'>presentes</span> <span class='ocrx_word' id='word_1_266' title='bbox 1045 2016 1178 2050; x_wconf 86' lang='lat' dir='ltr'>litteras</span> <span class='ocrx_word' id='word_1_267' title='bbox 1197 2016 1344 2050; x_wconf 86' lang='lat' dir='ltr'>firmiter</span> <span class='ocrx_word' id='word_1_268' title='bbox 1371 2016 1516 2061; x_wconf 82' lang='lat' dir='ltr'>obligari</span> <span class='ocrx_word' id='word_1_269' title='bbox 1547 2016 1591 2049; x_wconf 87' lang='lat' dir='ltr'>ad</span> <span class='ocrx_word' id='word_1_270' title='bbox 1609 2016 1656 2049; x_wconf 87' lang='lat' dir='ltr'>fa-</span> 
     </span>
     <span class='ocr_line' id='line_1_29' title="bbox 176 2073 1656 2121; baseline -0.001 -12"><span class='ocrx_word' id='word_1_271' title='bbox 176 2075 336 2109; x_wconf 82' lang='lat' dir='ltr'>ciendum</span> <span class='ocrx_word' id='word_1_272' title='bbox 355 2075 575 2121; x_wconf 83' lang='lat' dir='ltr'>quascunque</span> <span class='ocrx_word' id='word_1_273' title='bbox 593 2075 727 2109; x_wconf 90' lang='lat' dir='ltr'>litteras</span> <span class='ocrx_word' id='word_1_274' title='bbox 745 2074 985 2121; x_wconf 75' lang='lat' dir='ltr'>resignationis</span> <span class='ocrx_word' id='word_1_275' title='bbox 1003 2073 1105 2120; x_wconf 88' lang='lat' dir='ltr'>super</span> <span class='ocrx_word' id='word_1_276' title='bbox 1123 2074 1219 2107; x_wconf 65' lang='lat' dir='ltr'>dieto</span> <span class='ocrx_word' id='word_1_277' title='bbox 1238 2086 1356 2107; x_wconf 86' lang='lat' dir='ltr'>annuo</span> <span class='ocrx_word' id='word_1_278' title='bbox 1375 2073 1515 2106; x_wconf 89' lang='lat' dir='ltr'>redditu</span> <span class='ocrx_word' id='word_1_279' title='bbox 1544 2074 1656 2119; x_wconf 82' lang='lat' dir='ltr'>prefa-</span> 
     </span>
     <span class='ocr_line' id='line_1_30' title="bbox 175 2128 1655 2177; baseline 0 -14"><span class='ocrx_word' id='word_1_280' title='bbox 175 2131 217 2164; x_wconf 88' lang='lat' dir='ltr'>tis</span> <span class='ocrx_word' id='word_1_281' title='bbox 233 2130 362 2165; x_wconf 82' lang='lat' dir='ltr'>Abbati</span> <span class='ocrx_word' id='word_1_282' title='bbox 375 2137 409 2165; x_wconf 87' lang='lat' dir='ltr'>et</span> <span class='ocrx_word' id='word_1_283' title='bbox 421 2132 611 2165; x_wconf 85' lang='lat' dir='ltr'>conventui</span> <span class='ocrx_word' id='word_1_284' title='bbox 630 2131 672 2165; x_wconf 92' lang='lat' dir='ltr'>de</span> <span class='ocrx_word' id='word_1_285' title='bbox 689 2129 847 2171; x_wconf 84' lang='lat' dir='ltr'>Paffelet,</span> <span class='ocrx_word' id='word_1_286' title='bbox 866 2130 927 2165; x_wconf 90' lang='lat' dir='ltr'>sub</span> <span class='ocrx_word' id='word_1_287' title='bbox 945 2142 1152 2177; x_wconf 88' lang='lat' dir='ltr'>quacunque</span> <span class='ocrx_word' id='word_1_288' title='bbox 1167 2129 1280 2163; x_wconf 81' lang='lat' dir='ltr'>fornia</span> <span class='ocrx_word' id='word_1_289' title='bbox 1297 2128 1355 2163; x_wconf 90' lang='lat' dir='ltr'>fibi</span> <span class='ocrx_word' id='word_1_290' title='bbox 1373 2129 1554 2176; x_wconf 86' lang='lat' dir='ltr'>placuerit,</span> <span class='ocrx_word' id='word_1_291' title='bbox 1575 2142 1655 2164; x_wconf 85' lang='lat' dir='ltr'>cum</span> 
     </span>
     <span class='ocr_line' id='line_1_31' title="bbox 175 2184 1653 2233; baseline -0.001 -12"><span class='ocrx_word' id='word_1_292' title='bbox 175 2199 236 2233; x_wconf 88' lang='lat' dir='ltr'>per</span> <span class='ocrx_word' id='word_1_293' title='bbox 254 2187 387 2221; x_wconf 69' lang='lat' dir='ltr'>dietum</span> <span class='ocrx_word' id='word_1_294' title='bbox 408 2186 646 2233; x_wconf 84' lang='lat' dir='ltr'>Reginaldum</span> <span class='ocrx_word' id='word_1_295' title='bbox 665 2187 810 2221; x_wconf 82' lang='lat' dir='ltr'>heredes</span> <span class='ocrx_word' id='word_1_296' title='bbox 827 2186 906 2221; x_wconf 85' lang='lat' dir='ltr'>suos</span> <span class='ocrx_word' id='word_1_297' title='bbox 923 2187 980 2222; x_wconf 89' lang='lat' dir='ltr'>vel</span> <span class='ocrx_word' id='word_1_298' title='bbox 998 2186 1076 2220; x_wconf 90' lang='lat' dir='ltr'>suos</span> <span class='ocrx_word' id='word_1_299' title='bbox 1094 2184 1278 2231; x_wconf 80' lang='lat' dir='ltr'>aflignatos</span> <span class='ocrx_word' id='word_1_300' title='bbox 1305 2185 1474 2219; x_wconf 86' lang='lat' dir='ltr'>fuerimus</span> <span class='ocrx_word' id='word_1_301' title='bbox 1490 2184 1653 2232; x_wconf 89' lang='lat' dir='ltr'>requifiti.</span> 
     </span>
     <span class='ocr_line' id='line_1_32' title="bbox 176 2240 1654 2288; baseline 0 -12"><span class='ocrx_word' id='word_1_302' title='bbox 176 2242 327 2276; x_wconf 77' lang='lat' dir='ltr'>Necnon</span> <span class='ocrx_word' id='word_1_303' title='bbox 345 2243 389 2276; x_wconf 86' lang='lat' dir='ltr'>ad</span> <span class='ocrx_word' id='word_1_304' title='bbox 406 2241 680 2288; x_wconf 72' lang='lat' dir='ltr'>consignandum</span> <span class='ocrx_word' id='word_1_305' title='bbox 699 2241 920 2288; x_wconf 84' lang='lat' dir='ltr'>quascunque</span> <span class='ocrx_word' id='word_1_306' title='bbox 946 2248 1057 2277; x_wconf 85' lang='lat' dir='ltr'>cartas</span> <span class='ocrx_word' id='word_1_307' title='bbox 1084 2240 1143 2275; x_wconf 90' lang='lat' dir='ltr'>seu</span> <span class='ocrx_word' id='word_1_308' title='bbox 1174 2240 1393 2274; x_wconf 86' lang='lat' dir='ltr'>munimenta</span> <span class='ocrx_word' id='word_1_309' title='bbox 1410 2253 1494 2286; x_wconf 87' lang='lat' dir='ltr'>quas</span> <span class='ocrx_word' id='word_1_310' title='bbox 1513 2242 1568 2276; x_wconf 90' lang='lat' dir='ltr'>vel</span> <span class='ocrx_word' id='word_1_311' title='bbox 1587 2255 1654 2288; x_wconf 88' lang='lat' dir='ltr'>que</span> 
     </span>
     <span class='ocr_line' id='line_1_33' title="bbox 175 2295 1655 2344; baseline 0.001 -13"><span class='ocrx_word' id='word_1_312' title='bbox 175 2298 266 2332; x_wconf 86' lang='lat' dir='ltr'>idem</span> <span class='ocrx_word' id='word_1_313' title='bbox 282 2298 500 2344; x_wconf 84' lang='lat' dir='ltr'>Reginaldus</span> <span class='ocrx_word' id='word_1_314' title='bbox 516 2298 571 2332; x_wconf 92' lang='lat' dir='ltr'>vel</span> <span class='ocrx_word' id='word_1_315' title='bbox 589 2299 734 2333; x_wconf 85' lang='lat' dir='ltr'>heredes</span> <span class='ocrx_word' id='word_1_316' title='bbox 747 2297 798 2332; x_wconf 90' lang='lat' dir='ltr'>sui</span> <span class='ocrx_word' id='word_1_317' title='bbox 816 2305 876 2333; x_wconf 85' lang='lat' dir='ltr'>aut</span> <span class='ocrx_word' id='word_1_318' title='bbox 894 2296 1060 2344; x_wconf 78' lang='lat' dir='ltr'>assignati,</span> <span class='ocrx_word' id='word_1_319' title='bbox 1077 2296 1178 2343; x_wconf 85' lang='lat' dir='ltr'>super</span> <span class='ocrx_word' id='word_1_320' title='bbox 1198 2296 1292 2330; x_wconf 69' lang='grc'>(11610</span> <span class='ocrx_word' id='word_1_321' title='bbox 1305 2295 1521 2331; x_wconf 86' lang='lat' dir='ltr'>conceffione</span> <span class='ocrx_word' id='word_1_322' title='bbox 1540 2297 1655 2332; x_wconf 78' lang='lat' dir='ltr'>nostra</span> 
     </span>
     <span class='ocr_line' id='line_1_34' title="bbox 176 2352 1657 2401; baseline 0.001 -15"><span class='ocrx_word' id='word_1_323' title='bbox 176 2354 210 2386; x_wconf 92' lang='lat' dir='ltr'>in</span> <span class='ocrx_word' id='word_1_324' title='bbox 230 2354 497 2401; x_wconf 85' lang='lat' dir='ltr'>competentiori</span> <span class='ocrx_word' id='word_1_325' title='bbox 514 2354 627 2388; x_wconf 81' lang='lat' dir='ltr'>forma</span> <span class='ocrx_word' id='word_1_326' title='bbox 645 2367 710 2401; x_wconf 87' lang='lat' dir='ltr'>pro</span> <span class='ocrx_word' id='word_1_327' title='bbox 728 2354 852 2401; x_wconf 87' lang='lat' dir='ltr'>majori</span> <span class='ocrx_word' id='word_1_328' title='bbox 879 2354 1062 2389; x_wconf 83' lang='lat' dir='ltr'>securitate</span> <span class='ocrx_word' id='word_1_329' title='bbox 1092 2352 1219 2387; x_wconf 84' lang='lat' dir='ltr'>habere</span> <span class='ocrx_word' id='word_1_330' title='bbox 1238 2353 1416 2387; x_wconf 85' lang='lat' dir='ltr'>voluerint</span> <span class='ocrx_word' id='word_1_331' title='bbox 1446 2359 1481 2388; x_wconf 91' lang='lat' dir='ltr'>et</span> <span class='ocrx_word' id='word_1_332' title='bbox 1505 2353 1657 2388; x_wconf 88' lang='lat' dir='ltr'>viderint</span> 
     </span>
    </p>
   </div>
  </div>
 </body>
</html>
