1839 2652
169 271 236 303 14⁶2
564 265 879 301 REGISTRUM
909 265 1252 302 MONASTERII

171 363 359 402 temeritas,
387 367 422 396 et
440 361 515 396 aliis
532 362 646 396 aditus
665 361 907 396 committendi
924 360 1045 397 fimilia
1062 362 1301 410 precludatur,
1330 363 1529 401 discretioni
1546 366 1657 403 vestre

172 432 236 467 per
263 417 448 466 apostolica
474 417 600 465 scripta
630 417 836 452 mandamus
863 418 1027 463 quatinus
1054 431 1117 453 vos
1133 419 1190 453 vel
1209 419 1280 454 duo
1308 426 1369 455 aut
1396 433 1488 456 unus
1505 423 1656 458 vestrum

172 488 234 522 per
253 487 314 509 vos
331 474 387 508 vel
406 473 512 508 alium
531 472 589 507 seu
608 473 705 514 alios,
735 473 839 507 etiam
866 472 889 507 fi
915 472 980 509 fint
998 480 1097 509 extra
1115 475 1193 509 loca
1209 475 1246 509 in
1264 475 1388 522 quibus
1406 476 1564 524 deputati
1582 479 1657 514 estis

177 530 437 565 conservatores
455 535 490 564 et
501 529 650 576 judices,
670 529 860 570 abbatibus,
879 530 1065 577 prioribuS,
1092 531 1244 572 decanis,
1276 533 1508 568 conventibus
1533 539 1568 569 et
1599 536 1658 570 do-

175 587 287 621 mibus
305 598 345 620 ac
362 585 528 620 membris
550 585 729 635 predi&iS,
763 585 910 620 efficacis
945 585 1151 622 defensionis
1178 586 1326 635 prefidio
1361 587 1556 631 affistentes,
1585 603 1656 625 non

174 642 394 690 permittatis,
431 640 534 689 super
564 640 732 689 premiffis
760 647 795 676 et
820 641 1026 688 quibussibet
1052 643 1127 678 aliis
1156 643 1257 678 bonis
1292 650 1327 679 et
1351 645 1490 692 juribus
1508 647 1552 680 ad
1571 646 1659 694 ipsos

172 697 419 746 spectantibus,
435 697 478 732 ab
492 697 620 733 eisdem
633 703 668 732 et
682 697 943 745 quibuscunque
957 699 1043 740 aliis,
1060 699 1135 747 ipfis
1148 701 1353 747 gravamina
1364 700 1423 736 seu
1437 702 1589 749 dampna
1602 703 1659 737 vel

172 754 315 802 injurias
334 754 481 800 irrogari
500 768 509 796 3
530 754 658 788 facturi
676 752 762 801 ipfis,
779 766 859 788 cum
877 755 919 789 ab
937 756 985 790 eis
1003 756 1060 791 vel
1078 769 1201 791 eorum
1218 757 1336 803 aliquo
1353 757 1412 793 seu
1430 764 1658 805 procuratore

172 811 229 846 vel
247 810 533 858 procuratoribus
552 810 746 845 eorundem
777 811 833 846 vel
864 811 1010 859 alicujus
1028 825 1151 847 eorum
1169 813 1304 848 fueritis
1321 813 1485 860 requifiti,
1513 815 1556 850 de
1583 828 1659 862 pre-

176 867 277 902 dirffis
306 872 340 901 et
368 866 443 900 aliis
460 865 615 914 personis
641 866 857 912 quibussibet,
888 866 990 915 super
1007 868 1224 904 restitutione
1250 871 1483 917 prioratuum,
1515 871 1660 906 decana-

176 929 289 964 tuum,
320 921 551 963 ecclefiarum,
583 923 821 969 grangiarum,
850 923 1051 965 castrorum,
1083 925 1256 966 casalium,
1285 932 1470 968 terrarum,
1489 925 1659 974 pofl'essio·

175 992 272 1021 num,
297 978 594 1027 jurisdifitionum,
620 980 756 1027 jurium
775 986 809 1015 et
827 980 1001 1015 bonorum
1019 981 1200 1016 mobilium
1220 988 1255 1016 et
1273 983 1515 1024 immobilium,
1546 984 1658 1019 reddi-

174 1044 275 1072 tuum
293 1050 433 1083 quoque
453 1043 487 1072 et
504 1043 742 1084 proventuum
761 1044 795 1072 et
813 1038 963 1073 aliorum
981 1051 1272 1085 quorumcunque
1302 1039 1488 1081 bonorum,
1516 1053 1657 1075 necnon

174 1094 216 1129 de
234 1092 439 1140 quibussibet
456 1093 591 1140 injuriis
610 1100 644 1129 et
662 1094 824 1129 molestiis
850 1093 1065 1141 presentibus
1084 1100 1119 1129 et
1136 1095 1262 1129 futuris
1280 1096 1315 1129 in
1330 1095 1484 1143 personis
1502 1102 1537 1131 et
1553 1097 1658 1132 rebus

173 1149 337 1197 ipsorum,
358 1151 393 1184 in
412 1150 478 1184 illis
496 1150 658 1185 videlicet
674 1164 742 1197 que
763 1151 969 1198 judicialem
986 1151 1171 1196 requirunt
1189 1151 1389 1197 indaginem
1408 1151 1606 1199 {impliciter
1623 1160 1656 1187 et

175 1207 218 1241 de
235 1207 352 1254 plano,
383 1206 451 1241 fine
469 1206 612 1254 strepitu
631 1212 665 1242 et
682 1207 797 1254 figura
807 1207 943 1255 judicii,
975 1207 1012 1241 in
1042 1206 1116 1240 aliis
1135 1219 1219 1241 vero
1247 1213 1353 1254 prout
1369 1208 1516 1254 qualitas
1535 1221 1658 1242 eorum

172 1263 330 1309 exigerit,
344 1261 475 1309 justitie
502 1263 800 1310 complementum
816 1278 825 1306 ;
855 1267 1082 1310 occupatores
1100 1261 1159 1296 seu
1178 1262 1389 1305 detentores,
1409 1263 1656 1304 molestatores,

175 1317 434 1365 presumptores
453 1324 487 1353 et
505 1318 727 1366 injuriatores
745 1319 955 1367 hujusmodi,
986 1331 1126 1353 necnon
1144 1320 1421 1355 contradictores
1439 1320 1607 1367 quossibet
1625 1327 1658 1355 et

177 1374 336 1414 rebelles,
357 1373 592 1421 cujuscunque
609 1374 724 1416 status,
739 1376 871 1410 ordinis
888 1376 945 1410 vel
964 1375 1185 1417 conditionis,
1207 1376 1310 1410 etiam
1324 1375 1346 1410 fi
1361 1376 1658 1425 archiepiscopalis

178 1431 234 1465 vel
252 1430 453 1478 episcopalis
471 1431 650 1478 dignitatis
668 1432 859 1472 extiterint,
889 1432 1169 1478 quandocunque
1188 1438 1223 1467 et
1240 1431 1538 1480 quotienscunque
1557 1447 1659 1481 expe.-

177 1488 290 1528 dierit,
310 1488 521 1522 aufi'oeritate
539 1487 666 1529 nostra,
697 1501 761 1535 per
778 1488 958 1523 censuram
977 1488 1244 1529 ecclesiasticam,
1271 1489 1506 1536 appellatione
1523 1490 1658 1537 postpo-

176 1542 246 1584 sita,
266 1543 528 1590 compescendo,
561 1545 725 1579 invocato
743 1545 785 1579 ad
812 1545 879 1579 hoc
896 1544 920 1579 fi
938 1558 1026 1592 opus
1043 1545 1148 1580 fuerit
1165 1546 1295 1580 auxilio
1325 1546 1454 1581 brachii
1471 1546 1632 1581 secularis
1646 1562 1656 1589 ;

177 1611 250 1633 non
269 1598 480 1633 obstantibus
498 1599 606 1634 felicis
623 1601 876 1635 recordationis
896 1600 1075 1635 Bonefacii
1093 1614 1181 1648 pape
1200 1602 1258 1635 viii
1276 1601 1523 1649 predecefl'oris
1552 1603 1657 1637 nostri

175 1656 212 1689 in
230 1655 354 1701 quibus
372 1660 516 1693 cavetur
533 1668 578 1689 ne
595 1655 718 1702 aliquis
736 1662 835 1691 extra
852 1656 946 1691 suam
965 1657 1141 1691 civitatem
1160 1663 1195 1692 et
1213 1656 1394 1698 diocesem,
1422 1657 1482 1692 nifi
1501 1659 1536 1692 in
1556 1660 1658 1694 certis

179 1712 331 1759 exceptis
349 1710 477 1746 cafibus
495 1717 530 1745 et
547 1711 583 1745 in
601 1711 668 1745 illis
686 1712 780 1746 ultra
797 1725 903 1746 unam
922 1713 1082 1747 dietama
1094 1713 1164 1747 fine
1180 1712 1240 1747 sue
1258 1713 1408 1754 diocesis,
1428 1714 1472 1748 ad
1484 1714 1656 1761 judicium

178 1773 355 1807 evocetur,
387 1766 446 1801 seu
464 1780 508 1801 ne
521 1767 658 1814 judiees
675 1768 732 1802 vel
751 1768 1011 1804 conservatores
1029 1783 1050 1803 a
1065 1769 1144 1804 sede
1171 1770 1329 1817 deputati
1359 1771 1529 1817 predicta,
1559 1776 1658 1806 extra

176 1824 351 1858 civitatem
370 1829 404 1858 et
422 1823 593 1858 dioceiem
611 1824 647 1857 in
665 1823 789 1870 quibus
808 1824 965 1872 deputati
982 1826 1115 1860 fuerint
1146 1832 1270 1861 contra
1295 1826 1520 1873 quoscunque
1538 1840 1658 1875 proce-

179 1881 272 1920 dere,
292 1878 359 1914 five
377 1880 445 1914 alio
463 1880 520 1914 vel
538 1880 612 1914 aliis
629 1880 722 1914 vices
738 1879 813 1915 suas
833 1882 1062 1922 committere,
1082 1887 1142 1916 aut
1157 1882 1290 1929 aliquos
1301 1883 1394 1917 ultra
1408 1896 1513 1917 unam
1529 1884 1657 1918 dietam

178 1951 198 1971 a
215 1938 286 1972 fine
305 1936 444 1972 diocefis
462 1937 655 1972 eorundem
673 1938 824 1979 trahere,
843 1938 1054 1986 presumant,
1087 1938 1145 1973 seu
1163 1939 1257 1985 quod
1276 1938 1319 1973 de
1336 1939 1411 1973 aliis
1429 1952 1532 1985 quam
1551 1941 1659 1974 mani-

179 1994 268 2028 festis
285 1994 421 2041 injuriis
439 1998 474 2028 et
491 1993 667 2029 violentiis
684 2006 724 2028 ac
742 1994 816 2028 aliis
835 2008 902 2041 que
914 1994 1117 2042 judicialem
1144 1995 1345 2041 indaginem
1371 1995 1528 2041 exigunt,
1560 1997 1659 2043 penis

180 2052 215 2085 iu
234 2064 293 2085 eos
310 2049 334 2084 fi
351 2049 447 2085 secus
465 2050 602 2096 egerint
621 2055 654 2084 et
672 2050 709 2084 in
726 2050 762 2084 id
779 2056 1008 2098 procurantes
1033 2050 1190 2098 adjectiS,
1218 2050 1479 2086 conservatores
1495 2051 1529 2086 se
1547 2052 1658 2086 nulla-

180 2113 282 2141 tenus
299 2107 547 2146 intromittant,
581 2111 616 2140 et
632 2111 704 2140 tarn
723 2106 766 2140 de
785 2106 921 2141 duobus
938 2107 1038 2141 dietis
1056 2108 1093 2141 in
1110 2106 1250 2142 consilio
1266 2108 1434 2154 generali,
1467 2108 1658 2143 dummodo

182 2163 273 2197 ultra
291 2163 431 2197 tertiam
448 2163 505 2197 vel
523 2168 680 2208 quartam
700 2162 829 2197 dietam
844 2163 969 2210 aliquis
999 2169 1097 2198 extra
1126 2162 1221 2198 suam
1240 2164 1416 2199 civitatem
1435 2169 1470 2199 et
1488 2164 1657 2200 diocesem

181 2219 390 2253 aufi'toritate
408 2218 621 2266 presentium
639 2218 682 2253 ad
694 2218 867 2265 judicium
887 2232 959 2254 non
977 2220 1146 2260 trahatur,
1175 2233 1278 2266 quam
1305 2220 1380 2255 aliis
1397 2219 1657 2267 quibuscunque

181 2274 482 2309 constitutionibus
500 2288 520 2309 a
537 2273 833 2322 predecessoribus
851 2275 973 2310 nostris
993 2276 1164 2311 Romanis
1192 2276 1425 2324 pontificibus,
1458 2283 1528 2311 tam
1547 2277 1589 2311 de
1600 2277 1658 2323 ju-

180 2330 323 2371 dicibus,
356 2330 521 2376 delegatis
540 2337 575 2366 et
593 2330 894 2367 conservatoribus
912 2345 1015 2379 quam
1033 2332 1188 2380 personis
1207 2332 1300 2367 ultra
1317 2338 1451 2367 certum
1470 2345 1655 2368 numerum
