1839 2652
767 253 837 288 DE
866 250 1136 287 PASSELET.
1642 253 1688 283 33

205 351 290 386 dieti
307 350 503 385 monasterii
519 350 764 397 indempnitati
782 349 962 384 consulere
981 354 1015 383 et
1040 347 1239 395 providere,
1270 351 1304 380 et
1329 345 1683 385 incommoditatibus,

203 407 562 454 inopportunitatibus
581 412 615 441 et
633 406 923 440 inconvenientiis
940 420 1008 453 que
1023 419 1065 440 ex
1084 406 1178 440 dieta
1197 405 1408 438 alienatione
1426 403 1601 443 secuntur,
1622 416 1686 450 pro

204 469 243 498 ut
260 463 360 497 nobis
378 477 422 498 ex
439 463 510 497 alto
530 463 650 497 datum
668 462 784 502 fuerit,
814 462 966 502 obviare,
988 463 1116 497 dietam
1136 462 1384 496 alienationem
1403 461 1496 495 dieto
1514 460 1686 508 penfionis

204 520 435 566 quadraginta
461 532 657 553 marcarum
689 519 780 552 faffi'ce
809 519 910 552 dietis
939 518 1108 565 Magistro
1139 518 1315 552 canonicis
1344 523 1378 551 et
1408 517 1617 551 monialibus
1644 517 1686 551 de

205 576 464 623 Simpringham
482 574 525 609 fic
544 575 586 608 (le
605 575 698 608 faeto
717 574 962 622 prefinnptam,
992 580 1026 608 et
1044 574 1209 620 quicquid
1228 587 1271 608 ex
1290 574 1384 608 diffita
1401 574 1612 609 alienatione
1630 575 1685 610 vel

204 631 248 665 ob
267 644 343 665 eam
360 631 517 665 secutum
535 631 651 670 fuerit,
680 636 852 676 quatenus
871 631 1004 664 dietum
1023 630 1270 664 monasterium
1289 630 1444 664 nostrum
1463 631 1505 665 de
1526 629 1683 671 Paffelet‚

203 687 301 734 cujus
318 686 435 721 sumus
452 692 622 733 patronus
649 691 684 720 et
711 685 870 720 defensor
888 685 1051 733 specialiS,
1081 686 1136 720 vel
1169 686 1282 720 eidem
1300 686 1535 733 prejudicialis
1553 687 1683 728 existat,

201 756 266 790 pro
284 742 384 777 nobis
411 748 445 777 et
471 740 717 777 succefforibus
749 742 882 782 nostris,
910 743 946 776 in
977 742 1041 775 hiis
1072 741 1204 788 scriptis
1234 742 1374 788 penitus
1404 756 1619 784 revocamus,
1647 757 1686 778 ac

201 797 339 832 nullum
359 803 392 832 et
410 798 549 831 irritum
568 796 639 844 ipso
652 797 734 844 jure
752 797 871 831 haberi
898 803 932 832 et
963 796 1094 831 censeri
1124 804 1248 832 tenore
1276 797 1444 844 presentis
1463 800 1624 834 volumus
1651 808 1685 835 et

202 854 486 901 pronunciamus.
540 853 587 887 Et
605 866 649 888 ne
668 854 797 887 dietam
816 852 1015 900 pensionem
1035 854 1266 900 quadraginta
1292 868 1485 889 marcarum
1513 856 1684 903 aliquibus

203 910 288 944 diffi
306 908 455 956 religiofi
473 910 515 944 de
535 908 682 944 Paffelet
700 910 848 944 ulterius
866 909 1012 950 solvant,
1042 924 1121 945 cum
1148 911 1265 946 nostra
1292 912 1327 945 in
1354 912 1420 946 hoc
1446 912 1588 953 interfit,
1609 913 1684 960 ipsis

201 966 351 1000 strififius
369 979 439 1012 quo
457 966 651 1013 poterimus
677 979 740 1013 per
757 965 933 1013 presentes
964 967 1171 1008 inhibemus,
1202 980 1281 1002 eum
1304 968 1378 1014 jam
1408 982 1471 1015 per
1497 981 1562 1003 nos
1591 970 1684 1004 dieta

200 1021 317 1070 pensio
336 1023 426 1068 quad
433 1022 568 1068 raginta
583 1035 789 1062 marearum,
806 1035 885 1057 cum
901 1023 1062 1057 omnibus
1077 1023 1152 1057 aliis
1166 1022 1426 1070 polseflionibus
1439 1030 1473 1059 et
1486 1026 1588 1060 terris
1600 1039 1683 1072 quas

202 1079 379 1124 quondam
401 1078 620 1124 Reginaldus
648 1078 754 1113 ΜΟΓΘ
782 1084 816 1112 et
846 1079 1008 1114 dominus
1028 1080 1212 1114 Wilelmus
1236 1079 1338 1115 More
1368 1081 1460 1115 infra
1489 1082 1683 1116 dominium

201 1134 356 1169 nostrum
375 1135 587 1175 habuerunt,
616 1135 747 1169 virtute
766 1134 942 1182 cujusdam
960 1135 1189 1170 snbmillionis
1215 1149 1277 1183 per
1298 1137 1497 1183 prediehun
1518 1138 1684 1185 Reginal-

203 1190 284 1224 dun]
307 1191 343 1224 in
361 1203 426 1224 nos
444 1190 547 1231 faiste,
575 1191 611 1224 in
630 1191 742 1225 diebos
762 1191 937 1225 Abbatem
957 1197 991 1226 et
1018 1198 1232 1227 conventum
1260 1193 1303 1227 de
1337 1193 1482 1229 Paffelet
1511 1202 1682 1243 perpetuo

202 1245 240 1285 fit
258 1246 432 1287 transsata,
459 1252 493 1281 et
512 1259 634 1281 eorum
653 1245 766 1281 ufibus
783 1248 922 1294 penitus
940 1248 1121 1295 applicata,
1143 1262 1207 1296 pro
1226 1255 1265 1283 ut
1284 1250 1320 1283 in
1339 1256 1433 1284 carta
1451 1251 1565 1286 nostra
1579 1253 1682 1287 diffis

202 1301 365 1349 religiosis
385 1303 427 1337 de
448 1301 596 1337 Paffelet
613 1302 715 1350 super
733 1303 799 1337 hoc
817 1304 909 1338 faeta
926 1305 1063 1350 plenius
1082 1305 1296 1339 continetur.
1350 1305 1397 1340 Et
1424 1306 1491 1341 hoc
1521 1321 1577 1342 om
1586 1309 1683 1343 .1ibus

202 1365 236 1393 et
254 1358 394 1406 singulis
412 1372 563 1406 quorum
582 1359 723 1394 interest
740 1365 863 1394 notum
876 1360 1019 1395 facimus
1034 1360 1200 1408 presentis
1218 1374 1281 1408 per
1297 1367 1466 1396 tenorem.
1520 1363 1564 1397 Iu
1583 1365 1683 1412 cujus

202 1416 252 1450 rei
270 1415 504 1450 testimonium
523 1415 670 1461 figillum
689 1415 841 1450 nostrum
862 1415 1087 1463 presentibus,
1102 1430 1208 1464 penes
1221 1417 1395 1452 Abbatem
1416 1424 1449 1453 et
1469 1427 1680 1455 conventum

203 1471 398 1506 monasterii
418 1472 460 1506 de
481 1470 650 1506 Paffeleto
668 1473 926 1519 imperpetuum
946 1472 1165 1514 remansuris,
1182 1473 1325 1507 fecimus
1343 1476 1482 1521 apponi,
1503 1477 1595 1523 apud
1615 1478 1681 1511 cas-

201 1533 295 1562 trum
314 1528 357 1562 de
377 1527 587 1575 Raythysay,
615 1529 737 1574 quinto
757 1529 812 1562 die
832 1527 952 1563 meniis
972 1529 1116 1576 Aprssis,
1144 1542 1237 1564 armo
1251 1529 1398 1564 Domini
1417 1531 1595 1568 millefimo
1614 1540 1681 1568 tre-

203 1583 387 1619 centesimo
405 1583 613 1631 sexagesimo
631 1584 788 1632 septimo.

203 1751 404 1787 Commiffio
432 1754 525 1788 faeta
552 1767 615 1801 per
636 1754 796 1788 dominos
816 1753 972 1788 Abbates
1001 1755 1043 1789 de
1072 1755 1345 1804 Dunsermilyne
1367 1764 1401 1793 et
1420 1759 1462 1793 de
1483 1759 1676 1800 Neubotill‚

204 1809 352 1844 dominis
369 1810 500 1845 Abbati
520 1810 562 1845 de
585 1810 804 1858 Kylwinnyn
823 1816 857 1845 et
877 1810 991 1845 Priori
1009 1811 1051 1846 de
1072 1811 1310 1860 Lafinahagw.

202 1921 480 1957 JOHANNES
508 1922 576 1957 ET
604 1922 757 1958 HUGO
785 1924 828 1958 de
855 1923 1129 1972 Dunfermilyne
1154 1932 1188 1961 et
1207 1927 1249 1961 de
1269 1927 1439 1962 Neubotil
1458 1930 1678 1965 monasterio-

202 1991 278 2012 rum
293 1978 443 2019 abbates,
464 1978 724 2014 conservatores
737 1985 771 2014 et
783 1980 920 2027 judices
936 1981 1055 2015 83ηὸῒί
1072 1982 1217 2017 Andree
1230 1983 1381 2024 diocefiS,
1402 1985 1446 2018 ad
1464 1986 1679 2033 infrascripta

201 2046 263 2080 per
280 2033 394 2069 sedem
413 2035 634 2082 apostolicam
653 2048 732 2070 cum
753 2035 904 2071 clausula
922 2044 1122 2084 opportuna
1141 2039 1308 2085 deputati,
1328 2041 1518 2074 venerabili
1535 2044 1625 2088 patri
1644 2044 1679 2077 in

203 2089 338 2124 Christo
370 2090 513 2125 domino
534 2091 693 2125 Roberto
713 2092 783 2126 Dei
801 2093 913 2139 gratia
941 2093 1056 2128 abbati
1082 2094 1279 2128 monasterii
1307 2095 1348 2129 de
1382 2096 1611 2145 Kilwynnyn‚
1640 2113 1678 2134 ac

201 2146 396 2180 reverendo
415 2146 491 2181 viro
511 2147 653 2181 domino
674 2147 852 2182 Willehno
870 2148 980 2196 priori
1007 2150 1049 2184 de
1077 2150 1317 2196 Lasinahagw,
1344 2150 1489 2187 salutem
1519 2160 1553 2188 et
1582 2168 1677 2190 man-

202 2201 289 2235 datis
306 2201 428 2235 nostris
446 2215 563 2249 ymmo
581 2203 696 2237 verius
714 2204 906 2251 apostolicis
924 2205 1070 2240 firmiter
1088 2206 1240 2240 obedire.
1294 2206 1473 2243 Noveritis
1500 2223 1563 2245 nos
1581 2225 1676 2247 man-

201 2257 321 2291 datum
340 2257 563 2304 apostolicum
582 2259 618 2293 in
644 2260 749 2294 modo
769 2266 803 2294 et
830 2261 943 2295 fornia
972 2261 1031 2307 qui
1058 2260 1212 2308 sequitur
1242 2262 1415 2310 recepifle‚
1448 2266 1544 2313 cujus
1572 2274 1675 2303 tenor

202 2313 278 2347 talis
296 2312 364 2356 est3
403 2312 645 2350 CLEMENS
665 2315 842 2363 episeopus
857 2316 974 2351 servus
989 2316 1167 2352 servorum
1184 2317 1253 2352 Dei
1269 2319 1404 2355 dileetis
1418 2321 1497 2358 filiis
1515 2324 1557 2360 de
1573 2325 1674 2360 Dun-

927 2384 948 2406 E
