1839 2652
161 268 209 299 30
568 263 883 299 REGISTRUM
912 263 1252 300 MONASTERH

162 361 338 395 redditum
369 373 431 408 per
461 361 579 407 plures
609 373 719 394 annos
750 373 770 393 a
799 366 958 406 tempore
987 361 1080 395 dicte
1108 361 1330 407 obligationis
1357 366 1392 394 et
1417 359 1647 407 promissionis

162 417 336 451 saetarum
355 430 373 450 a
391 417 493 450 dietis
522 415 688 463 religiofis
718 416 884 462 percepit,
918 428 957 449 ac
986 415 1045 462 ipfi
1075 428 1137 463 per
1169 417 1365 463 captionem
1397 429 1581 451 namorum
1614 425 1648 451 et

165 471 435 519 compulfionem
465 478 639 506 terrarum
670 470 808 505 suarum
840 471 1038 516 aliquando,
1082 472 1231 506 maxime
1265 485 1328 519 per
1359 472 1491 505 dietum
1525 472 1648 506 Domi-

164 540 249 562 num
278 528 479 562 VVilehnum
508 527 614 562 RIore
642 527 754 561 coaeti
784 533 818 561 et
847 526 1022 573 compulfi,
1052 526 1162 574 ipsum
1181 541 1338 562 annuum
1366 527 1543 561 redditum
1573 541 1649 575 per-

164 582 342 624 solverint,
387 584 485 618 nulla
518 583 635 617 littera
668 583 869 629 quitationis
903 589 963 618 aut
1005 583 1197 619 securitatis
1235 582 1407 632 promifl'e,
1444 597 1508 630 pro
1551 590 1649 631 parte

167 639 251 674 dieti
272 639 471 685 Reginaldi,
495 645 556 674 aut
573 639 658 673 dieti
686 639 818 672 domini
839 639 1003 680 Wilelmi,
1018 640 1121 687 juxta
1146 640 1294 674 formam
1324 640 1417 674 die'te
1435 638 1494 674 sue
1521 639 1650 686 obliga-

166 696 271 729 tionis
286 694 413 730 eisdem
429 696 559 730 Abbati
575 701 608 730 et
621 695 812 730 conventui
824 695 1020 730 monasterii
1033 696 1076 730 de
1090 694 1261 730 Paffeleto
1276 697 1469 743 deportata,
1485 695 1648 735 exhibita,

168 752 222 786 vel
259 751 391 787 ostensa
407 767 416 795 ;
451 752 721 800 procederemus
755 752 798 785 ad
825 751 974 785 dandam
1010 751 1173 799 seylinam
1209 751 1334 786 eisdem
1370 751 1534 798 religiosis
1569 752 1650 785 viris

169 808 300 842 Abbati
325 814 360 843 et
385 809 577 843 conventui
607 807 802 842 monasterii
831 808 873 842 de
911 806 1093 849 Passeleto,
1123 808 1165 843 de
1192 808 1295 842 terris
1330 814 1365 842 et
1390 806 1650 855 pofl'ellionibus

168 864 385 911 supradietis,
399 865 502 912 juxta
520 865 694 899 dietarum
712 864 908 898 litterarum
928 864 1180 898 continentiam
1193 870 1296 910 atque
1311 864 1470 898 formam.
1517 863 1650 898 Volen-

169 926 220 955 tes
245 921 289 955 ad
315 920 572 967 requisitionem
607 920 812 959 eorundem,
850 925 884 953 et
920 920 1051 954 virtute
1087 920 1308 967 obligationis
1338 921 1497 967 predicte
1524 926 1558 954 et
1576 920 1650 954 sub-

169 975 334 1011 miffionis
352 977 387 1010 in
405 989 469 1011 nos
486 977 589 1017 facte,
609 975 775 1023 prediefis
794 975 920 1008 Abbati
940 981 974 1009 et
992 976 1183 1010 conventui
1196 976 1393 1010 monasterii
1408 976 1450 1009 de
1467 974 1648 1015 I'affeleto,

170 1032 272 1081 super
288 1031 456 1080 premiffis
470 1033 513 1067 de
524 1032 679 1067 remedio
699 1031 815 1065 debito
827 1032 1024 1077 providere,
1038 1031 1124 1078 ipsas
1136 1038 1258 1072 terras,
1278 1032 1452 1072 videlicet,
1466 1037 1593 1065 terram
1607 1031 1650 1065 de

171 1091 317 1132 Sankar,
338 1091 381 1125 de
400 1089 646 1130 Camceikane,
676 1089 717 1123 de
738 1088 952 1134 Dowlargis,
982 1089 1024 1122 de
1044 1088 1237 1128 Cowdane,
1259 1088 1301 1122 de
1320 1087 1497 1128 Stafflour,
1518 1093 1648 1121 terram

173 1150 216 1183 de
237 1147 484 1188 Hormisdalle,
504 1147 541 1181 in
558 1147 717 1181 manibus
736 1145 858 1180 nostris
877 1158 920 1180 ex
931 1145 1087 1179 unanimi
1103 1144 1219 1178 nostro
1238 1143 1403 1178 consensu
1421 1149 1566 1190 propter
1583 1143 1648 1177 hoc

173 1205 270 1252 prius
292 1203 439 1251 seysytas
456 1203 500 1237 ad
517 1208 655 1249 tempus
682 1208 716 1236 et
747 1215 789 1236 ex
820 1201 929 1241 causa,
964 1200 1056 1240 Deo,
1086 1200 1184 1234 beate
1206 1200 1332 1240 Marie‚
1355 1200 1485 1234 Sancto
1503 1199 1648 1238 Jacobo,

173 1261 304 1296 Saneto
325 1260 472 1300 Mil-ino,
493 1264 527 1293 et
544 1257 709 1304 religiosis
726 1258 809 1291 viris
830 1257 955 1292 Abbati
982 1263 1015 1291 et
1042 1258 1233 1291 conventui
1253 1256 1448 1291 monasterii
1478 1257 1520 1290 de
1541 1254 1651 1290 Pafi‘e-

172 1318 243 1351 leto
271 1316 399 1351 ibidem
417 1315 498 1349 Deo
516 1313 746 1349 servientibus
777 1319 812 1347 et
830 1314 1090 1361 imperpetuum
1113 1312 1302 1353 servituris,
1332 1313 1464 1352 damus,
1493 1311 1651 1346 concedi-

172 1386 260 1413 mus,
289 1378 324 1407 et
342 1372 405 1406 hac
422 1370 573 1419 presenti
591 1375 687 1405 carta
705 1369 819 1404 nostra
837 1370 1095 1404 confirmamus.
1146 1368 1180 1402 T
1183 1369 1360 1402 enendum
1387 1373 1422 1402 et
1439 1367 1649 1406 habendum,

173 1429 298 1464 eisdem
318 1427 482 1474 religiofis
499 1428 593 1467 viris,
614 1433 649 1461 et
667 1439 788 1461 eorum
808 1424 1065 1464 fiwcefl'oribus,
1086 1425 1128 1459 de
1148 1424 1247 1458 nobis
1266 1430 1301 1458 et
1319 1424 1502 1458 heredibus
1530 1422 1652 1457 nostris

172 1487 207 1520 in
226 1497 350 1532 puram
370 1490 404 1518 et
421 1489 626 1531 perpetuam
647 1480 878 1522 elemofilmm,
907 1481 995 1515 adeo
1027 1480 1146 1520 libere,
1176 1480 1303 1526 quiete,
1331 1480 1473 1526 pacifice
1491 1485 1526 1513 et
1543 1479 1652 1512 hono-

172 1542 279 1582 rifice,
293 1553 355 1588 per
370 1552 490 1574 omnes
508 1540 622 1574 rastas
636 1544 745 1572 metas
763 1537 837 1571 suas
856 1543 890 1571 et
909 1535 1041 1575 (livistis,
1061 1536 1098 1569 in
1115 1535 1234 1576 boscis,
1250 1536 1371 1582 planis,
1388 1535 1504 1582 pratis,
1520 1533 1652 1581 pascuis

173 1604 207 1633 et
225 1596 380 1645 pasturis
407 1596 482 1636 viis,
510 1594 649 1635 semitis,
680 1593 798 1633 moris,
826 1592 988 1632 mortitii&
1017 1592 1124 1637 aquis,
1154 1591 1289 1638 stagnis,
1317 1591 1490 1630 multuris,
1518 1589 1651 1623 molen-

175 1654 274 1694 dinis,
303 1658 338 1687 et
356 1664 477 1687 eorum
497 1650 652 1697 sequelhs,
680 1649 935 1696 pistationibus,
964 1648 1253 1694 aucupationibus
1272 1653 1305 1681 et
1333 1646 1588 1685 venationibus,
1616 1652 1649 1680 et

175 1724 252 1745 cmn
272 1709 477 1744 omnimodo
495 1707 569 1741 aliis
587 1705 814 1744 libertatibus,
843 1703 1160 1743 commoditatibus,
1188 1702 1393 1737 ailiamentis
1412 1708 1446 1737 et
1458 1702 1556 1749 justis
1574 1715 1651 1749 per-

174 1766 330 1801 tinentiis
348 1765 393 1799 ad
412 1763 587 1811 predictas
605 1768 715 1796 terras
734 1767 768 1795 et
787 1773 905 1794 earum
926 1759 1115 1805 quamlibet
1133 1759 1368 1806 spectantibus
1382 1758 1439 1793 seu
1452 1758 1541 1805 juste
1559 1757 1650 1805 spec-

175 1828 250 1857 tare
268 1820 464 1856 valentibus
494 1819 529 1852 in
559 1819 729 1857 futurum,
758 1815 842 1850 ficut
860 1816 945 1849 dieti
965 1814 1111 1860 religiofi
1130 1815 1194 1848 viri
1213 1815 1362 1860 aliquam
1375 1820 1503 1849 terram
1524 1814 1649 1849 elemo-

174 1878 315 1912 finatain
335 1877 377 1911 de
395 1875 496 1911 nobis
514 1875 567 1909 vel
587 1871 883 1921 predecefforibus
899 1871 1018 1906 nostris
1032 1871 1173 1905 liberius
1187 1870 1358 1918 possident
1372 1870 1438 1905 five
1452 1876 1584 1911 tenent,
1601 1877 1650 1904 te-

174 1939 330 1969 nuerunt
347 1933 403 1967 vel
421 1930 646 1979 possiderunt.
685 1929 731 1963 Et
749 1930 784 1962 in
803 1928 880 1962 casu
899 1941 967 1974 quo
987 1928 1101 1962 difftus
1118 1927 1302 1962 Wilelmus
1318 1927 1436 1968 More,
1454 1928 1509 1962 vel
1528 1927 1650 1973 aliquis

174 1990 343 2025 heredum
362 1987 502 2022 suorum
521 1984 620 2034 poffit
639 1986 764 2020 docere
782 1991 842 2018 aut
861 1985 1030 2024 docuerit,
1053 1997 1115 2031 per
1133 1984 1263 2030 aliquas
1282 1985 1472 2019 evidentias
1491 1997 1574 2030 quas
1593 1997 1650 2018 ex-

174 2046 294 2081 hibere
312 2044 368 2078 vel
387 2043 567 2078 ostendere
584 2041 724 2089 poterit,
746 2053 810 2087 pro
828 2046 926 2087 parte
946 2040 1105 2086 Magistri
1123 2042 1372 2075 canonicorum
1393 2046 1427 2075 et
1445 2040 1650 2074 monialium

176 2104 219 2137 de
237 2100 507 2148 Simpringham,
527 2098 619 2145 quod
632 2097 691 2144 jus
710 2102 743 2131 et
761 2096 954 2143 proprietas
972 2097 1186 2143 percipiendi
1205 2097 1333 2132 dietam
1352 2096 1550 2144 pensionem
1569 2110 1650 2143 qua-

176 2158 338 2204 draginta
353 2167 549 2190 marcarum
567 2153 759 2192 annuatim,
780 2152 815 2185 in
834 2151 966 2185 dictum
986 2153 1163 2197 quondam
1184 2153 1423 2199 Reginaldum
1442 2158 1476 2187 et
1505 2153 1650 2187 heredes

176 2214 265 2254 suos,
292 2212 348 2247 vel
366 2212 402 2245 in
421 2211 554 2245 dietum
574 2210 755 2244 dominum
776 2207 977 2241 Wilelmum
1006 2214 1040 2242 et
1057 2207 1134 2242 suos
1152 2209 1308 2250 heredes,
1337 2208 1400 2244 fint
1426 2209 1529 2244 titulo

344 2267 401 2301 vel
419 2267 493 2301 aliis
511 2264 774 2313 quomodolibet
791 2276 854 2311 per
872 2263 984 2298 dictos
1004 2263 1210 2310 Magistrum
1230 2266 1417 2300 canonicos
1431 2272 1465 2300 et
1483 2266 1651 2300 moniales

178 2327 433 2373 imperpetuum
465 2329 501 2358 et
533 2322 678 2358 omnino
703 2320 759 2356 vel
787 2320 830 2354 ad
857 2325 996 2367 tempus
1014 2321 1108 2366 quod
1126 2322 1284 2356 nondum
1305 2320 1459 2356 transivit
1478 2320 1649 2361 transsata,
