1839 2652
152 264 199 300 94·
552 252 867 291 REGISTRUM
894 250 1233 287 MONASTERH

160 355 204 391 fic
221 367 283 403 per
301 366 425 400 aquam
443 353 486 387 de
505 352 669 387 Laueran
694 349 906 385 affendendo
935 347 1042 394 usque
1070 347 1107 380 in
1134 346 1165 380 le
1193 345 1385 386 Blakburn‚
1418 350 1454 380 et
1471 343 1514 380 fic
1533 358 1595 392 per
1613 346 1643 380 Ze

163 412 365 447 Blakburne
383 408 593 444 assendendo
611 407 719 454 usque
737 407 774 441 in
792 405 968 452 quoddam
995 402 1137 450 sykcum
1164 402 1257 436 inter
1276 401 1546 449 Lochleboksyd
1564 408 1599 437 et
1616 402 1646 436 Ze

166 466 346 515 Wlplayss‚
368 471 402 500 et
418 464 461 499 fic
473 477 535 512 per
553 464 641 498 illud
658 462 800 510 sykcum
820 460 1030 496 affendendo
1055 458 1162 506 usque
1182 460 1217 493 in
1234 459 1349 493 lacum
1368 459 1410 493 de
1430 458 1644 499 Cochlebok,

166 530 199 558 et
216 523 259 557 fic
276 535 339 570 per
357 522 555 569 predifiwm
572 521 687 555 lacum
706 518 824 553 versus
850 518 1067 552 occidentem
1085 516 1192 562 usque
1210 515 1253 549 ad
1272 521 1381 549 metas
1400 516 1442 550 de
1462 515 1645 556 Caldwell,

167 585 201 614 et
218 578 261 613 fic
278 591 341 626 per
368 582 477 612 metas
506 577 548 611 de
580 575 752 611 Caldwell
771 573 888 609 versus
918 573 1131 620 aquilonem,
1162 570 1374 606 affendendo
1392 584 1455 618 per
1472 571 1648 618 quoddam

166 634 329 670 foffecum
348 647 392 669 ex
408 638 507 680 parte
526 631 734 667 occidentali
752 631 795 665 de
815 630 1070 665 Carmelcolme
1096 629 1189 663 inter
1214 628 1244 662 le
1263 627 1476 674 Langesawe
1495 633 1530 661 et
1548 627 1650 662 Dun-

168 690 372 738 gelesmore,
402 695 436 724 et
454 688 496 723 fic
514 689 556 723 de
574 688 636 722 illo
661 685 788 721 foffeeo
815 699 858 721 ex
888 685 1081 720 transverso
1105 685 1135 719 le
1160 685 1260 731 mqffi?
1285 683 1393 730 usque
1424 684 1467 717 ad
1486 689 1590 730 caput
1608 683 1650 717 de

172 746 408 794 Hafflpatryk,
430 750 465 779 et
482 744 525 779 fic
543 757 605 792 per
625 743 839 791 Haldpatrik
858 740 1091 776 deffendendo
1110 739 1216 786 usque
1228 741 1270 774 ad
1287 746 1415 774 metam
1434 739 1477 774 de
1497 739 1651 786 Stanley,

172 810 206 840 et
223 804 266 839 fic
283 817 346 852 per
364 809 492 838 metam
511 803 554 837 de
573 802 715 849 Stanley
727 799 961 835 deffendendo
979 799 1070 833 inter
1089 798 1231 845 Stanley
1244 803 1278 833 et
1292 798 1323 832 le
1337 796 1529 844 Cokplayss
1546 796 1653 843 usque

172 863 208 896 in
226 862 256 896 le
276 861 516 900 Ruttanburn,
546 865 580 894 et
597 858 641 893 fic
658 871 721 906 per
739 858 769 892 le
788 856 1018 891 Ruttauburn
1036 853 1271 889 deffendendo
1297 853 1404 900 usque
1423 854 1459 888 in
1478 853 1653 888 Laueran.

174 918 268 953 Volo
286 916 426 964 insuper
444 922 479 950 et
496 916 652 950 concedo
670 927 735 962 pro
754 927 809 948 me
828 919 863 948 et
881 911 1067 947 heredibus
1100 911 1185 945 meis
1215 911 1310 957 quod
1330 910 1460 950 Abbas‚
1493 909 1655 944 monachi

175 973 336 1021 prodieti,
356 971 522 1013 converfi,
542 971 670 1011 cleriei,
690 976 724 1005 et
741 970 873 1018 proprii
892 968 1050 1003 homines
1069 967 1246 1001 dierorum
1262 965 1516 1012 religiosorum,
1536 965 1656 1000 videli-

177 1036 232 1065 cet
258 1030 300 1063 de
328 1029 457 1062 familia
486 1028 627 1067 abbatis,
657 1027 910 1061 monachorum
939 1029 974 1058 et
1002 1022 1248 1058 conversorum
1277 1022 1474 1057 monasterii
1492 1022 1654 1069 p1·edi6ti‚

178 1086 286 1120 libere
305 1091 339 1120 et
356 1084 426 1119 fine
444 1083 698 1118 atachiamento
726 1080 851 1129 posfint
879 1082 940 1122 ire,
970 1080 1114 1115 tranfire
1133 1086 1168 1115 et
1196 1081 1322 1120 redire,
1351 1085 1492 1127 portare
1510 1080 1654 1126 gladios,

180 1156 290 1184 arcus,
311 1142 460 1189 sagittzm,
480 1147 515 1176 et
532 1147 647 1176 cetera
665 1153 761 1174 arma
778 1139 836 1173 fibi
851 1137 1049 1179 neceflaria,
1070 1138 1165 1172 omni
1183 1144 1341 1185 tempore
1359 1139 1453 1178 anni,
1473 1143 1508 1172 et
1525 1138 1658 1184 lepera-

180 1199 250 1233 rios
268 1204 303 1233 et
320 1198 405 1232 alios
424 1210 525 1231 canes
543 1197 682 1236 ducere,
711 1195 828 1230 eundo
847 1200 881 1229 et
898 1195 1091 1235 redeundo,
1119 1207 1182 1241 per
1200 1195 1272 1228 vias
1291 1195 1333 1228 de
1352 1194 1487 1235 Arlaw,
1509 1194 1660 1228 Conwa-

181 1267 255 1295 ran,
284 1255 313 1289 le
333 1252 429 1294 Rass,
458 1258 492 1288 et
510 1253 553 1287 de
572 1252 758 1299 Stokbryg‚
787 1256 821 1285 et
839 1250 975 1285 semitas
1001 1248 1259 1283 huibandorum
1285 1247 1453 1291 affuetas3
1483 1248 1593 1283 Salvis
1610 1247 1661 1282 fo-

181 1310 267 1345 resta
279 1322 356 1344 mea
372 1309 531 1356 predie‘ffl
543 1308 727 1356 prohibita,
747 1307 828 1341 feris
843 1313 876 1342 et
894 1306 1025 1346 avibus,
1038 1305 1202 1339 videlicet
1212 1304 1448 1352 aucipitribus,
1468 1303 1662 1338 falconibus

182 1372 216 1401 et
233 1365 310 1400 nilis
327 1365 546 1399 solummodo
565 1365 740 1411 exceptis;
770 1363 817 1397 Et
834 1362 858 1397 fi
875 1361 1064 1397 neceffario
1083 1362 1264 1408 contingat
1282 1360 1371 1408 ipsos
1387 1361 1444 1395 vel
1462 1373 1584 1395 eorum
1603 1360 1662 1394 ali-

182 1435 269 1469 quos
286 1421 341 1456 vel
359 1421 520 1466 aliquem,
540 1421 601 1461 ire,
621 1419 775 1460 transire,
795 1433 875 1454 cum
894 1418 1035 1454 canibus
1053 1417 1109 1452 vel
1126 1416 1196 1451 fine
1215 1417 1367 1458 canibus,
1387 1430 1449 1464 per
1466 1417 1661 1464 predffikam

183 1478 340 1514 forestam
360 1477 581 1525 prohibitam,
613 1489 714 1511 canes
733 1477 862 1510 ducant
887 1476 1022 1521 ligatos,
1043 1480 1077 1509 et
1095 1474 1200 1508 corde
1218 1487 1362 1508 arcuum
1382 1475 1465 1508 dum
1482 1472 1664 1520 pertranfi-

189 1536 280 1571 erint
298 1535 520 1581 deponantur
536 1548 544 1575 3
588 1533 633 1567 Et
652 1533 746 1578 quod
765 1532 849 1566 dieti
868 1529 1015 1577 religiosi
1043 1530 1181 1577 plenam
1211 1535 1245 1564 et
1276 1530 1419 1564 liberam
1437 1530 1587 1563 habeant
1604 1541 1665 1576 po-

189 1591 342 1626 testatem
363 1602 465 1624 canes
482 1589 643 1628 habendi,
663 1594 734 1622 tam
753 1594 852 1622 extra
869 1587 1114 1621 monasterium
1133 1585 1231 1620 suum
1250 1599 1354 1632 quam
1372 1586 1472 1626 infra,
1500 1586 1537 1619 in
1556 1586 1665 1619 (lomi-

187 1647 252 1682 bus
269 1646 429 1693 predhsto
448 1644 655 1678 monasterio
669 1644 830 1690 proximo
848 1656 957 1690 prope
975 1642 1222 1690 adjacentibus,
1242 1655 1286 1676 ex
1302 1647 1450 1688 utraque
1468 1648 1566 1689 parte
1578 1654 1666 1688 aque

191 1703 234 1737 de
255 1702 345 1736 Kert
363 1707 397 1736 et
414 1700 524 1734 insule
542 1700 792 1734 monachorum
811 1713 820 1741 ;
849 1705 883 1733 et
902 1699 991 1732 infra
1009 1704 1137 1732 terram
1156 1696 1250 1731 suam
1268 1698 1444 1744 propriam
1462 1697 1667 1745 potestatem

189 1759 339 1793 habeant
356 1757 552 1804 aucupandi
568 1770 577 1799 3
606 1761 641 1790 et
658 1768 720 1802 per
738 1768 859 1790 omnes
873 1755 1004 1789 rivulos
1018 1754 1140 1788 foreste
1155 1766 1231 1788 mee
1245 1754 1414 1800 predic-te,
1435 1759 1469 1788 et
1482 1766 1544 1800 per
1557 1758 1668 1788 totam

191 1828 315 1861 aquam
335 1815 377 1848 de
399 1814 489 1848 Kert
507 1826 574 1859 que
592 1825 700 1859 prope
719 1812 963 1846 monasterium
983 1811 1181 1857 predi6’mm
1203 1810 1322 1850 currit,
1355 1815 1390 1844 et
1410 1809 1670 1845 Kertlochwin-

192 1872 275 1911 nok,
308 1870 426 1904 subtus
443 1870 475 1904 le
493 1881 575 1916 yare
604 1869 646 1902 de
667 1868 977 1906 Hathendonnam‚
1010 1865 1172 1912 piscandi,
1201 1865 1301 1899 salvis
1328 1865 1471 1900 lacubus
1489 1866 1573 1900 meis
1591 1878 1671 1912 pro-

194 1929 288 1976 priis,
320 1927 444 1973 stagnis
463 1932 497 1960 et
514 1925 664 1960 vivariis.
717 1921 874 1958 Concesfi
905 1923 1008 1958 etiam
1038 1921 1163 1956 eisdem
1192 1921 1356 1968 religiosis
1386 1922 1480 1968 quod
1498 1922 1586 1956 nulli
1605 1921 1671 1956 ser-

197 1985 333 2018 vientes
351 1982 408 2016 seu
427 1982 545 2016 ballivi
562 1981 631 2015 mei
648 1980 704 2014 vel
723 1980 891 2014 heredum
922 1992 1091 2018 meorum,
1125 1979 1168 2012 ad
1187 1991 1274 2026 opus
1292 1991 1409 2013 meum
1428 1978 1484 2012 vel
1503 1978 1671 2012 heredum

196 2052 353 2074 meorum
373 2037 430 2072 seu
449 2037 594 2083 alicujus
613 2036 765 2076 alterius,
797 2036 888 2069 infra
913 2043 1021 2069 terras
1053 2036 1229 2070 diGtorum
1257 2034 1510 2081 religiosorum,
1542 2034 1674 2080 aliquas

198 2095 334 2142 capiant
352 2093 457 2141 prisas
475 2093 532 2127 seu
551 2093 738 2139 captiones,
758 2103 823 2125 nec
841 2091 954 2136 aliqua
968 2092 1134 2126 vffilualia
1150 2090 1208 2125 seu
1227 2091 1293 2124 alia
1310 2090 1516 2124 monasterio
1535 2090 1595 2124 suo
1613 2095 1674 2124 aut

198 2151 396 2186 hominibus
415 2150 607 2184 eorundem
627 2146 812 2182 neceffaria
828 2154 1008 2194 portantes
1034 2146 1092 2181 seu
1119 2148 1287 2181 cariantes
1305 2147 1341 2180 in
1359 2153 1453 2181 terra
1470 2159 1547 2180 mea
1565 2152 1599 2180 et
1616 2145 1675 2180 sua

200 2207 391 2254 impediant
409 2212 468 2240 aut
486 2205 714 2252 perturbant:
742 2217 806 2238 nee
826 2204 998 2237 debitores
1019 2204 1129 2237 farine
1156 2203 1331 2237 decimalis
1349 2201 1407 2236 seu
1426 2214 1547 2236 eorum
1565 2201 1674 2235 homi-

202 2275 274 2302 nes,
295 2263 424 2296 dietam
443 2262 589 2295 farinam
608 2261 777 2295 eariantes
794 2260 838 2294 ad
855 2259 951 2293 suum
972 2258 1216 2293 monasterium
1231 2271 1293 2305 per
1306 2259 1378 2292 vias
1395 2257 1518 2292 foreste
1531 2255 1677 2290 affuetas

205 2317 260 2352 vel
275 2317 467 2358 vilitandas,
489 2317 605 2351 eundo
619 2322 678 2351 aut
692 2316 872 2351 redeundo
891 2315 1125 2350 attachientur
1138 2315 1191 2350 vel
1206 2319 1451 2361 aggraventur,
1471 2312 1532 2347 nifi
1548 2312 1628 2347 seris
1643 2319 1678 2346 et
