1839 2652
227 288 297 319 ‚⁶240
629 284 943 320 REGISTRUM
972 284 1312 321 MONASTERII

227 445 540 538 glliaj·⁰⁰nfi1r·n1atio
555 443 693 480 ecclefie
713 445 755 478 de
776 443 932 491 Largyfl',
948 459 1011 492 per
1028 446 1051 482 J
1054 447 1229 482 ohannein
1247 447 1443 496 episcopum
1463 457 1497 486 et
1516 454 1704 500 capitulum

281 516 299 537 a
314 514 407 549 guen
424 515 453 536 e.

229 616 468 653 OMNIBUS
494 614 612 649 sanfflae
631 615 750 648 matris
769 613 907 648 ecclefie
935 615 1014 649 filiis
1044 614 1183 662 presens
1213 616 1380 664 scriptum
1399 618 1520 654 visuris
1538 621 1593 655 vel
1612 623 1710 656 audi-

227 676 314 710 turis
332 674 513 710 Johannes
530 669 750 719 permiffione
770 670 887 704 divina
906 669 1084 718 episcopus
1115 672 1347 719 Glasgwenfis
1378 680 1536 710 eternam
1565 677 1602 711 in
1634 678 1711 713 Do-

228 733 325 767 mino
343 730 500 765 salutem.
553 727 705 762 Noverit
723 726 926 761 universitas
955 726 1065 761 vestra
1083 740 1157 768 nos,
1187 729 1229 763 de
1258 729 1425 764 consensu
1444 732 1587 778 capituli
1605 733 1710 768 nostri

230 786 397 836 exprefl'o,
417 786 534 820 habita
552 783 838 823 consideratione,
867 788 906 817 ut
917 784 1165 829 prescribitur,
1199 798 1309 831 usque
1326 787 1373 821 ad
1390 787 1485 822 illam
1504 788 1709 831 clausulam,

230 845 278 880 Et
294 844 364 878 fine
383 844 486 878 etiam
505 841 619 887 aliqua
636 839 904 888 presentatione,
932 839 1124 886 hucusque,
1154 841 1264 875 Salvis
1283 842 1383 877 nobis
1402 849 1435 878 et
1462 843 1711 881 successoribus

230 904 353 938 nostris
371 915 410 936 ac
428 898 680 936 archidiaconis
698 898 757 944 qui
775 910 839 944 pro
857 902 1016 944 tempore
1034 897 1167 931 fuerint
1192 897 1266 932 aliis
1290 898 1431 945 juribus
1460 901 1710 949 episcopalibus

231 968 265 996 et
291 955 637 995 archidiaconalibus.
690 954 737 988 Et
763 954 921 1000 p1·edi6’ce
953 951 1090 988 ecclesie
1119 953 1260 988 honeste
1293 955 1421 990 facient
1452 957 1617 992 deserviri
1647 972 1710 1006 per

231 1017 403 1054 ministros
420 1015 577 1062 ydoneos
595 1011 663 1046 fine
682 1009 938 1058 presentatione
957 1010 1085 1044 vicarii.
1141 1010 1184 1044 In
1203 1010 1301 1057 cujus
1320 1012 1380 1052 rei,
1411 1018 1449 1047 ut
1468 1015 1710 1059 prescribitur

231 1078 270 1110 in
288 1075 407 1110 eadem
425 1075 534 1106 carta.

232 1242 464 1280 Confirmatio
483 1238 624 1286 capituli
644 1235 887 1282 Glasgwenfis,
908 1235 986 1270 sede
1004 1242 1161 1277 vacante,
1182 1236 1320 1272 ecclefie
1339 1238 1382 1273 de
1402 1238 1559 1286 Largyff.

233 1353 472 1393 OMNIBUS
499 1351 617 1386 san&e
635 1349 755 1384 matris
774 1348 912 1383 ecclefie
931 1348 1010 1382 filiis
1036 1347 1212 1395 presentes
1238 1349 1371 1384 litteras
1399 1350 1521 1385 visuris
1539 1352 1595 1386 vel
1614 1353 1710 1386 audi-

230 1413 318 1448 turis
337 1409 529 1458 capitulum
548 1404 785 1452 Glasgwense,
818 1403 895 1439 sede
914 1409 1072 1445 vacante,
1105 1404 1249 1439 salutem
1282 1406 1318 1439 in
1348 1405 1506 1441 Domino
1536 1407 1712 1455 sempiter-

230 1483 323 1504 nam.
375 1465 527 1501 Noverit
543 1461 747 1498 univerfitas
765 1460 876 1495 vestra
893 1461 987 1507 quod
1005 1473 1083 1495 cum
1118 1461 1243 1495 nobilis
1272 1462 1325 1495 vir
1353 1462 1515 1497 dominus
1535 1463 1711 1498 &valterus

230 1523 459 1561 seneschallus
479 1520 594 1555 Scotie
613 1516 788 1553 eeclefiam
803 1517 846 1551 de
862 1515 1014 1563 Largyfl'
1024 1518 1060 1551 in
1080 1516 1279 1563 Cunigham
1298 1517 1463 1564 religiosis
1479 1520 1559 1553 viris
1579 1519 1709 1554 Abbati

232 1588 266 1616 et
284 1578 472 1615 conventui
501 1577 544 1611 de
576 1573 758 1613 Paffelet0‚
788 1572 1024 1607 Cluniaeenfis
1055 1573 1197 1613 ordinis,
1231 1573 1463 1620 Glasgwenfis
1494 1574 1644 1615 diocesis,
1673 1577 1709 1609 jn

230 1650 354 1687 puram
373 1642 407 1670 et
423 1638 629 1682 perpetuam
648 1629 866 1665 elemosinam
887 1628 1107 1670 conceffiffet,
1135 1635 1170 1664 et
1188 1630 1353 1664 discretus
1371 1631 1424 1664 vir
1443 1631 1605 1666 dominus
1625 1631 1710 1665 Wil-

233 1695 343 1730 elmus
362 1693 404 1727 de
437 1687 620 1737 Lyndesay
638 1688 757 1722 reetor
785 1685 939 1732 ejusdem
967 1684 1106 1719 ecclesie
1138 1685 1283 1719 eandem
1315 1686 1414 1720 nobis
1444 1700 1541 1733 pure,
1574 1687 1706 1734 sponte,

231 1750 429 1798 simpliciter
455 1753 490 1782 et
510 1745 579 1780 fine
607 1744 703 1778 omni
730 1742 931 1777 conditione
956 1739 1178 1787 refignafl'et3
1207 1754 1282 1782 nos,
1312 1741 1526 1777 considerato
1554 1744 1709 1790 periculo

232 1807 326 1853 quod
344 1817 443 1839 mora
461 1801 543 1837 efl'et
561 1801 663 1835 dietis
689 1797 853 1845 religiosis
883 1798 974 1832 circa
1004 1797 1150 1831 eandem
1178 1796 1352 1832 ecclesiam
1372 1797 1611 1833 verefimiliter
1628 1799 1709 1833 alla-

231 1870 321 1902 tura,
342 1860 365 1895 sl
383 1872 455 1894 non
473 1859 567 1893 faeto
586 1856 660 1904 ipfis
678 1856 714 1889 in
733 1853 930 1901 hujusmodi
956 1853 1126 1887 maturius
1144 1852 1397 1894 subveniretur,
1427 1855 1580 1889 uberiori
1600 1855 1709 1889 dieto-

232 1932 310 1953 run1
330 1916 583 1951 monachorum
600 1914 637 1947 in
654 1911 773 1946 san&a
790 1911 959 1956 religione
979 1911 1211 1945 communiter
1238 1911 1431 1945 viventium
1459 1912 1620 1953 utilitate,
1653 1925 1709 1946 ur-

230 1981 336 2022 gente
351 1971 559 2011 necestitate,
579 1982 657 2004 cum
672 1981 745 2002 non
760 1966 797 2002 fit
816 1966 994 2014 episcopus
1008 1967 1052 2001 ad
1066 1980 1168 2012 quem
1187 1965 1286 2012 poffit
1305 1966 1423 2001 haberi
1442 1967 1612 2008 recursuS,
1635 1968 1709 2002 dili-

231 2037 356 2078 genter
374 2028 522 2077 pensatis
541 2033 575 2061 et
592 2025 792 2064 intellecffis,
813 2036 892 2058 cum
910 2022 1044 2058 summa
1073 2022 1112 2058 fit
1142 2024 1232 2058 ratio
1259 2036 1325 2070 que
1344 2036 1408 2070 pro
1428 2023 1597 2070 religione
1615 2024 1706 2064 facit,

231 2087 321 2136 ipsos
340 2087 497 2120 volentes
515 2085 634 2119 favore
652 2095 721 2128 quo
740 2079 916 2129 pofl'umus
941 2079 1101 2127 prosequi
1132 2080 1304 2126 ampliori,
1336 2079 1457 2113 damus
1486 2085 1520 2114 et
1551 2080 1709 2114 concedi-

233 2158 309 2178 mus
328 2150 361 2178 et
379 2144 443 2177 hac
461 2140 612 2189 presenti
630 2144 724 2174 carta
742 2137 857 2172 nostra
882 2137 1129 2172 confirmamus
1158 2136 1238 2170 Deo
1272 2142 1306 2170 et
1337 2134 1476 2170 ecclefie
1497 2135 1707 2170 San6'wrum

232 2199 364 2235 ,Iacobo
384 2205 418 2233 et
439 2197 560 2233 Mirini
581 2196 623 2231 de
644 2193 812 2230 Paffeleto
832 2198 866 2228 et
885 2193 1063 2227 monachis
1081 2192 1208 2226 ibidem
1238 2192 1318 2226 Deo
1349 2190 1577 2226 servientibus
1596 2197 1629 2225 et
1647 2192 1707 2225 im-

232 2262 441 2303 perpetuum
459 2254 646 2293 servituris,
676 2252 804 2287 difiram
824 2249 998 2285 ecclesiam
1019 2249 1061 2283 de
1081 2247 1233 2295 Largyfl'
1245 2254 1278 2282 et
1307 2246 1407 2294 ipsius
1438 2245 1576 2282 ecclefie
1594 2245 1707 2294 perso-

232 2318 354 2346 natum
372 2324 451 2346 eum
470 2310 630 2345 omnibus
648 2309 800 2348 decimis,
829 2306 1073 2345 oblationibus,
1095 2305 1374 2344 obventionibus,
1407 2304 1588 2344 fruetibus,
1609 2303 1706 2337 exiti-

231 2369 305 2408 bus,
334 2367 525 2402 redditibus
544 2372 614 2401 tam
633 2365 821 2411 majoribus
842 2376 944 2410 quam
964 2362 1156 2397 minoribus
1182 2362 1225 2395 ad
1254 2360 1358 2408 ipsam
1377 2359 1642 2407 pertinentibus
1672 2365 1705 2392 et
