1839 2652
755 267 826 302 DE
854 266 1124 302 PASSELET.
1611 275 1678 306 241

198 362 359 398 omnibus
377 361 451 396 aliis
469 363 690 409 pertinentiis
708 361 785 403 suis,
805 364 842 398 in
860 376 994 411 puram,
1015 363 1158 398 liberam
1175 369 1210 398 et
1224 370 1429 412 perpetuam
1445 364 1677 407 elemosinam,

197 420 241 454 ad
259 420 418 466 proprios
437 419 515 454 usus
547 424 582 454 et
612 419 894 454 sustentationem
927 419 1079 467 ipsorum
1109 421 1362 456 monachorum
1394 422 1651 469 imperpetuum
1669 435 1678 457 ε

198 476 450 522 [Tenendani]
470 476 601 510 dietam
620 475 795 510 ecclefiam
814 489 892 510 cum
912 478 1023 518 terris,
1057 478 1199 513 decimis
1229 485 1263 514 et
1291 480 1366 513 aliis
1385 480 1546 514 omnibus
1564 480 1680 527 supra-

197 533 299 567 dietis
317 533 360 567 ad
379 532 482 580 ipsam
507 532 763 579 pertinentibus
782 533 837 567 vel
855 534 1031 580 pertinere
1049 535 1245 569 valentibus
1264 536 1306 570 de
1323 537 1403 583 jure
1421 537 1477 571 vel
1496 535 1679 571 consuetu-

197 590 289 629 dine,
322 590 370 623 ita
388 589 506 629 libere,
538 589 664 634 quiete,
697 589 852 635 plenarie
884 596 918 624 et
949 591 1140 626 honorifice
1174 591 1259 626 ficut
1288 593 1404 639 aliqua
1434 594 1676 628 conventualis

197 644 335 679 eeclesia
352 645 502 690 aliquam
533 645 768 691 parochialem
799 645 972 681 eccleliam
1003 648 1040 681 in
1071 648 1269 695 episcopatu
1290 648 1504 696 Glasgwenfi
1523 650 1675 690 liberius,

195 701 356 748 quietius,
376 701 513 748 plenius
531 707 566 735 et
584 701 874 736 honorificentius
891 708 989 737 tenet
1008 709 1042 737 et
1055 701 1224 750 possidet3
1255 704 1357 739 Salva
1370 705 1533 751 portione
1545 706 1676 740 vicario

196 758 232 792 in
251 758 371 792 eadem
392 756 539 798 eeclefia,
566 770 634 803 que
652 757 730 791 talis
749 757 825 797 erit,
846 757 973 793 scilicet
991 759 1085 805 quod
1105 760 1230 794 habeat
1248 761 1366 795 decem
1388 767 1423 795 et
1440 761 1568 808 septem
1588 774 1677 796 mar-

196 826 252 848 cas
269 813 513 860 sterlingorum
532 826 610 847 cum
629 812 688 847 sex
707 813 794 847 acris
821 819 913 848 terre
944 820 979 849 et
1008 821 1159 861 quatuor
1177 816 1371 863 plaustratis
1389 817 1471 851 feni.
1525 818 1571 852 Et
1589 818 1675 852 dicti

195 869 343 915 religiosi
360 870 495 904 solvent
511 869 776 916 procurationes
796 869 968 917 Episcopi,
989 877 1024 905 et
1038 884 1152 906 ceram
1168 871 1410 907 ministrabunt
1428 873 1472 907 ad
1491 873 1676 907 luminaria

196 924 346 965 ecclefie,
379 931 413 959 et
430 925 579 960 vicarius
598 925 640 959 de
658 926 964 972 procurationibus
984 927 1235 962 Archidiaconi
1254 926 1474 974 synodalibus
1502 935 1537 963 et
1565 929 1675 962 omni-

195 980 258 1015 bus
275 981 349 1014 aliis
368 981 532 1015 oneribus
550 981 735 1015 ordinariiS
761 980 1006 1029 respondebit;
1041 983 1152 1017 Salvis
1175 983 1314 1030 juribus
1345 983 1484 1018 ecclefie
1503 984 1616 1018 nostre
1635 998 1674 1019 ac

195 1036 444 1084 epilcopalibus
463 1037 635 1084 Episcopo
653 1043 805 1072 venturo
824 1044 859 1073 et
876 1037 942 1072 suis
961 1037 1217 1074 succefl'oribus.
1271 1040 1315 1074 In
1339 1040 1438 1088 cujus
1457 1041 1506 1075 rei
1525 1040 1673 1074 testimo-

193 1092 303 1133 nium,
335 1092 481 1139 figillum
501 1106 688 1128 commune
706 1094 849 1141 capituli
867 1094 973 1128 nostri
990 1095 1141 1143 presenti
1159 1102 1254 1130 carte
1280 1095 1394 1131 nostre
1423 1103 1593 1144 perpetuo
1621 1110 1676 1131 ro-

196 1148 279 1183 bore
299 1149 466 1183 durature
484 1149 628 1184 fecimus
646 1150 786 1197 apponi.

197 1317 300 1351 Bulla
318 1318 593 1352 confirmationis
611 1317 750 1352 ecclesie
769 1318 812 1352 de
831 1318 988 1366 Largyfl'.

196 1429 440 1464 CLEMENS
454 1429 633 1477 episcopus
647 1429 765 1465 servus
776 1430 954 1465 servorum
971 1431 1040 1466 Dei
1057 1432 1187 1467 dilecto
1205 1433 1277 1467 filio
1293 1432 1444 1468 Officiali
1459 1433 1673 1480 Glasgwenfi

193 1485 338 1520 salutem
367 1491 401 1520 et
426 1485 648 1533 apostolicam
674 1486 969 1521 benedictionem.
1024 1487 1103 1522 Hiis
1131 1502 1198 1534 que
1229 1502 1293 1536 pro
1324 1489 1474 1525 utilitate
1506 1490 1673 1525 monaste-

193 1541 325 1576 riorum
345 1542 582 1587 quorumlibet
599 1555 638 1577 ac
655 1542 883 1590 personarum
902 1544 936 1576 in
957 1544 1004 1577 eis
1022 1544 1226 1589 degentium
1244 1545 1390 1592 provide
1408 1546 1501 1581 facta
1518 1546 1607 1587 sunt,
1630 1552 1670 1581 ut

193 1597 325 1632 illibata
342 1597 534 1639 confistant,
562 1598 712 1633 libenter
729 1605 845 1646 partes
863 1599 977 1634 nostre
996 1599 1222 1634 solicitudinis
1240 1601 1454 1636 adhibemus.
1507 1602 1672 1637 Exhibita

193 1652 358 1700 siquidem
377 1655 476 1689 nobis
494 1667 606 1702 nuper
623 1668 688 1702 pro
706 1661 805 1702 parte
831 1656 1043 1690 dilectorum
1061 1657 1214 1691 filiorum
1236 1657 1383 1692 Abbatis
1414 1664 1448 1693 et
1479 1666 1673 1694 conventus

195 1710 390 1745 monasterii
410 1712 453 1745 de
472 1710 654 1752 Paffeleto,
683 1711 920 1747 Cluniacenfis
938 1713 1080 1753 ordinis,
1114 1712 1346 1760 Glasgwenfis
1365 1713 1516 1755 diocesis,
1548 1717 1671 1763 petitio

195 1767 407 1808 continebat,
427 1768 523 1813 quod
541 1768 624 1802 olim
642 1767 733 1802 bone
752 1769 920 1802 memorie
938 1768 1119 1804 Johannes
1133 1769 1312 1817 episcopus
1327 1770 1569 1818 Glalgwenfis‚
1590 1785 1672 1806 con-

195 1821 345 1856 fiderans
363 1823 457 1868 quod
475 1829 620 1870 propter
637 1824 748 1858 diram
765 1837 929 1871 guerram
948 1838 1015 1871 que
1034 1825 1126 1860 inter
1145 1826 1278 1872 Anglie
1296 1832 1331 1861 et
1350 1827 1465 1862 Scotie
1492 1841 1601 1874 regna
1624 1829 1672 1862 vi-

195 1883 330 1924 guerat,
364 1878 498 1913 dietum
528 1879 772 1914 monasterium
800 1894 928 1927 magna
953 1882 1105 1928 dampna
1134 1881 1339 1918 sustinuerat
1357 1897 1396 1918 ac
1416 1884 1556 1919 ecclesia
1573 1883 1672 1931 ipsius

196 1933 393 1968 monasterii
412 1934 586 1969 combusta
603 1935 727 1977 fuerat,
760 1937 803 1971 de
822 1936 979 1984 expreffo
998 1937 1163 1972 consensu
1183 1939 1392 1974 dilectorum
1412 1941 1565 1974 filiorum
1584 1942 1673 1987 capi-

195 1989 260 2023 tuli
280 1988 417 2024 ecclefie
436 1990 677 2037 Glasgwenfis,
706 1993 941 2039 parochialem
960 1993 1135 2028 ecclesiam
1155 1995 1198 2029 de
1217 1993 1370 2041 Largyff
1380 1997 1413 2029 in
1436 1996 1670 2042 Cunyngham

196 2045 289 2079 dicte
321 2045 471 2087 diocefis,
504 2052 539 2081 et
569 2047 736 2094 capellam
756 2048 798 2083 de
818 2049 996 2097 Cumbray
1014 2050 1050 2084 in
1069 2050 1191 2084 eadem
1222 2050 1371 2092 ecelefia‚
1405 2065 1484 2086 cum
1512 2052 1672 2086 omnibus

198 2100 350 2141 decimis,
382 2102 495 2143 terris,
524 2103 696 2138 fructibus
714 2109 749 2138 et
767 2104 1036 2140 obventionibus
1054 2106 1098 2140 ad
1116 2106 1247 2140 dietam
1266 2106 1440 2141 eccleliam
1461 2108 1503 2142 de
1516 2108 1598 2154 jure
1617 2109 1673 2143 vel

197 2157 447 2191 consuetudine
465 2159 730 2205 pertinentibus,
759 2160 796 2195 in
813 2174 938 2208 puram
957 2167 991 2196 et
1008 2167 1214 2209 perpetuam
1233 2162 1464 2205 elemofinam,
1494 2165 1673 2199 monachis

195 2212 233 2246 in
251 2212 347 2246 dicto
366 2213 572 2248 monasterio
592 2214 673 2249 Deo
691 2220 776 2251 tunc
802 2216 1030 2252 servientibus
1049 2223 1081 2252 et
1100 2218 1358 2265 imperpetuum
1390 2220 1577 2262 servituris,
1609 2234 1673 2268 per

197 2267 334 2302 eosdem
352 2269 542 2304 monachos
567 2271 736 2305 tenendas
767 2279 802 2306 et
831 2272 1006 2307 habendas
1024 2274 1280 2321 imperpetuum
1300 2274 1336 2309 in
1354 2274 1434 2310 usus
1452 2289 1575 2311 eorum
1592 2290 1672 2324 pro-

195 2323 302 2370 prios,
335 2324 431 2359 dedit
459 2330 494 2360 et
522 2325 694 2368 concesfit,
726 2333 833 2375 prout
850 2329 886 2363 in
904 2327 1105 2375 quibusdam
1132 2329 1332 2377 patentibus
1349 2330 1474 2367 litteris
1492 2333 1574 2368 inde
1592 2346 1673 2368 con-
