1839 2652
766 258 836 294 DE
864 257 1132 294 PASSELET.
1641 264 1688 301 73

211 353 480 401 Edynbernane‚
496 355 538 389 de
555 355 732 396 Baebium,
750 356 792 390 de
806 356 1029 403 Fymbalane,
1053 356 1095 390 de
1110 355 1355 402 Drynycrene‚
1373 356 1415 390 de
1431 356 1687 402 Cragbrectho-

208 410 298 450 lane,
319 411 361 445 de
382 411 709 452 Monanekenmne,
731 412 773 446 de
793 412 1148 458 Drunfiteyglunane,
1177 412 1220 446 de
1248 412 1483 459 Cultebuyne,
1505 413 1547 447 de
1567 413 1687 447 Dalle-

207 466 343 507 femme,
353 467 395 501 de
408 467 674 508 Drun&lmher‚
685 468 726 502 de
741 468 955 514 Beynfoyde,
972 474 1005 502 et
1018 468 1060 502 de
1074 468 1351 516 Drundynanys,
1363 482 1441 503 cum
1453 469 1683 516 pertinentiis,

201 522 398 568 jacentibus
417 524 452 557 in
470 525 637 558 comitatu
656 524 698 558 de
718 523 886 558 Leuenax
905 524 995 557 infra
1012 524 1293 559 vicecomitatum
1313 526 1355 559 de
1376 525 1620 565 Dunbertane,
1649 526 1685 558 111

206 591 312 612 unam
330 579 473 613 liberam
493 585 527 613 et
545 580 716 625 integram
736 580 915 613 baroniam
947 580 1091 613 annexis
1121 593 1161 614 ac
1191 580 1335 615 liberam
1368 581 1585 627 regalitatem
1604 594 1685 615 con-

206 633 310 669 ceflis.
363 635 551 669 Tenendas
570 641 603 669 et
621 635 795 669 habendas
813 640 904 669 totas
924 640 958 669 et
975 635 1129 682 integras
1142 637 1294 682 prefatas
1312 643 1435 678 terras,
1454 651 1594 672 necnon
1613 650 1685 672 om-

204 702 265 724 nes
297 696 331 724 et
360 689 508 736 fingulas
536 691 696 725 baronias
720 690 944 737 supradifi'ws,
977 703 1056 724 cum
1087 692 1321 738 pertinentiis,
1349 694 1383 726 in
1415 707 1519 728 unam
1551 707 1682 728 meram

204 746 376 792 integram
396 752 430 780 et
447 746 591 781 liberam
610 746 803 787 baroniam,
832 747 1010 780 baroniam
1036 747 1079 781 de
1100 746 1234 781 Passeto
1253 750 1431 795 perpetuis
1450 750 1576 784 futuris
1598 756 1684 785 tem-

202 803 345 848 poribus
371 804 653 851 nuncupandam,
683 803 784 838 dietis
814 795 944 837 Abbati
972 808 1006 836 et
1033 804 1223 837 conventui
1250 804 1447 838 monasterii
1475 806 1517 839 de
1550 805 1683 840 Passeto

203 871 394 905 eorumque
421 858 665 894 successoribus
683 873 722 894 39
740 859 947 894 monasterio
975 859 1186 907 supradieto,
1217 862 1254 895 in
1282 874 1406 908 puram
1426 867 1460 896 et
1478 869 1682 909 perpetuam

203 914 426 956 elimosinam,
454 929 494 950 ac
511 916 547 950 in
566 928 697 950 meram
724 916 941 962 regalitatem
967 915 1026 950 seu
1045 917 1222 962 regaliam,
1250 917 1287 950 in
1314 917 1417 951 feodo
1437 923 1471 952 et
1490 918 1682 953 hereditate

204 971 470 1018 imperpetuum,
491 985 551 1019 per
571 985 692 1006 omnes
710 973 823 1006 1961115
842 978 950 1006 metas
968 971 1043 1006 suas
1060 973 1219 1019 antiquas
1238 979 1272 1007 et
1292 972 1425 1014 divisas,
1454 975 1541 1008 adeo
1561 975 1679 1015 libere,

201 1027 328 1072 quiete,
347 1027 515 1074 plenarie,
535 1029 682 1075 integre,
711 1028 915 1068 honorifice,
948 1028 1036 1062 bene
1055 1035 1089 1063 et
1108 1030 1143 1063 in
1162 1042 1257 1076 pace,
1291 1043 1370 1064 cum
1389 1031 1549 1064 omnibus
1568 1037 1603 1065 et
1620 1030 1681 1065 fin-

199 1082 290 1129 gulis
307 1083 535 1124 libertatibus,
555 1084 871 1125 commoditatibus,
891 1083 1106 1131 ayfiamentis
1124 1098 1163 1120 ac
1176 1085 1276 1132 justis
1293 1086 1514 1132 pertinentiis
1528 1085 1594 1121 suis
1609 1088 1681 1133 qui-

200 1138 411 1186 buscunque,
435 1139 519 1174 ficut
538 1140 652 1186 alique
670 1146 763 1175 terre
782 1141 939 1174 redditus
958 1145 992 1174 et
1010 1139 1229 1187 poffessiones
1248 1142 1283 1175 in
1302 1155 1434 1177 meram
1461 1143 1679 1189 regalitatem

199 1194 258 1229 seu
276 1196 442 1241 regaliam
460 1196 564 1230 alicui
582 1196 789 1231 monasterio
808 1203 868 1230 aut
886 1197 1039 1243 personis
1057 1196 1222 1244 religiosis
1248 1199 1339 1233 infra
1358 1212 1504 1246 regnum
1526 1200 1679 1234 nostrum

200 1250 460 1298 quibuscunque
474 1253 690 1299 temporibus
704 1253 888 1287 1911036115
906 1252 1048 1287 liberius
1063 1254 1190 1288 dantur
1205 1260 1239 1288 et
1256 1255 1510 1296 conceduntur,
1531 1261 1591 1291 aut
1606 1256 1679 1290 dari

200 1307 256 1342 vel
275 1309 420 1342 concedi
437 1314 606 1355 poterunt
628 1310 663 1343 in
689 1309 848 1343 futurum
875 1309 1174 1355 qualitercunque.
1229 1309 1377 1358 Insuper
1396 1310 1621 1346 concessimus
1641 1324 1680 1346 ac

199 1363 367 1411 presentis
392 1370 486 1399 carte
514 1364 630 1399 nostre
660 1370 783 1400 tenore
814 1365 1038 1399 concedimus
1070 1365 1173 1400 dietis
1201 1366 1332 1400 Abbati
1365 1372 1399 1401 et
1427 1368 1618 1402 conventui
1645 1373 1679 1402 et

200 1432 321 1454 eorum
339 1419 595 1461 succefforibus,
624 1427 663 1455 ut
681 1420 740 1468 ipfi
764 1421 942 1468 perpetuis
960 1422 1085 1455 futuris
1104 1423 1320 1469 temporibus
1346 1423 1507 1464 habeant,
1536 1430 1679 1459 teneant

199 1481 233 1510 et
250 1475 442 1523 poflideant
459 1483 569 1511 terras
581 1477 725 1512 baronie
740 1478 782 1511 de
798 1477 974 1524 Kilpatrik
988 1477 1201 1524 supradififfls
1215 1479 1250 1512 in
1269 1492 1412 1520 meram,
1432 1485 1471 1513 ut
1490 1480 1676 1526 prefertur,

197 1532 415 1578 regalitatem
428 1532 486 1567 seu
504 1533 682 1579 regaliam,
702 1546 853 1568 unacum
872 1539 1023 1579 quatuor
1040 1534 1180 1580 Ρ11116115
1198 1534 1242 1568 ad
1260 1547 1424 1569 coronam
1442 1536 1572 1582 regiam
1587 1535 1679 1583 spec·

199 1588 353 1623 tantibus
383 1594 418 1623 et
444 1589 711 1636 pertinentibus,
743 1589 906 1624 videlicet
936 1595 1050 1636 raptu,
1088 1590 1220 1636 rapina,
1253 1591 1409 1624 Μαι-17111
1436 1597 1471 1625 91
1502 1592 1676 1632 incendio,

199 1658 286 1691 quos
304 1650 455 1691 quatuor
471 1646 625 1692 1101161115
643 1659 773 1680 9010119
804 1645 918 1680 nostre
948 1646 1044 1691 regie
1076 1646 1190 1679 (1161115
1220 1646 1397 1692 quondam
1419 1647 1598 1682 Robertus
1616 1660 1677 1682 rex

201 1700 387 1735 Scotorum
399 1700 457 1736 fibi
468 1701 601 1748 suisque
613 1701 858 1737 successoribus
872 1702 992 1747 utique
1005 1700 1193 1736 reservavit
1210 1714 1218 1735 ε
1240 1702 1350 1736 Salvis
1365 1708 1400 1736 et
1418 1701 1599 1737 reservatis
1613 1717 1676 1750 pro

199 1756 299 1791 nobis
318 1763 353 1791 et
370 1757 493 1792 nostris
510 1757 756 1792 succefl'oribus
775 1759 817 1792 (19
837 1758 1000 1792 omnibus
1020 1764 1054 1792 et
1072 1757 1214 1804 lingulis
1232 1759 1335 1792 terris
1362 1758 1579 1806 supradictis,
1609 1760 1677 1794 dic-

201 1818 318 1847 torum
336 1813 578 1860 religiosorum
596 1815 752 1849 virorum
784 1815 984 1848 orationum
1015 1813 1184 1860 suffragiis
1215 1815 1424 1849 devotarum
1443 1822 1592 1856 tantum,
1612 1830 1676 1863 pro

199 1869 360 1903 omnibus
393 1868 538 1904 servitiis
572 1870 792 1911 secularibus,
834 1870 1086 1910 exactionibus,
1125 1870 1370 1916 questionibus,
1410 1871 1590 1906 demandis
1616 1878 1677 1906 aut

198 1925 362 1960 oneribus
380 1925 642 1972 quibuscunque
660 1939 727 1972 que
746 1927 788 1961 de
807 1927 889 1960 totis
907 1932 942 1960 et
960 1927 1105 1972 integris
1122 1928 1225 1961 terris
1242 1926 1449 1974 supradi6fis
1468 1940 1545 1961 911111
1572 1929 1676 1974 perti-

197 1982 336 2022 nentiis,
364 1994 459 2016 nunc
476 1982 512 2016 in
530 1994 637 2016 unam
655 1982 800 2016 liberam
819 1982 999 2016 baroniam
1018 1988 1052 2016 et
1070 1983 1290 2029 regalitatem
1309 1995 1372 2029 per
1389 1995 1454 2016 nos
1471 1995 1535 2029 pro
1554 1996 1675 2030 perpe-

197 2042 260 2071 tuo
287 2042 327 2070 ut
352 2038 567 2083 premittitur
592 2038 748 2078 annexis,
776 2038 883 2072 unitis
911 2043 946 2072 et
973 2039 1214 2085 incorporatis,
1248 2051 1310 2085 per
1340 2037 1563 2083 quoscunque
1583 2038 1675 2084 juste

199 2092 290 2138 exigi
307 2098 474 2138 poterunt
491 2092 549 2127 seu
567 2094 707 2139 requiri.
761 2093 805 2128 In
824 2094 922 2141 cujus
949 2096 999 2129 rei
1028 2095 1260 2129 testimonium
1280 2093 1430 2140 presenti
1449 2099 1542 2127 carte
1561 2094 1674 2129 nostre

198 2147 473 2182 confirmationis
490 2161 657 2194 magnum
675 2148 822 2195 figillum
841 2151 995 2185 nostrum
1014 2150 1141 2197 apponi
1163 2150 1393 2196 precepimus.
1447 2149 1604 2184 Testibus
1622 2163 1674 2185 re-

198 2203 360 2237 verendis
372 2203 408 2236 in
423 2202 558 2238 Christo
570 2205 726 2251 patribus
745 2205 910 2240 W'ilelnio
929 2213 963 2241 et
980 2206 1130 2245 Thoma,
1152 2204 1374 2251 Glasguenfis
1389 2211 1422 2239 et
1439 2205 1673 2240 Candidecase

199 2257 415 2294 ecclefiarum
443 2258 617 2306 episcopis,
647 2259 814 2294 cariffimo
845 2261 1103 2308 consanguineo
1134 2260 1250 2295 nostro
1280 2260 1445 2295 lVilelmo
1476 2262 1603 2296 comite
1630 2262 1672 2296 de

199 2313 360 2360 Douglas
379 2314 421 2348 de
441 2313 586 2360 VVigton
614 2320 649 2349 et
676 2315 719 2350 de
751 2316 937 2351 Avandale
964 2318 1107 2351 domino
1127 2316 1315 2358 Galwidie,
1345 2316 1510 2352 Wilelmo
1530 2318 1672 2352 domino

924 2383 949 2406 Κ
