1839 2652
186 292 254 324 QQS
587 285 901 321 REGISTRUM
930 284 1268 319 MONASTERII

190 385 367 424 cariatum,
398 388 431 417 et
460 383 563 417 etiam
581 383 662 416 alibi
679 395 742 429 per
761 387 868 416 totam
900 386 1028 415 terram
1061 393 1173 414 meam
1203 393 1245 414 ex
1275 380 1394 414 eadem
1423 387 1521 427 parte
1548 383 1663 422 rivuli,

188 440 296 474 libere
315 439 476 473 animalia
493 439 675 472 hominum
694 444 824 472 terram
841 437 999 483 predi6‘oe
1018 434 1156 470 ecclefie
1176 436 1444 470 inhabitantium
1456 436 1637 483 pascentur
1653 453 1662 479 ;

188 508 253 529 nec
270 507 332 541 per
349 507 404 528 me
422 494 478 528 vel
496 507 558 541 per
575 494 722 528 heredes
740 505 835 527 meos
854 497 915 526 aut
932 490 1114 538 aflignatos
1144 491 1380 537 impedientur
1397 492 1585 537 quominus
1602 493 1662 526 ubi

186 556 345 596 tempore
364 550 594 584 confe6fionis
613 549 716 596 hujus
734 548 849 595 scripti
867 548 948 582 alibi
966 554 1065 582 extra
1082 553 1211 581 terram
1230 559 1343 581 meam
1362 559 1584 581 communam
1603 548 1661 582 ha-

186 606 348 646 buerunt,
368 611 539 651 quatenus
557 606 593 639 in
622 605 721 640 nobis
747 604 794 639 est
811 604 867 639 vel
884 604 1000 644 fuerit,
1032 602 1100 637 fine
1129 602 1326 649 calumpnia
1356 602 1550 650 depascant.
1604 604 1663 638 Ad

187 676 270 709 quas
289 662 410 697 divisas
427 662 642 710 supradifftas
671 662 714 696 fic
745 663 901 708 cognitas
919 666 953 694 et
980 659 1169 694 declaratas
1188 671 1327 692 necnon
1344 659 1388 693 ad
1406 659 1474 693 alia
1492 660 1610 694 omnia
1628 667 1662 694 et

186 718 319 765 lingula
337 717 525 765 prescripta
542 718 693 753 fideliter
711 718 864 752 tenenda
881 730 920 751 ac
937 716 1063 750 futuris
1081 714 1295 760 temporibus
1326 720 1401 748 rata
1431 719 1466 749 et
1495 715 1596 749 firma
1612 717 1663 749 in-

185 775 393 808 cunfitanter
407 773 576 814 habenda,
592 787 656 820 pro
672 787 727 808 me
743 780 777 808 et
791 773 976 808 heredibus
994 772 1079 805 meis
1097 783 1136 804 ae
1150 768 1405 810 succefforibus,
1424 770 1530 805 fidem
1548 784 1661 805 meam

185 831 219 863 in
241 843 347 864 manu
366 829 535 865 officialis
553 830 648 864 curie
667 828 897 876 Glasgwenfis
915 828 1043 876 prestiti
1063 827 1279 874 corporalem
1295 840 1303 869 3
1325 832 1359 861 et
1377 827 1526 874 predicffi
1543 827 1662 861 Abbas

186 892 219 920 et
238 891 432 920 conventus
451 885 572 920 eadem
590 891 690 931 grata
707 885 905 920 habuerunt
924 890 958 919 et
984 890 1125 930 accepta
1153 889 1187 918 et
1216 883 1308 917 bona
1337 882 1406 916 fide
1433 889 1553 917 tenere
1583 896 1662 929 pro-

185 941 362 976 miserunt.
416 941 583 975 Ceterum
602 954 664 988 per
681 941 859 988 predi6tos
878 940 1053 974 Abbatem
1073 946 1106 973 et
1125 944 1338 973 conventum
1358 938 1404 972 est
1417 939 1501 972 mihi
1516 944 1550 973 et
1564 939 1661 973 here-

186 997 284 1031 dibus
302 998 387 1031 meis
406 995 603 1032 conceffum
622 997 717 1043 quod
746 996 901 1031 semitam
930 995 1087 1042 peditum
1118 1008 1183 1042 pro
1211 995 1310 1028 nobis
1339 1000 1373 1029 et
1400 995 1529 1029 familia
1546 995 1660 1030 nostra

184 1054 279 1087 omni
298 1059 456 1100 tempore
483 1052 670 1087 habeamus
689 1053 731 1087 de
751 1053 856 1087 domo
873 1051 988 1086 nostra
1017 1051 1062 1084 ad
1092 1049 1266 1085 eeclefiam
1292 1051 1571 1097 prenominatam
1597 1064 1659 1098 per

183 1115 312 1144 terram
331 1108 433 1156 ipfius
452 1107 601 1143 ecelefie.
655 1108 700 1142 In
720 1108 818 1155 eujus
848 1108 897 1142 rei
928 1106 1162 1141 testimonium
1193 1105 1331 1153 presens
1359 1105 1522 1153 scriptum
1549 1106 1658 1153 figillo

185 1178 263 1199 meo
281 1177 432 1199 unacum
451 1163 560 1210 figillo
579 1164 798 1198 officialitatis
824 1163 919 1198 curie
951 1161 1181 1208 Glaigwenfis
1209 1162 1273 1196 feci
1301 1162 1469 1196 roborari.
1522 1162 1658 1197 Ae'tum

181 1221 275 1267 apud
306 1220 459 1255 Senchar
478 1220 533 1254 die
552 1220 702 1254 Veneris
728 1220 887 1267 proxima
913 1218 987 1266 post
1016 1218 1137 1252 festum
1169 1218 1288 1252 83ηὸὶί
1320 1217 1468 1252 Martini
1495 1219 1532 1252 in
1557 1232 1657 1265 yeme

181 1289 274 1310 anno
300 1277 411 1323 gratie
437 1274 618 1310 millefimo
651 1275 729 1310 CC⁰
770 1273 1014 1321 06hiagefimo.
1071 1274 1150 1307 Hiis
1180 1273 1330 1313 testibus,
1359 1273 1520 1320 magistro
1548 1274 1656 1309 Alex-

181 1333 291 1366 andro
341 1331 501 1378 Kenedy,
547 1330 704 1365 Waltero
750 1330 958 1371 Kemblock‚
1006 1330 1028 1365 J
1031 1330 1169 1364 ohanne
1213 1329 1285 1363 filio
1330 1329 1449 1370 Alani,
1493 1330 1516 1365 J
1519 1331 1656 1366 ohanne

181 1388 303 1428 Calvo,
325 1387 369 1421 W
372 1387 490 1422 ilelmo
509 1387 551 1422 de
573 1386 687 1427 Knoc,
709 1386 865 1422 Waltero
885 1386 1029 1427 Piknoc‚
1051 1386 1205 1420 Ricardo
1223 1386 1294 1420 filio
1314 1385 1466 1427 Olanne,
1487 1392 1520 1421 et
1538 1387 1655 1422 multis

179 1444 262 1478 aliis.

182 1612 288 1647 Carta
306 1612 528 1659 obligationis
545 1626 589 1647 ne
607 1612 842 1659 impediantur
871 1609 954 1645 foffe
984 1612 1138 1646 faciende
1157 1612 1212 1647 vel
1230 1625 1349 1647 cruces
1367 1614 1532 1660 erigende
1559 1616 1651 1662 apud

177 1669 207 1702 le
225 1668 389 1703 Sanchar.

177 1778 457 1814 UNIVERSIS
475 1780 592 1815 sancte
610 1782 729 1815 matris
747 1778 884 1815 ecclesie
902 1780 980 1814 filiis
997 1781 1041 1814 ad
1059 1793 1144 1826 quos
1162 1781 1336 1828 presentes
1355 1783 1469 1817 littere
1483 1796 1649 1830 pervene-

177 1836 248 1869 rint
268 1835 452 1870 Wilelmus
471 1836 513 1870 de
533 1836 686 1870 Sanchar
703 1836 795 1870 filius
821 1841 856 1870 et
881 1835 981 1870 heres
1001 1836 1339 1884 Hugonisjanitoris
1357 1838 1501 1873 {alutem
1520 1841 1555 1874 in
1575 1840 1649 1874 Do-

176 1891 272 1925 mino
291 1890 547 1938 sempiternam.
601 1891 736 1926 Notum
755 1891 851 1926 vobis
869 1891 957 1925 facio
976 1892 1067 1937 quod
1099 1905 1176 1938 ego,
1209 1906 1280 1927 non
1299 1895 1343 1934 vi,
1372 1907 1444 1928 non
1475 1895 1556 1929 dolo
1582 1908 1647 1930 nec

176 1954 271 1982 metu
289 1948 465 1988 inductus,
482 1947 539 1982 sed
557 1961 653 1982 mera
671 1954 705 1982 et
722 1947 911 1995 spontanea
928 1947 1109 1982 voluntate
1128 1961 1215 1989 mea,
1236 1949 1413 1984 consentio
1432 1956 1466 1984 et
1483 1951 1564 1985 volo
1582 1964 1646 1998 pro

174 2015 242 2043 me,
262 2003 448 2038 heredibus
465 2004 550 2038 meis
569 2009 603 2038 et
621 2002 803 2050 affignatis,
831 2003 925 2049 quod
943 2016 1006 2049 per
1024 2003 1144 2038 divisas
1162 2010 1335 2039 terrarum
1354 2006 1575 2040 dominorum
1594 2020 1646 2041 re-

174 2057 374 2104 ligiosorum
395 2058 542 2093 Abbatis
561 2065 595 2094 et
613 2066 806 2094 conventus
824 2060 866 2094 de
886 2057 1043 2100 Paffelet,
1063 2066 1132 2095 tam
1154 2060 1291 2096 ecclesie
1310 2062 1352 2096 de
1372 2062 1525 2097 Sanchar
1541 2076 1644 2109 quam

175 2114 216 2148 de
236 2113 440 2161 Dalmolyn,
470 2128 512 2149 ex
530 2121 628 2162 parte
646 2128 727 2155 una,
756 2121 789 2150 et
820 2121 949 2150 terram
968 2129 1079 2150 meam
1111 2129 1154 2151 ex
1172 2117 1291 2158 altera,
1319 2131 1381 2164 per
1399 2118 1526 2165 probos
1552 2120 1645 2153 viros

174 2170 216 2202 de
234 2170 382 2215 partium
403 2169 569 2205 consensu
587 2171 717 2205 electos
748 2178 783 2205 et
804 2171 952 2218 juratos,
982 2172 1036 2206 die
1056 2172 1205 2207 Veneris
1235 2174 1393 2220 proxima
1420 2174 1494 2221 post
1522 2175 1643 2209 festum

174 2225 292 2258 Sancti
313 2224 460 2259 Martini
478 2239 571 2260 anno
588 2227 699 2272 gratie
725 2226 903 2262 millefimo
922 2227 1155 2262 ducentefimo
1182 2229 1427 2275 ostuagefimo,
1447 2231 1642 2276 recognitas

174 2286 207 2314 et
227 2280 425 2320 declaratas,
454 2282 539 2315 fiant
556 2281 638 2316 foffe
657 2288 691 2316 et
710 2283 1051 2330 cruceserigantur3
1080 2286 1127 2319 ita
1144 2292 1261 2321 tamen
1279 2287 1372 2332 quod
1391 2300 1460 2321 una
1477 2288 1642 2321 medietas

171 2333 332 2370 foffarum
352 2336 410 2370 fiat
429 2337 517 2371 iufra
534 2336 644 2372 solum
663 2351 791 2379 meum,
820 2340 929 2375 altera
947 2353 1030 2375 vero
1051 2342 1216 2376 medietas
1244 2342 1334 2376 infra
1352 2342 1460 2376 solum
1482 2342 1638 2383 Abbatis‚
