1870 2683
235 306 304 337 0112
630 297 945 334 REGISTRUM
974 297 1313 333 MONASTERII

238 398 445 437 interficere,
474 396 531 430 seu
551 395 752 430 violentiam
771 395 898 429 audeat
916 407 1090 429 exercere.
1145 394 1310 428 Preterea
1336 407 1457 429 omnes
1487 395 1664 431 libertates
1684 401 1718 430 et

239 453 476 488 immunitates
488 465 507 485 a
521 449 815 498 predecessoribus
829 450 951 485 nostris
968 450 1137 484 Romanis
1151 450 1372 497 pontificibus
1387 451 1592 486 monasterio
1605 452 1716 487 vestro

243 507 427 548 conceffas‚
456 520 595 542 necnon
624 507 802 541 libertates
820 517 854 541 et
873 506 1112 553 exemptiones
1129 505 1333 540 secularium
1354 507 1578 541 exaGtionum
1596 520 1616 541 a
1632 509 1721 555 regi-

241 566 304 599 bus
323 570 357 599 et
376 563 590 611 principibus
608 563 663 597 vel
682 563 756 597 aliis
774 563 933 597 fidelibus
947 561 1200 596 rationabiliter
1214 561 1312 595 vobis
1327 562 1490 603 indultas,
1510 563 1719 598 auctoritate

241 620 427 668 apostolica
444 620 692 654 confirmamus
719 625 752 653 et
778 619 945 666 presentis
975 617 1090 664 scripti
1118 617 1301 664 privilegio
1330 619 1596 654 communimus.
1649 619 1722 654 De-

244 677 420 711 cernimus
451 688 535 722 ergo
565 681 604 710 ut
632 675 721 709 nulli
750 675 894 709 omnino
924 674 1107 708 hominum
1138 673 1239 708 liceat
1268 674 1443 720 prefatum
1474 675 1721 710 monasterium

241 740 373 767 temere
392 731 598 779 perturbare
617 735 677 765 aut
704 731 778 778 ejus
808 728 1026 778 poffefliones
1056 729 1193 764 auferre
1225 729 1279 764 vel
1311 730 1441 764 ablatas
1469 731 1633 772 retinere,
1661 733 1722 765 mi-

241 801 351 823 nuere
370 787 429 822 seu
446 786 652 834 quibussibet
671 786 913 821 vexationibus
931 786 1087 832 fatigare,
1107 785 1164 819 sed
1183 786 1300 819 omnia
1318 787 1455 832 integra
1472 786 1722 821 conserventur

242 858 364 880 eorum
383 857 446 891 pro
466 856 615 890 quorum
635 843 890 889 gubernatione
909 855 948 876 ac
966 841 1211 876 sustentatione
1230 841 1386 876 concefla
1411 842 1490 877 sunt
1520 842 1632 877 ufibus
1651 856 1723 878 om·

241 901 392 935 nimodis
411 913 475 947 pro
492 900 611 934 futura
629 913 638 941 3
667 898 760 933 salva
777 899 863 933 sedis
889 897 1074 945 apostolice
1102 898 1312 932 au6'mritate
1332 904 1366 932 et
1384 899 1554 933 diocesani
1574 900 1722 947 episcopi

241 957 409 990 canonica
429 955 570 1002 justitia.
624 954 659 989 Si
690 968 758 1000 qua
786 955 892 1000 igitur
919 955 955 987 in
985 954 1143 989 futurum
1173 953 1394 990 ecclefiastica
1422 955 1626 991 secularisve
1645 969 1720 1003 per-

241 1013 333 1052 sona,
363 1013 451 1046 hanc
469 1011 583 1045 nostre
602 1010 856 1045 constitutionis
873 1010 1034 1057 paginam
1054 1009 1172 1050 sciens,
1193 1016 1315 1044 contra
1333 1024 1408 1045 eam
1440 1016 1571 1046 temere
1602 1013 1721 1046 venire

240 1068 475 1116 temptaverit,
504 1066 657 1102 secundo
675 1068 825 1101 tertiove
845 1066 1068 1106 commonita,
1097 1065 1158 1100 nifi
1187 1071 1321 1100 reatum
1341 1066 1440 1101 suum
1460 1080 1615 1113 congrua
1633 1066 1721 1102 satis-

240 1125 394 1159 safffione
415 1124 619 1163 correxerit,
647 1123 823 1170 potestatis
842 1121 1050 1167 honorisque
1071 1122 1118 1156 sui
1139 1128 1253 1156 careat
1284 1123 1465 1169 dignitate,
1497 1135 1661 1169 reamque
1689 1123 1721 1157 se

242 1181 360 1215 divino
373 1180 509 1227 judicio
529 1179 671 1214 existere
691 1180 733 1213 de
752 1184 953 1226 perpetrata
978 1178 1160 1224 iniquitate
1188 1178 1382 1224 cognoscat,
1412 1183 1446 1213 et
1464 1192 1484 1213 a
1501 1178 1720 1214 saeratiffimo

241 1249 387 1284 corpore
406 1249 445 1270 ac
462 1236 628 1282 sanguine
649 1235 718 1269 Dei
738 1241 772 1269 et
790 1234 1021 1280 redemptoris
1039 1233 1144 1267 nostri
1172 1234 1279 1269 Jhesu
1301 1234 1426 1269 Christi
1446 1235 1561 1269 aliena
1580 1235 1650 1276 fiat,
1672 1241 1720 1269 at-

241 1305 308 1338 que
326 1293 362 1326 in
380 1298 539 1326 extremo
559 1292 718 1326 examine
738 1290 889 1324 distrifi‘ce
908 1289 1080 1337 subjaceat
1099 1291 1236 1325 ultioni.
1290 1291 1438 1327 Cunfifis
1464 1299 1581 1328 autem
1608 1294 1720 1328 eidem

240 1348 319 1383 loco
337 1347 397 1382 sua
408 1348 491 1395 jura
509 1347 726 1382 servantibus
744 1346 782 1381 fit
807 1359 875 1394 pax
895 1346 1041 1380 Domini
1060 1347 1164 1381 nostri
1183 1347 1206 1383 J
1209 1347 1267 1382 esu
1287 1348 1413 1383 Christi
1431 1350 1594 1396 quatinus
1613 1356 1647 1385 et
1666 1351 1719 1384 hic

241 1405 397 1439 frufitum
416 1404 507 1439 bone
525 1404 673 1438 {ustionis
692 1404 885 1451 percipiant
898 1408 932 1437 et
946 1403 1039 1450 apud
1058 1403 1250 1438 distrifi'mm
1268 1404 1292 1439 J
1294 1405 1432 1440 udicem
1450 1407 1583 1453 premia
1600 1412 1720 1441 eterne

242 1461 335 1508 pacis
352 1461 544 1495 inveniant.
598 1460 727 1494 Amen.
782 1458 920 1500 Quibus
938 1459 1078 1505 quidem
1098 1459 1223 1494 litteris
1240 1460 1432 1506 apostolicis
1450 1462 1550 1496 nobis
1578 1468 1616 1497 ut
1644 1476 1720 1510 pre-

242 1517 393 1551 mittitur
413 1516 573 1550 exhibitis
592 1521 626 1550 et
645 1514 792 1556 ostensis,
820 1514 920 1548 nobis
938 1515 1003 1549 fuit
1031 1528 1095 1562 pro
1113 1522 1211 1562 parte
1231 1516 1404 1551 di6torum
1423 1517 1569 1552 Abbatis
1587 1524 1622 1553 et
1640 1532 1721 1553 con-

242 1579 368 1606 ventus
387 1573 428 1606 de
450 1571 582 1606 Passeto
601 1572 781 1606 humiliter
798 1571 1027 1618 supplicatum
1046 1572 1209 1617 quatinus
1228 1572 1338 1606 dictas
1356 1573 1489 1607 litteras
1519 1574 1718 1621 apostolicas

243 1627 410 1675 inspicere
428 1628 634 1662 deberemus
653 1634 686 1661 et
704 1626 874 1674 inspefihas
892 1625 1071 1661 transcribi
1090 1633 1123 1662 et
1142 1627 1309 1674 publicari
1336 1629 1578 1675 publicamque
1598 1631 1633 1664 in
1651 1631 1719 1664 for-

243 1696 335 1718 mam
370 1684 481 1729 redigi
511 1683 713 1723 faceremus,
747 1683 956 1717 au&oritate
983 1683 1160 1717 ordinaria
1190 1684 1416 1729 dignaremur
1441 1698 1497 1720 eas
1527 1687 1717 1733 exemplari

244 1740 421 1779 mandare,
450 1752 529 1773 cum
558 1739 602 1773 ob
621 1738 816 1773 discrimina
834 1739 979 1779 viarum,
1009 1740 1165 1774 incursus
1194 1741 1284 1776 sorte
1314 1743 1512 1789 predonum
1530 1743 1588 1778 seu
1606 1744 1717 1778 flumi—

244 1808 326 1830 num
348 1796 497 1842 impetus
514 1800 575 1829 aut
592 1795 678 1828 alios
697 1794 790 1828 casus
819 1795 981 1829 fortuitos
1011 1801 1045 1829 et
1075 1796 1311 1832 difficultatem
1344 1798 1569 1845 probationis,
1600 1799 1718 1834 Abbas

244 1858 278 1886 et
297 1857 491 1886 conventus
510 1851 593 1885 dieti
613 1851 809 1885 monasterii
836 1851 878 1885 de
907 1849 1040 1886 Passeto
1071 1865 1090 1886 a
1112 1852 1193 1898 jure
1211 1852 1271 1887 suo
1291 1854 1414 1888 cadere
1432 1853 1557 1901 possint
1586 1868 1625 1889 ac
1657 1855 1718 1889 dis-

244 1908 412 1956 pendium
432 1913 466 1941 et
479 1907 656 1954 ja&ura1n
675 1908 865 1946 incurrere,
894 1906 995 1941 di6'tis
1021 1908 1145 1942 litteris
1171 1909 1323 1955 perditis,
1357 1911 1494 1957 ereptis,
1524 1911 1715 1952 destruffis,

245 1964 413 1998 balneatis
432 1963 488 1998 vel
505 1962 639 1997 amiffis.
692 1963 886 1997 Enimvero
918 1976 981 1997 nos
1000 1964 1131 2011 Symon
1151 1970 1273 1998 cantor
1293 1971 1327 1999 et
1346 1965 1500 2000 officialis
1526 1967 1715 2013 predffiffls,

245 2020 430 2055 attendens
447 2020 710 2066 suplicationem
728 2019 898 2066 prefatam
917 2018 983 2054 effe
1002 2019 1187 2054 consonam
1206 2021 1344 2061 rationi,
1369 2022 1490 2056 volens
1506 2022 1717 2069 probationi—

244 2077 308 2112 bus
326 2076 486 2111 veridicis
503 2074 686 2111 fiibvenire
717 2088 761 2110 ne
786 2075 917 2122 justitia
941 2076 1116 2122 depereat,
1145 2077 1255 2110 citatis
1273 2077 1485 2122 generaliter
1504 2078 1664 2112 omnibus
1683 2084 1716 2112 et

246 2133 384 2179 lingulis
402 2144 552 2178 quorum
571 2132 730 2166 interfuit
748 2136 782 2166 et
801 2132 898 2177 [qui]
917 2131 976 2166 sua
992 2137 1201 2178 putaverant
1219 2131 1379 2167 interesse
1398 2133 1433 2166 in
1453 2133 1560 2167 valvis
1579 2133 1716 2168 ecclefie

248 2188 454 2223 cathedralis
473 2186 695 2235 Glasguenfis
721 2193 885 2233 tanquam
906 2187 941 2221 in
959 2187 1038 2222 albo
1056 2189 1222 2235 pretorio,
1250 2189 1436 2223 intervallo
1468 2190 1549 2223 οᾶὶο
1581 2189 1714 2223 dierum

248 2246 295 2279 eis
313 2244 446 2290 prefixo
465 2244 508 2278 ad
527 2243 760 2291 objiciendum
779 2242 802 2276 fi
820 2243 903 2289 quid
922 2242 1072 2290 objicere
1090 2244 1222 2279 vellent
1240 2257 1346 2290 quare
1375 2245 1573 2292 hujusmodi
1600 2245 1714 2279 littere

246 2299 413 2346 publicari
429 2305 487 2333 aut
502 2299 691 2347 exemplari
707 2312 779 2333 non
798 2298 976 2339 deberent,
997 2312 1075 2334 cum
1094 2300 1312 2334 intimatione
1331 2301 1467 2347 publica
1485 2307 1519 2335 et
1537 2299 1712 2348 expreffa3

247 2369 315 2402 quo
335 2355 390 2389 die
409 2356 616 2391 adveniente
636 2361 670 2390 et
688 2354 762 2402 ipfis
781 2368 852 2390 non
871 2356 1163 2403 comparentibus,
1193 2368 1270 2391 cum
1291 2356 1396 2390 nichil
1415 2357 1591 2404 objefitum
1610 2356 1712 2390 fuerit
