1839 2652
174 294 243 329 190
567 286 881 322 REGISTRUM
910 285 1252 321 MONASTERII

177 387 221 422 sie
239 386 282 420 de
302 383 459 423 Paffelet,
485 382 509 416 fi
526 388 650 417 0011113
672 383 761 416 113110
779 381 1049 416 conventionem
1069 394 1134 415 nos
1150 381 1207 415 vel
1224 380 1344 427 sponse
1362 380 1476 415 nostre
1494 381 1653 428 predffike

180 442 240 478 seu
257 441 402 476 heredes
420 439 525 473 nostri
543 439 600 474 vel
617 439 740 485 aliquis
758 438 913 472 nostrum
943 437 1183 471 contradicere
1210 436 1267 470 vel
1298 436 1487 471 reclamare
1505 437 1655 472 volueri-

180 511 257 533 mus
273 497 329 531 vel
347 495 499 530 voluerit
515 509 524 537 ;
553 493 705 541 presenti
724 493 851 540 scripto
869 493 1116 527 nichilominus
1134 493 1171 526 in
1188 491 1249 526 suo
1272 492 1399 526 robore
1417 498 1656 539 permanente.

183 554 230 589 Et
248 554 291 588 ad
308 553 397 586 113110
416 551 689 586 0011νο11110110111
719 550 756 584 111
783 549 940 596 quolibet
970 549 1118 583 articulo
1137 548 1287 583 fideliter
1306 546 1567 588 observandam,
1595 560 1659 595 pro

182 609 282 644 nobis
300 614 334 643 et
352 607 520 655 predictis
538 605 665 654 sponsis
682 606 806 640 nostris
825 611 859 640 et
877 605 1063 640 heredibus
1081 604 1214 644 nostris,
1242 603 1496 638 sacramentum
1515 602 1659 650 prestiti-

182 678 260 700 111113
278 663 470 711 corporale,
499 668 534 697 et
550 662 757 710 subjecimus
775 675 839 696 nos
851 660 1088 709 jurisdictioni
1119 666 1153 695 et
1179 660 1374 695 cohertioni
1394 659 1527 694 domini
1547 659 1663 693 Eleffi

186 719 416 767 Glasgwenfis
435 724 469 753 et
487 718 625 753 Decani
644 718 851 752 cathedralis
879 716 1032 764 ejusdem
1058 717 1137 757 loci,
1166 722 1206 751 ut
1236 716 1337 750 ambo
1356 715 1412 750 vel
1431 715 1520 749 alter
1538 714 1663 762 poffint

186 777 242 811 vel
260 775 359 823 possit
378 788 441 809 nos
460 787 581 808 omnes
601 779 635 808 et
652 773 803 820 singulos
822 779 893 808 tam
921 774 965 807 ad
994 773 1205 808 solutionem
1236 785 1326 820 pene
1355 771 1377 805 fi
1409 772 1661 811 committatur,

187 844 289 878 quam
308 831 351 865 ad
369 829 645 864 observationem
663 829 766 875 hujus
785 830 1028 864 conventionis
1057 830 1092 863 in
1119 829 1274 875 quolibet
1292 828 1452 868 articulo,
1473 840 1536 875 per
1554 827 1664 861 omni-

185 887 326 922 modam
338 885 516 921 censuram
531 883 786 919 ecclefiasticam
801 886 1023 932 compellere,
1039 885 1239 932 nullojuris
1253 885 1425 919 beneficio
1437 884 1596 918 canonici
1608 883 1665 917 vel

189 943 308 983 civilis,
336 942 509 988 generalis
526 941 582 975 vel
600 940 765 988 specialis,
794 941 893 975 nobis
922 941 979 976 vel
1009 941 1112 975 alicui
1139 940 1294 975 nostrum
1313 946 1436 975 contra
1466 940 1555 974 hanc
1585 952 1666 974 con-

190 1000 391 1034 ventionem
411 998 599 1032 reclamare
630 997 829 1032 volentibus
857 998 914 1032 vel
941 997 1086 1038 volenti,
1114 996 1278 1031 valituro.
1331 996 1375 1030 In
1393 995 1492 1042 cujus
1509 996 1560 1030 rei
1578 995 1667 1030 testi-

192 1056 348 1091 monium
367 1053 506 1102 presens
524 1053 687 1100 scriptum
719 1052 932 1100 appositione
962 1052 1152 1099 sigillorum
1183 1051 1383 1086 nostrorum
1413 1051 1666 1085 roboravimus.

194 1113 273 1147 Hiis
291 1111 441 1151 testibus,
456 1111 599 1144 domino
616 1109 776 1144 Roberto
795 1109 925 1144 vicario
940 1109 983 1143 de
1003 1109 1196 1155 Innerkyp,
1217 1108 1360 1142 domino
1375 1107 1538 1143 ι1011311110
1557 1106 1668 1154 capel-

192 1170 273 1203 lano
293 1169 335 1203 de
356 1166 512 1207 Paffelet,
542 1167 685 1200 domino
705 1165 870 1200 VVilelmo
889 1166 931 1199 de
951 1165 1138 1212 Swynford
1156 1163 1289 1198 sacrista
1307 1162 1445 1198 ecclesie
1465 1162 1669 1209 Glasgwen-

192 1224 242 1265 sis,
272 1224 415 1258 domino
434 1222 625 1256 Lamberto
644 1222 771 1256 clerico
790 1222 929 1255 1061010
949 1220 1087 1255 ecclesie
1106 1221 1149 1254 de
1169 1220 1386 1260 Dunhoven,
1407 1219 1550 1253 domino
1573 1218 1668 1252 Hen-

195 1282 266 1315 rico
285 1281 327 1314 de
348 1279 469 1325 Irwyn
487 1279 625 1318 clerico,
647 1278 787 1312 Thoma
805 1278 847 1312 de
868 1277 1003 1317 Polloc,
1035 1277 1201 1312 Johanne
1231 1277 1274 1311 de
1307 1276 1423 1316 Knoc,
1453 1275 1601 1322 Fynlaio
1629 1275 1671 1309 de

195 1335 422 1371 Clochotrich
441 1335 580 1375 clerico,
608 1334 772 1369 Johanne
791 1333 864 1367 filio
885 1333 1004 1374 Alani,
1033 1339 1068 1367 et
1098 1333 1183 1367 aliis.
1237 1332 1372 1367 Datum
1403 1332 1496 1379 apud
1528 1329 1673 1366 Paffelet

196 1394 251 1427 die
270 1392 444 1426 dominica
462 1391 621 1438 proxima
637 1390 712 1437 post
728 1389 850 1424 festum
871 1389 992 1425 Sancti
1011 1388 1170 1436 Dyonifii
1188 1389 1270 1423 anni
1296 1389 1407 1435 gratie
1426 1386 1595 1422 millesimi
1614 1388 1674 1421 du-

198 1447 372 1483 centesimi
389 1445 637 1494 septuagesimi.

204 1617 334 1658 Quieta
351 1616 512 1650 clamatio
530 1615 553 1651 J
556 1614 702 1649 ohannis
721 1614 764 1649 de
783 1613 982 1648 VVardroba
999 1619 1033 1648 et
1053 1613 1169 1648 Marie
1187 1611 1306 1660 sponse
1324 1611 1394 1646 sue.

205 1727 443 1764 OMNIBUS
471 1726 597 1761 Christi
614 1726 775 1760 fidelibus
792 1725 932 1772 presens
950 1724 1113 1772 scriptum
1132 1724 1254 1759 visuris
1279 1725 1336 1759 vel
1362 1724 1532 1759 audituris
1549 1724 1679 1760 Johan-

206 1797 267 1819 nes
285 1784 327 1818 de
347 1783 543 1817 Wardroba
561 1788 595 1816 et
627 1781 743 1816 Maria
761 1781 881 1828 sponsa
910 1780 970 1816 sua
998 1781 1141 1815 salutem
1172 1782 1208 1814 in
1239 1781 1396 1815 Domino
1424 1780 1680 1827 sempiternam.

208 1840 357 1875 Noverit
375 1837 577 1873 universitas
594 1837 704 1872 vestra
718 1851 782 1872 nos
795 1838 898 1884 plene
913 1843 948 1872 et
966 1838 1102 1884 integre
1121 1835 1294 1884 recepisse,
1316 1837 1358 1871 de
1377 1837 1527 1870 dominis
1543 1836 1681 1870 Abbate

209 1903 242 1931 et
255 1901 432 1930 conventu
447 1895 489 1929 de
500 1892 656 1934 Paffelet,
665 1894 894 1940 quadraginta
906 1893 964 1928 sex
977 1905 1120 1934 11131033,
1136 1893 1217 1927 0610
1232 1892 1369 1933 solidos,
1386 1893 1505 1927 decem
1522 1892 1682 1927 denarios

209 1959 243 1987 et
262 1952 415 1991 obolum,
444 1963 507 1984 1103
525 1950 768 1995 contingentes
795 1950 837 1983 de
869 1950 936 1983 illis
954 1955 1095 1983 centum
1114 1949 1345 1995 quadraginta
1362 1949 1485 1983 11131013
1505 1949 1541 1982 111
1559 1948 1683 1994 quibus

209 2007 387 2042 nobiscum
405 2012 535 2041 etcum
557 2005 739 2040 Bernardo
758 2005 801 2040 de
822 2005 910 2040 Erth
941 2013 976 2039 et
1007 2005 1121 2039 Eleua
1148 2004 1269 2051 sponsa
1297 2003 1366 2044 sua,
1397 2010 1432 2038 01
1462 2004 1621 2038 Νο1·11110
1640 2005 1682 2039 de

212 2064 470 2111 Monnorgund
501 2070 535 2098 01
567 2063 756 2097 Forveleth
773 2061 894 2109 sponsa
911 2062 980 2101 sua,
1009 2066 1252 2095 convenerunt
1282 2061 1325 2094 ad
1356 2061 1452 2094 litem
1482 2059 1682 2107 sopiendam

210 2123 302 2156 inter
319 2134 383 2155 nos
402 2126 436 2155 et
453 2120 630 2167 predictos
650 2118 824 2152 Abbatem
843 2124 878 2152 et
895 2123 1107 2152 conventum
1127 2122 1268 2156 motam,
1296 2115 1397 2163 super
1415 2117 1516 2150 terris
1534 2116 1577 2150 de
1597 2116 1684 2151 Coc-

213 2178 368 2217 manach,
399 2176 636 2215 Edinbernan,
670 2174 880 2214 Fimbalach,
902 2174 1041 2209 Backan
1074 2179 1108 2208 et
1137 2173 1361 2213 Druncreue,
1390 2173 1433 2207 de
1463 2172 1586 2218 quibus
1603 2185 1684 2218 qua-

216 2234 375 2279 draginta
393 2232 449 2266 sex
468 2232 602 2271 marcis,
623 2231 706 2264 0610
732 2229 858 2270 solidis,
891 2231 1010 2265 decem
1031 2230 1181 2264 denariis
1200 2235 1234 2263 et
1262 2229 1367 2263 obolo
1386 2229 1595 2263 confitemur
1620 2241 1684 2262 nos

213 2289 301 2323 bene
320 2295 354 2322 et
372 2289 473 2335 plene
492 2286 558 2322 effe
576 2293 715 2334 pacatos
731 2300 739 2320 :
767 2287 862 2321 unde
881 2287 1077 2333 exceptioni
1102 2286 1250 2333 pecunie
1277 2298 1350 2319 non
1376 2284 1514 2324 tradite,
1546 2296 1617 2317 non
1634 2282 1684 2317 so-

215 2345 298 2385 lute,
327 2357 398 2378 non
428 2350 621 2383 numerate,
662 2343 903 2377 renuntiamus
934 2340 1098 2389 expresse,
1136 2341 1294 2376 volentes
1325 2346 1360 2375 et
1389 2340 1619 2374 concedentes
1645 2345 1684 2373 ut
