1839 2652
137 256 182 290 68
539 244 853 284 REGISTRUM
881 242 1218 278 MONASTERII

143 352 214 391 nie,
234 349 358 395 absque
376 347 626 383 retinemento,
645 341 788 390 pacifice
805 339 1034 386 possidendas.
1087 337 1237 371 Eosdem
1257 336 1358 371 etiam
1371 336 1464 370 viros
1481 336 1619 382 religio-

158 420 207 447 os,
228 419 271 440 ex
288 403 399 450 gratie
417 401 530 436 nostre
549 398 716 433 ferventis
733 395 981 434 habundantia,
1010 393 1052 427 ab
1072 392 1282 427 omnimodis
1298 391 1444 425 servitiis
1462 391 1620 425 seculari-

144 463 219 502 bus,
239 459 386 498 auxiliis,
407 455 626 496 exercitibus,
647 451 874 500 captionibus,
894 449 1177 496 inipofitionibuS,
1197 447 1297 482 seffis
1309 448 1414 487 curie,
1432 447 1620 481 exactioni-

146 518 219 557 bus,
240 511 558 550 consuetudinibus,
578 522 618 544 ac
632 507 812 543 demandis
829 505 1100 551 quibuscunque,
1120 503 1322 542 exemimus,
1339 502 1503 542 eruimus,
1520 502 1621 535 liber-

146 584 254 606 amus.
309 570 352 603 In
370 568 468 616 cujus
486 567 537 601 rei
554 564 787 600 testimonium
807 561 954 607 sigillum
972 560 1125 594 nostrum
1141 558 1358 606 presentibus
1373 557 1419 592 est
1433 556 1621 604 appensum

146 627 239 674 apud
258 626 377 672 Cluny
394 622 556 670 vigesimo
576 621 631 655 die
650 618 772 653 menfis
790 617 877 653 Julii
896 629 989 650 anno
1009 615 1155 649 Domini
1183 613 1362 648 millefimo
1381 612 1621 648 trecentefimo

147 681 353 729 sexagesimo
373 680 498 728 primo.
549 676 709 711 Testibus
727 674 891 710 ,Johanne
919 670 1112 706 Seneseallo
1139 670 1282 703 domino
1310 669 1353 703 de
1383 669 1474 716 Kyle
1494 669 1621 715 primo-

147 739 267 785 genito
286 737 413 777 nostro,
434 735 591 769 lValtero
624 730 819 766 Senescallo
846 728 975 763 dilecto
994 727 1066 760 filio
1085 725 1201 759 nostro
1220 725 1363 758 domino
1382 725 1424 758 de
1444 725 1530 771 Fyff,
1560 724 1582 759 J
1586 737 1621 758 o-

148 796 263 829 hanne
282 794 325 827 de
346 791 440 832 Roffi
461 790 638 836 Stephano
657 788 700 822 de
720 784 816 827 Rofl‘,
842 783 1006 819 Wilelmo
1027 782 1069 816 de
1088 780 1271 827 Lindesay‚
1298 780 1462 815 ,Iohanne
1481 780 1524 814 (le
1543 779 1622 815 Bal.

150 850 260 897 caiky,
281 855 315 884 et
333 848 453 883 multis
471 847 556 880 aliis.

151 1008 384 1045 Confirmatio
404 1005 552 1040 Roberti
578 1003 673 1038 tertii
691 1003 782 1049 regis
802 1003 928 1044 Scotie,
957 1004 1000 1037 de
1019 1003 1179 1037 omnibus
1196 1003 1298 1037 terris
1316 1007 1350 1037 et
1367 1003 1492 1037 annuis
1510 1002 1623 1037 reddi-

149 1065 241 1101 tibus
259 1062 455 1098 monasterii
474 1061 515 1095 de
536 1057 704 1094 Paffeleto
723 1064 757 1092 et
775 1058 796 1105 ij
819 1060 943 1093 celdris
961 1060 1070 1093 farine
1089 1059 1131 1092 de
1152 1057 1332 1104 Ingliston.

154 1173 431 1211 ROBERTUS
458 1172 529 1206 Dei
547 1171 659 1217 gratia
676 1182 738 1203 rex
757 1170 970 1210 Scottorum,
991 1170 1150 1203 omnibus
1168 1169 1285 1216 probis
1302 1169 1500 1203 hominibus
1518 1170 1625 1203 totius

151 1239 244 1267 terre
263 1230 321 1264 sue
339 1229 472 1264 clericis
491 1233 525 1262 et
544 1226 648 1273 laycis
666 1225 822 1259 salutem.
875 1226 995 1259 Sciatis
1022 1238 1085 1258 nos
1103 1225 1276 1270 quandam
1295 1230 1424 1258 cartam
1444 1225 1625 1259 confirma-

151 1288 267 1327 tionis,
296 1283 546 1323 ratfficationis,
574 1281 833 1328 approbationis
852 1287 886 1315 et
912 1294 1002 1315 nove
1022 1281 1220 1314 donationis
1238 1285 1272 1314 et
1290 1278 1513 1314 concessionis
1531 1293 1626 1314 reco-

152 1343 256 1378 lende
286 1340 454 1375 memorie
483 1338 615 1372 domini
645 1337 822 1383 quondam
855 1336 1004 1370 Roberti
1034 1335 1207 1370 senescalli
1238 1336 1364 1375 Scotie,
1393 1336 1627 1382 progenitoris

153 1397 270 1438 nostri,
299 1396 343 1430 ob
374 1395 606 1429 reverentiam
643 1393 790 1426 Domini
818 1392 922 1426 nostri
953 1391 1054 1425 Ihesu
1088 1391 1225 1432 Christi,
1253 1391 1440 1425 beatiffime
1471 1392 1627 1437 Virginis

155 1453 282 1492 Marie,
311 1451 401 1486 beati
432 1450 554 1486 Jaeobi
585 1448 738 1495 apostoli,
768 1448 858 1481 beati
891 1447 1026 1487 Mirini,
1056 1453 1090 1481 et
1121 1447 1292 1481 Omnium
1312 1447 1533 1487 Sanctorum,
1562 1459 1626 1493 pro

154 1509 261 1544 salute
280 1508 394 1542 anime
420 1505 479 1540 sue
508 1511 542 1539 et
573 1505 766 1538 animarum
785 1503 942 1536 omnium
961 1501 1213 1536 antecessorum
1243 1508 1278 1536 et
1306 1501 1535 1536 successorum
1552 1502 1627 1537 suo-

155 1578 244 1604 rum,
264 1564 392 1597 factam
412 1568 447 1596 et
465 1559 656 1595 concefl'am
676 1557 839 1605 religiosis
858 1558 940 1591 viris
960 1558 1089 1591 Abbati
1109 1564 1143 1591 et
1162 1558 1351 1591 conventui
1370 1558 1565 1592 monasterii
1584 1558 1627 1592 de

157 1619 301 1659 Passeto,
330 1618 366 1651 in
384 1616 630 1655 inviolabilem,
650 1627 772 1661 puram
792 1619 826 1648 et
844 1619 1047 1659 perpetuam
1066 1611 1288 1652 elimosinam,
1310 1613 1352 1646 de
1371 1613 1534 1646 mandato
1553 1612 1629 1647 nos·

155 1684 211 1711 tro
229 1674 345 1714 visam,
366 1673 504 1712 lectam,
533 1671 722 1718 inspe&am
753 1676 787 1704 et
814 1669 999 1714 diligenter
1025 1668 1267 1707 examinatam,
1300 1680 1372 1701 non
1402 1666 1523 1707 rasam,
1555 1680 1627 1702 non

155 1731 331 1769 abolitam,
359 1741 432 1763 non
458 1727 684 1762 cancellatam
710 1739 775 1760 nec
805 1725 919 1770 aliqua
948 1723 997 1756 sui
1027 1729 1125 1769 parte
1156 1723 1323 1763 vitiatam,
1352 1722 1557 1757 intellexisse
1584 1724 1628 1758 ad

156 1786 310 1832 plenum,
330 1784 366 1816 in
383 1784 448 1816 hec
465 1782 592 1823 verba3
622 1780 860 1815 OMNIBUS
889 1780 976 1812 hane
996 1785 1125 1812 cartam
1153 1778 1273 1812 visuris
1291 1779 1347 1813 vel
1366 1779 1536 1812 audituris
1556 1779 1629 1814 Ro-

154 1842 274 1875 bertus
292 1838 494 1873 senescallus
508 1837 622 1871 Scotie
640 1835 795 1869 fialutem.
835 1835 955 1869 Sciatis
973 1847 1036 1868 nos
1055 1834 1098 1868 ob
1117 1835 1349 1870 reverentiam
1363 1834 1509 1868 Domini
1523 1835 1630 1870 nostri

158 1895 261 1930 Ihefii
296 1893 433 1933 Christi,
467 1890 653 1926 beatiflime
687 1891 845 1936 Virginis
880 1890 1007 1930 Marie,
1036 1890 1126 1924 beati
1163 1891 1185 1926 J
1188 1890 1285 1924 acobi
1317 1889 1471 1936 apostoli,
1510 1891 1629 1925 Sancti

158 1950 283 1985 Mirini
302 1954 336 1983 et
355 1948 526 1983 Omnium
547 1948 769 1986 Sanctorum,
797 1952 831 1979 et
856 1958 920 1992 pro
946 1945 1054 1979 salute
1083 1947 1197 1980 anime
1224 1945 1348 1986 nostre,
1377 1944 1629 1980 antecefforum

157 2012 192 2041 et
203 2003 431 2040 succefforum
443 2003 651 2043 nostrorum,
667 2000 856 2041 ratificafl'e,
867 2000 1066 2048 approbasse
1082 2007 1115 2035 et
1129 2002 1386 2048 imperpetuum
1402 1999 1628 2042 confirmafl'e,

158 2060 323 2107 religiosis
340 2060 423 2094 viris
443 2058 574 2092 Abbati
593 2063 627 2092 et
646 2057 835 2092 conventui
853 2057 1049 2091 monasterii
1068 2058 1110 2091 de
1132 2056 1264 2091 Palleto
1283 2056 1410 2090 ibidem
1430 2056 1511 2090 Deo
1530 2055 1631 2091 servi-

159 2117 296 2152 entibus
327 2122 362 2150 et
390 2116 647 2161 imperpetuum
664 2113 851 2153 servituris,
880 2113 916 2146 in
944 2112 1178 2146 inviolabilem
1210 2125 1333 2159 puram
1363 2118 1397 2146 et
1426 2117 1631 2158 perpetuam

160 2171 382 2211 elimosinam,
424 2183 543 2204 omnes
574 2169 791 2208 donationes,
824 2166 1066 2208 concelliones,
1099 2168 1382 2201 confirmationes
1413 2174 1447 2201 et
1478 2167 1631 2201 infeoda-

160 2230 272 2263 tiones
290 2239 373 2272 quas
391 2224 620 2260 antecessores
638 2225 744 2259 nostri
763 2223 888 2258 eisdem
909 2222 1073 2269 religiofis
1091 2223 1174 2257 viris
1193 2223 1370 2257 caritative
1393 2222 1631 2256 contulerunt.

162 2284 208 2319 Et
225 2289 265 2318 ut
282 2282 473 2318 voluntatis
490 2281 603 2316 nostre
621 2280 769 2315 lucidius
788 2278 961 2314 illucescat
979 2279 1139 2320 intentio,
1157 2291 1196 2313 ac
1214 2278 1344 2313 brachii
1358 2278 1523 2313 violentia
1541 2277 1632 2312 secu-
