1870 2683
775 253 845 289 DE
872 253 1140 291 PASSELET.
1625 263 1695 300 437

223 346 412 395 privilegiis
430 347 591 383 eonceflis
610 347 741 383 Abbati
760 355 795 383 et
825 352 1015 385 conventui
1045 353 1101 399 de·
1118 351 1251 387 Passeto
1281 358 1316 387 et
1345 353 1552 388 monasterio
1571 367 1696 389 eorun-

222 404 315 444 dem,
343 404 475 439 ordinis
498 403 743 444 Cluniacenfis‚
772 404 1002 452 Glasgwenfis
1021 407 1172 449 diocesis,
1199 421 1270 442 una
1296 421 1376 443 curn
1402 409 1604 456 quibusdam
1623 411 1698 445 aliis

223 459 345 494 nostris
363 460 400 494 in
416 460 480 494 hae
498 465 595 507 parte
614 460 767 506 collegi5‚
788 473 866 494 cum
886 461 945 495 illa
963 463 1125 504 clausula,
1155 465 1340 507 Quatenus
1358 477 1427 505 vos,
1447 466 1516 500 duo
1528 471 1592 500 aut
1603 478 1698 501 unus

223 516 385 562 vestrum,
405 515 658 551 venerabilibus
677 521 712 550 et
729 515 987 563 circumspeffis
1006 519 1088 553 viris
1106 520 1273 566 magistris
1291 520 1314 556 J
1317 521 1447 554 ohanni
1466 521 1697 556 Drummond

224 573 357 607 decano
375 571 513 607 ecclefie
532 571 801 612 Dunblanenfis,
831 572 1006 607 Duncano
1040 574 1143 610 Bulle
1171 576 1415 610 archidiacono
1443 577 1607 624 ejusdem,
1640 578 1698 614 Ja-

223 627 311 662 cobo
330 627 487 675 Beanyte
505 628 674 662 canonico
694 627 917 662 Brechinenfi
935 634 970 663 et
997 630 1140 665 domino
1173 632 1381 666 Alexandro
1406 632 1499 667 Cant
1527 635 1697 668 canonico

224 682 437 718 Moravienfi
454 683 598 718 salutem
616 684 653 718 in
672 683 820 719 Christo.
873 684 967 725 Quia
985 686 1021 719 in
1040 687 1139 721 causa
1156 693 1252 722 mota
1269 702 1385 723 eoram
1405 689 1505 723 nobis
1532 703 1594 736 per
1622 703 1698 738 pre-

223 740 336 775 diffleos
354 741 529 776 Abbatem
549 747 583 776 et
602 747 816 776 conventum
835 742 877 776 de
898 742 1030 776 Palleto
1049 749 1172 777 contra
1204 749 1238 778 et
1268 743 1431 778 adversus
1462 745 1698 780 reverendiffi-

223 809 319 832 mum
337 797 374 831 in
393 797 529 832 Christo
547 804 682 845 patrem
701 798 748 833 N.
768 799 1062 845 arehiepiscopum
1095 798 1368 846 Glasgwensem,
1402 806 1436 835 et
1467 802 1503 835 in
1534 802 1608 835 aliis
1626 815 1698 836 mo-

222 853 343 887 vendis
361 866 423 901 per
441 854 577 889 eosdem
597 860 720 889 contra
736 854 959 901 quoscunque
978 854 1074 894 alios,
1103 855 1140 888 in
1167 856 1328 890 omnibus
1346 857 1505 890 terminis
1525 858 1698 904 judiciali-

221 908 285 942 bus
296 909 510 955 judicialiter
528 910 759 951 observandis,
785 910 880 945 senio
899 911 1070 945 confraeti
1090 917 1124 946 et
1143 912 1217 945 aliis
1236 913 1407 959 prepediti
1426 914 1586 959 negotiis,
1606 927 1698 948 eom-

221 964 325 998 mode
343 964 503 1000 intereffe
520 979 593 1000 non
610 965 772 1014 poflimus
788 981 797 1009 3
827 967 870 1001 de
888 966 1006 1002 vestris
1025 968 1132 1014 igitur
1158 969 1364 1015 prudentiis,
1398 969 1548 1004 scientiis
1575 976 1609 1004 et
1636 970 1698 1004 dis-

222 1020 434 1055 cretionibus
450 1021 641 1068 plurimum
660 1023 886 1063 confidentes,
907 1023 950 1056 ad
964 1023 1226 1058 ministrandum
1241 1024 1372 1071 justitie
1387 1025 1696 1072 complementum,

215 1076 319 1122 juxta
335 1077 417 1118 vim,
447 1077 592 1111 formam
611 1083 646 1112 et
663 1083 823 1113 tenorem
841 1079 1039 1114 litterarum
1067 1080 1331 1127 apostolicarum
1350 1082 1451 1116 nob1s
1471 1083 1696 1123 dire&arum‚

221 1133 258 1166 in
276 1133 370 1167 dieta
387 1133 486 1167 causa
503 1132 547 1168 fic
564 1140 604 1168 ut
622 1135 836 1181 premittitur
855 1148 972 1169 corani
992 1137 1091 1170 nobis
1110 1143 1215 1177 mota,
1245 1138 1338 1172 inter
1365 1138 1500 1172 dietum
1521 1138 1698 1173 Abbateni

222 1194 257 1222 et
275 1194 487 1223 conventum
507 1190 549 1224 de
570 1190 704 1224 Passeto
730 1203 769 1224 ae
796 1191 968 1237 prefatum
988 1192 1310 1228 reverendifliuium
1342 1194 1377 1227 in
1408 1194 1544 1228 Christo
1563 1200 1699 1242 patrem

223 1245 269 1280 N.
289 1245 583 1293 archiepiscopum
599 1247 871 1294 Glalgwensem,
893 1255 927 1283 et
946 1249 1020 1283 aliis
1038 1248 1143 1283 caulis
1157 1248 1418 1295 quibuscunque
1433 1263 1495 1297 per
1508 1263 1566 1284 eos
1583 1250 1700 1285 Abba-

221 1308 292 1337 tem
311 1307 346 1337 et
364 1308 577 1337 conventum
596 1309 719 1338 eontra
736 1303 956 1350 quascunque
971 1304 1133 1351 personas
1147 1305 1340 1346 movendis,
1358 1305 1601 1352 cognostendi,
1622 1320 1700 1353 pro-

221 1359 377 1399 cedendi,
393 1358 493 1393 testes
505 1360 548 1394 ad
563 1360 713 1407 partium
727 1359 919 1394 instantiam
935 1361 1094 1401 vocandi,
1112 1367 1145 1395 et
1152 1361 1273 1408 jurare
1286 1361 1445 1402 faciendi,
1465 1363 1697 1414 examinandi,

222 1420 257 1448 et
274 1414 297 1448 fi
315 1415 347 1449 se
366 1415 447 1449 odio
467 1415 523 1449 vel
540 1428 660 1450 amore
679 1415 912 1451 subtraxerint
924 1429 986 1464 per
999 1416 1177 1451 censuram
1193 1416 1448 1452 eccleliasticaln
1463 1418 1699 1453 testimonium

222 1470 405 1517 perhibere
440 1472 578 1506 veritati
613 1472 858 1518 compellendi,
899 1471 1049 1518 singulos
1078 1474 1247 1507 terminos
1270 1473 1453 1520 judiciales
1482 1474 1698 1515 observandi,

223 1539 362 1561 necnon
380 1527 497 1561 omnia
523 1527 590 1561 alia
621 1534 655 1561 et
683 1527 815 1573 lingula
845 1528 1004 1569 faciendi,
1032 1530 1177 1575 gerendi
1209 1535 1243 1563 et
1257 1531 1260 1533 ’
1274 1530 1480 1564 excereendi
1510 1531 1699 1565 seeundum

221 1583 370 1617 formam
390 1583 563 1617 dietarum
582 1583 779 1617 litterarum
798 1583 1061 1630 apostolicarum
1082 1598 1148 1631 que
1176 1586 1212 1619 in
1238 1584 1404 1632 premissis
1423 1585 1610 1620 neceffaria
1627 1587 1699 1621 fue-

219 1640 290 1674 rint
309 1646 343 1674 et
361 1642 537 1687 oportuna
555 1645 589 1674 et
609 1652 675 1685 que
696 1640 829 1673 nosmet
845 1640 1036 1674 faceremus
1054 1639 1076 1674 fi
1094 1640 1269 1687 presentes
1283 1641 1513 1688 personaliter
1526 1641 1699 1676 interesse-

220 1685 310 1737 nsus,
337 1696 445 1742 usque
463 1696 507 1730 ad
524 1695 694 1730 sententie
714 1696 896 1730 diffinitive
914 1696 1145 1743 prolationem
1167 1695 1348 1736 exclusive,
1378 1697 1540 1742 quotiens
1559 1710 1623 1731 nos
1642 1698 1699 1732 ab·

221 1750 286 1787 effe
305 1752 502 1798 eontigerit,
530 1752 740 1786 auetoritate
759 1751 944 1798 apostolica
970 1752 1068 1786 nobis
1099 1751 1284 1792 commissa,
1313 1765 1354 1786 (w
1382 1754 1505 1787 ceteri-s·
1533 1753 1699 1798 clazffulis

220 1808 420 1855 neceffizriis
437 1812 470 1842 et
486 1809 669 1854 requq'fitis.
724 1808 767 1841 In
790 1808 888 1855 cujus
907 1808 957 1842 rei
975 1807 1208 1842 testimonium
1233 1807 1379 1854 sigillum
1395 1808 1546 1843 nostrum
1562 1808 1698 1856 presen-

222 1865 313 1900 tibus
331 1864 379 1899 est
395 1863 538 1899 affixum
556 1865 649 1911 apud
668 1863 912 1898 monasterium
931 1863 1085 1898 nostruin
1106 1864 1148 1898 de
1168 1863 1300 1910 Cupro.

222 2034 352 2069 Citatio
370 2033 472 2081 super
490 2033 660 2068 seculares
678 2034 851 2081 personas.

351 2146 454 2181 abbas
473 2146 543 2180 Dei
561 2146 730 2193 patientia
747 2145 943 2179 monasterii
963 2147 1004 2180 de
1025 2145 1163 2185 Culros,
1185 2145 1316 2179 ordinis
1336 2144 1574 2186 Cistercienfis,
1596 2145 1698 2181 Dun-

222 2203 389 2238 blanenfis
420 2201 571 2242 dionesie,
595 2202 706 2249 judex
726 2208 760 2236 et
778 2200 1000 2236 conservator
1018 2214 1038 2234 a
1054 2200 1133 2235 sede
1152 2200 1337 2247 apostolica
1355 2201 1542 2248 deputatus
1559 2202 1697 2248 privile-

219 2261 358 2307 giorum
378 2265 412 2293 et
430 2258 532 2305 super
549 2257 741 2305 privilegiis
768 2257 810 2291 ab
838 2257 958 2291 eadem
976 2257 1055 2291 sede
1074 2255 1236 2291 conceffis
1267 2256 1522 2291 venerabilibus
1554 2263 1588 2291 et
1619 2258 1697 2292 reli-

221 2316 319 2357 ffiofis
338 2317 419 2351 viris
440 2315 568 2350 Abbati
589 2320 621 2350 et
642 2315 833 2350 conventui
852 2313 1047 2348 monasterii
1075 2313 1116 2347 de
1146 2312 1278 2347 Passeto
1298 2313 1429 2347 ordinis
1448 2313 1693 2354 Cluniacensis,
