1839 2652
195 254 240 286 80
589 244 904 282 REGISTRUM
933 245 1270 282 MONASTERII

200 401 314 437 Salina
330 406 504 435 terrarum
523 399 565 433 de
585 398 744 433 Thornle
764 397 892 432 VValas.

201 511 352 547 HUGO
368 511 552 546 WALAS
564 510 662 545 miles
681 509 844 545 dominus
856 509 898 544 de
909 509 1072 558 Cragyne
1085 511 1215 546 dilecto
1230 517 1265 547 et
1278 510 1415 559 speciali
1429 525 1508 547 meo
1521 512 1544 549 J
1546 514 1674 548 ohanni

200 568 349 603 Roberti
366 567 526 615 serjando
545 580 623 601 meo
642 566 685 600 de
704 565 865 600 Thornle
882 566 1027 601 salutem
1048 567 1083 600 in
1102 567 1256 602 domino.
1310 568 1431 603 Sciatis
1449 582 1515 610 me,
1530 582 1574 604 ex
1596 582 1637 604 co
1653 582 1677 604 n

197 624 293 660 sensu
314 629 348 659 et
366 622 497 658 affensu
520 622 672 657 Wilelmi
692 621 808 655 Walas
827 622 942 656 fratris
961 628 995 657 et
1021 623 1159 657 heredis
1177 624 1246 658 mei
1264 624 1398 666 talliati,
1427 623 1566 666 dedisse,
1595 638 1676 660 con-

197 679 321 716 ceffiffe
340 686 374 715 et
401 686 496 715 carta
514 692 590 713 mea
607 676 822 713 confirmaffe
851 678 932 712 Deo
960 679 1203 726 omnipotenti,
1232 680 1381 726 gloriose
1400 680 1540 727 Virgini
1559 681 1675 716 Marie

198 737 300 771 matri
319 736 402 784 ejus,
433 735 569 770 Sanctis
587 734 719 770 Jacobo
739 740 772 768 et
792 733 927 768 Mirino
946 735 988 769 de
1008 733 1155 770 Pafl'elet
1186 741 1220 770 et
1250 737 1428 771 monachis
1446 736 1574 771 ibidem
1593 737 1675 771 Deo

198 793 425 827 servientibus
452 797 486 826 et
514 792 771 838 imperpetuum
789 788 978 831 servituris,
1004 804 1069 837 pro
1098 791 1206 826 salute
1237 793 1352 827 anime
1381 793 1558 838 quondam
1583 793 1675 827 bone

197 849 365 884 memorie
385 848 517 883 domini
535 847 641 881 nostri
660 846 809 880 Roberti
828 846 918 892 regis
937 846 1052 881 Scotie
1070 848 1305 894 progenitoris
1323 849 1455 883 domini
1474 848 1580 883 nostri
1605 848 1675 883 Re-

198 909 259 954 gis,
288 912 322 941 et
339 919 403 953 pro
421 905 529 940 fiilute
548 904 661 938 anime
680 902 780 950 ipsius
812 903 944 936 domini
973 902 1078 936 nostri
1112 903 1220 950 Regis
1247 909 1282 938 et
1310 905 1468 938 omnium
1487 903 1675 939 anteceffo-

197 976 275 997 rum
295 968 329 996 et
347 960 575 996 success'orum
593 958 746 998 suorum,
775 971 914 992 necnon
931 971 995 1005 pro
1014 957 1122 993 salute
1140 960 1254 994 anime
1273 962 1341 994 mei
1360 959 1460 1008 ipsius
1486 966 1519 994 et
1546 961 1674 994 anima-

197 1032 275 1053 rum
294 1015 546 1052 anteeefformn
566 1021 600 1050 et
617 1013 845 1049 successorum
866 1027 1036 1054 meorum,
1058 1015 1177 1049 decem
1208 1021 1377 1050 marcatas
1407 1021 1500 1050 terre
1528 1028 1605 1050 mee
1632 1016 1674 1050 de

199 1075 358 1110 Thornle
371 1087 449 1108 cum
462 1072 692 1120 pertinentiis,
702 1071 860 1118 jacentes
875 1071 909 1104 in
925 1070 1068 1105 baronia
1082 1071 1124 1105 de
1138 1071 1276 1105 Renfru
1290 1071 1380 1105 infra
1392 1071 1673 1106 vicecomitatum

198 1133 240 1167 de
261 1131 412 1170 Lanark‚
429 1131 464 1163 in
483 1129 626 1163 liberam
645 1140 768 1174 puram
788 1132 821 1161 et
839 1132 1043 1173 perpetuam
1063 1126 1294 1168 elemosinam,
1310 1133 1416 1174 prout
1430 1128 1466 1161 in
1485 1133 1579 1161 carta
1597 1140 1674 1162 mea

197 1189 278 1222 inde
297 1186 458 1221 confecta
474 1185 609 1232 plenius
628 1184 840 1218 continetur.
894 1182 1014 1222 Quare
1037 1182 1135 1216 vobis
1159 1182 1275 1217 stricte
1292 1183 1518 1229 precipiendo
1544 1183 1673 1217 mando

197 1257 258 1292 per
276 1241 462 1291 presentes,
491 1246 672 1286 quatenus,
701 1237 776 1273 vifis
793 1237 1020 1285 presentibus,
1053 1238 1197 1272 indilate
1216 1238 1317 1272 diffis
1334 1239 1417 1272 viris
1435 1236 1599 1284 religiofis
1617 1239 1674 1272 vel

197 1312 319 1335 eorum
338 1303 434 1333 certo
453 1296 672 1344 procuratori
689 1295 751 1329 has
768 1295 901 1328 litteras
918 1292 1032 1327 secum
1052 1293 1233 1333 deferenti,
1261 1292 1401 1328 safinam
1428 1294 1672 1328 hereditariam

197 1358 239 1391 de
258 1356 359 1390 dic-tis
377 1354 478 1388 terris
496 1352 686 1387 secundum
712 1356 871 1385 tenorem
900 1354 993 1383 carte
1011 1362 1087 1383 mee
1105 1349 1186 1383 inde
1205 1350 1364 1384 confeae
1384 1350 1576 1384 deliberare
1593 1350 1674 1384 faci-

196 1414 271 1448 atis.
326 1411 369 1445 In
388 1410 486 1457 cujus
504 1408 554 1443 rei
572 1407 806 1442 testimonium
824 1405 972 1452 sigillum
991 1417 1108 1439 meum
1127 1418 1198 1439 una
1223 1418 1302 1439 cum
1320 1404 1429 1451 figillo
1449 1406 1533 1439 dicti
1553 1405 1673 1440 Wilel-

196 1470 244 1503 mi
266 1467 379 1501 Walas
397 1465 511 1500 fratris
529 1464 598 1498 mei
615 1462 831 1510 presentibus
861 1461 908 1496 est
937 1459 1125 1508 appensum
1155 1461 1247 1508 apud
1279 1461 1497 1495 Dundonald
1514 1460 1673 1495 vicefima

195 1525 299 1560 tertia
317 1523 371 1557 die
390 1519 512 1555 mensls
531 1519 711 1554 Februarii
732 1530 825 1552 anno
844 1517 992 1552 Domini
1009 1515 1187 1551 millefimo
1202 1515 1540 1563 quadringentesimo
1554 1517 1671 1552 tertio.

198 1690 429 1727 Confirmatio
450 1688 598 1723 Roberti
616 1687 706 1733 regis
725 1686 767 1720 de
785 1690 879 1719 terra
898 1685 940 1720 de
959 1685 988 1719 le
1007 1685 1177 1719 Thornle.

199 1793 476 1831 ROBERTUS
504 1792 574 1826 Dei
591 1792 703 1838 gratia
720 1803 783 1825 rex
802 1790 986 1824 Scotorum
1016 1789 1176 1823 omnibus
1203 1788 1320 1835 probis
1346 1788 1545 1823 hominibus
1562 1789 1670 1823 totius

198 1858 291 1887 terre
308 1850 366 1884 sue
385 1849 518 1884 clericis
536 1854 571 1882 et
588 1848 682 1882 laicis
700 1846 857 1880 ialutem.
910 1845 1031 1880 Sciatis
1058 1857 1122 1878 nos
1148 1845 1321 1890 quandam
1349 1849 1477 1879 cartam
1497 1844 1616 1879 dilecti
1635 1850 1670 1879 et

197 1908 308 1942 fidelis
325 1906 431 1941 nostri
450 1905 626 1951 quondam
647 1902 812 1949 Hugonis
831 1902 959 1935 W'alais
986 1901 1028 1935 de
1049 1901 1191 1947 Cragyn
1209 1901 1327 1934 militis
1344 1900 1472 1934 faaam
1491 1900 1668 1934 caritative

197 1971 231 1999 et
249 1961 438 1999 concefl'am
458 1961 518 1995 sub
535 1959 643 2007 sigillo
661 1958 733 1999 suo,
762 1971 841 1993 cum
862 1955 1027 1992 consensu
1048 1956 1203 1990 Wilelmi
1225 1955 1350 1989 Walais
1367 1955 1482 1989 fratris
1508 1960 1543 1989 et
1572 1955 1670 1990 here-

198 2022 249 2055 dis
266 2020 317 2054 sui
333 2018 468 2058 talliati,
497 2015 660 2063 religiosis
679 2015 760 2049 viris
779 2014 910 2048 Abbati
928 2018 963 2047 et
981 2012 1170 2047 conventui
1188 2011 1385 2046 monasterii
1413 2011 1456 2045 de
1483 2010 1616 2045 Passeto
1635 2018 1669 2046 et

196 2088 316 2112 eorum
336 2072 580 2109 succefforibus
597 2073 867 2118 imperpetuum,
887 2069 930 2103 de
948 2074 983 2102 et
1001 2067 1101 2115 super
1119 2068 1238 2102 decem
1257 2067 1417 2101 marcatis
1434 2072 1607 2101 terrarum
1625 2067 1668 2101 de

198 2131 358 2166 Thornle
377 2142 455 2164 cum
473 2127 704 2176 pertinentiis,
725 2125 922 2173 jacentibus
940 2124 975 2157 in
994 2123 1137 2157 baronia
1163 2123 1205 2157 de
1225 2122 1363 2156 Renfru
1382 2121 1471 2155 infra
1487 2121 1669 2156 vicecomi-

197 2194 308 2222 tatum
340 2187 382 2220 de
411 2184 564 2225 Lanark,
593 2184 636 2218 de
666 2182 830 2217 mandato
859 2179 974 2214 nostro
1005 2178 1122 2219 visam,
1150 2179 1289 2218 lectam,
1318 2176 1507 2224 inspectam
1534 2182 1568 2211 et
1595 2177 1670 2211 dili-

197 2249 321 2290 genter
349 2242 590 2280 examinatam,
622 2251 695 2273 non
722 2237 842 2277 rafiam,
870 2249 942 2270 non
970 2236 1145 2275 abolitam,
1173 2247 1246 2268 non
1274 2233 1510 2273 cancellatam,
1542 2245 1606 2267 nec
1632 2233 1669 2267 in

198 2300 313 2345 aliqua
329 2297 379 2332 sui
396 2302 494 2344 parte
513 2296 680 2337 vitiatam,
699 2294 757 2329 sed
776 2293 870 2328 omni
889 2291 1029 2340 prorsus
1047 2292 1132 2327 vitio
1150 2296 1185 2325 et
1201 2289 1392 2337 suspicione
1411 2293 1598 2330 carentem,
1617 2289 1668 2323 in-
