1870 2683
76 832 84 842 ι
98 828 106 841 x
114 821 134 841 io
144 819 211 841 entia.

266 275 335 307 Ι114
660 266 975 303 REGISTRUM
1004 265 1343 302 MONASTERII

265 367 386 402 astutia
402 364 459 400 seu
478 363 645 399 violentia
661 368 887 410 preponatur,
918 361 981 396 nifi
1009 375 1114 409 quem
1143 362 1268 397 fratres
1294 363 1472 397 communi
1498 362 1663 399 consensu
1689 364 1745 400 vel

266 424 412 457 fratrum
431 433 509 467 pars
528 417 657 453 confilii
674 418 817 453 sanioris
844 417 1034 453 secundum
1053 417 1174 453 Deum
1201 423 1237 453 et
1265 418 1358 453 beati
1389 418 1574 453 Benedicti
1591 419 1747 466 regulam

268 477 487 526 providerint
505 475 719 522 eligendum.
772 473 970 509 Libertates
987 487 1126 521 quoque
1145 478 1180 509 et
1197 474 1436 509 immunitates
1453 474 1611 520 antiquas
1637 480 1672 509 et
1696 488 1750 510 ra·

270 532 451 568 tionabiles
470 530 738 566 consuetudines
755 543 776 565 a
792 530 943 577 regibus,
975 530 1190 578 principibus
1207 530 1265 565 vel
1282 530 1357 564 aliis
1386 529 1547 564 fidelibus
1564 530 1750 565 rationabi-

271 590 350 624 liter
367 588 465 623 vobis
482 586 635 621 indultas
663 586 874 621 auctoritate
900 586 1086 634 apostolica
1112 586 1359 621 confirmamus
1387 591 1422 621 et
1451 584 1619 633 presentis
1635 585 1752 633 scripti

271 644 454 693 privilegio
483 643 750 678 communimus.
803 642 885 677 Paci
903 655 1042 689 quoque
1073 648 1108 677 et
1137 642 1383 688 tranquillitati
1413 641 1522 677 vestre
1552 647 1699 689 paterna
1717 642 1752 676 in

272 700 446 748 posterum
465 699 684 734 solicitudine
702 698 888 746 providere
906 698 1076 739 volentes,
1096 698 1307 733 auctoritate
1325 697 1512 745 apostolica
1528 697 1754 745 prohibemus

273 762 313 792 ut
339 757 430 791 infra
457 754 630 790 clausuras
647 754 805 789 locorum
837 753 896 789 seu
922 756 1149 802 grangiarum
1167 755 1358 791 vestrarum
1376 755 1495 790 nullus
1519 755 1677 803 rapinam
1695 755 1754 790 {eu

274 813 406 848 furtum
420 812 545 852 facere,
560 811 677 858 ignem
688 823 876 858 apponere,
896 810 1099 858 sanguinem
1110 812 1270 852 fundere,
1290 811 1469 846 hominem
1482 816 1615 846 temere
1632 824 1754 858 capere

276 869 332 904 vel
350 868 558 908 interficere,
586 867 644 901 seu
663 867 866 901 violentiam
884 868 1011 902 audeat
1029 881 1204 903 exercere.
1255 867 1490 903 Decernimus
1508 880 1592 914 ergo
1610 872 1651 902 ut
1667 867 1756 901 nulli

277 925 421 961 omnino
439 924 621 958 hominum
640 924 740 958 liceat
758 923 931 970 prefatum
949 924 1194 959 monasterium
1212 929 1345 959 temere
1362 923 1568 971 perturbare
1596 929 1656 958 aut
1683 923 1757 970 ejus

277 979 495 1029 poffeffiones
513 979 649 1014 auferre
668 979 724 1014 vel
742 979 872 1013 ablatas
889 980 1052 1020 retinere,
1082 980 1242 1015 minuere
1259 979 1319 1015 seu
1336 979 1540 1026 quibussibet
1565 979 1756 1015 vexationi-

276 1038 340 1072 bus
357 1037 512 1083 fatigare,
545 1035 603 1070 sed
621 1035 739 1070 omnia
756 1035 892 1081 integra
910 1036 1160 1073 conserventur
1178 1050 1301 1073 eorum
1327 1050 1392 1085 pro
1418 1049 1568 1083 quorum
1586 1037 1758 1084 guberna-

278 1094 375 1128 tione
394 1098 428 1127 et
445 1091 689 1126 sustentatione
707 1089 864 1125 conceffa
880 1091 960 1127 sunt
986 1093 1100 1129 ufibus
1126 1094 1287 1129 omnibus
1312 1094 1523 1141 profutu1·a;
1554 1093 1655 1128 Salva
1671 1093 1758 1127 sedis

281 1150 464 1197 apostolice
482 1148 692 1182 auctoritate
711 1153 746 1182 et
764 1147 936 1182 diocesani
967 1149 1115 1197 episcopi
1133 1150 1301 1185 canonica
1325 1149 1466 1197 justitia,
1499 1162 1539 1184 ac
1557 1149 1599 1183 de
1618 1149 1759 1183 decimis

282 1206 521 1241 moderatione
540 1204 678 1239 concilii
695 1204 879 1251 generalis.
932 1205 1038 1252 Siqua
1054 1206 1161 1252 igitur
1187 1206 1224 1240 in
1249 1206 1407 1240 futurum
1432 1204 1652 1239 ecclefiastica
1668 1203 1761 1238 seeu-

281 1261 404 1297 larisve
421 1260 568 1309 persona
585 1260 674 1294 hanc
691 1259 805 1294 nostre
824 1260 1077 1296 constitutionis
1094 1262 1255 1308 paginam
1268 1260 1388 1302 sciens,
1408 1266 1531 1295 contra
1542 1273 1618 1295 eam
1629 1266 1761 1294 temere

283 1319 402 1354 venire
421 1317 656 1364 temptaverit,
676 1315 840 1357 secundo,
860 1317 1010 1352 tertiove
1025 1319 1250 1360 commonita,
1270 1318 1332 1353 nifi
1343 1324 1478 1353 reatum
1493 1318 1592 1352 suum
1607 1329 1763 1364 congrua

283 1375 518 1411 satisfactione
537 1374 740 1414 correxerit,
761 1374 936 1421 potestatis
954 1374 1163 1421 honorisque
1181 1376 1231 1410 sui
1250 1380 1365 1410 careat
1383 1375 1563 1421 dignitate,
1594 1386 1762 1420 reumque

283 1433 316 1468 se
335 1434 453 1468 divino
478 1432 613 1479 judicio
633 1430 775 1466 existere
795 1431 837 1465 de
854 1436 1024 1478 perpetua
1042 1433 1222 1479 iniquitate
1253 1433 1448 1479 cognoscat,
1481 1437 1516 1467 et
1545 1430 1763 1466 sacratissimo

285 1502 431 1537 corpore
450 1495 484 1523 et
502 1489 667 1534 sanguine
687 1487 758 1522 Dei
780 1493 814 1522 et
833 1487 965 1521 domini
982 1489 1214 1536 redemptoris
1233 1489 1338 1523 nostri
1358 1488 1461 1523 Ihesu
1494 1487 1619 1523 Christi
1650 1487 1764 1521 aliena

286 1546 356 1586 fiat,
377 1552 479 1591 atque
506 1546 541 1578 in
576 1550 734 1578 extremo
753 1544 912 1578 examine
931 1544 1083 1578 distri&e
1100 1544 1273 1590 subjaceat
1290 1544 1427 1578 ultioni.
1480 1543 1628 1578 Cunfitis
1646 1547 1763 1576 autem

288 1602 400 1636 eidem
418 1601 497 1635 loco
516 1601 575 1634 sua
597 1601 679 1647 jura
697 1599 912 1634 servantibus
939 1599 978 1634 fit
1005 1613 1073 1647 pax
1092 1601 1223 1634 domini
1242 1600 1348 1634 nostri
1377 1599 1479 1634 Ihesu
1499 1598 1634 1639 Christi,
1655 1598 1764 1644 quati-

287 1670 353 1692 nus
383 1663 418 1692 et
445 1657 500 1691 hic
528 1657 683 1690 fructum
713 1656 804 1690 bone
823 1656 970 1690 aetionis
988 1658 1181 1704 percipiant
1211 1663 1246 1692 et
1273 1657 1365 1704 apud
1394 1657 1585 1691 distrifflmm
1604 1655 1763 1691 Judicem

288 1714 421 1761 premia
438 1719 558 1748 eterne
576 1713 668 1760 pacis
686 1712 879 1746 inveniant.
931 1712 1061 1748 Anien.
1091 1713 1218 1747 Amen.
1248 1714 1377 1747 Amen.

294 1883 351 1917 Ne
370 1882 474 1928 aliqui
496 1881 661 1916 invadant
678 1881 770 1915 bona
788 1880 993 1916 monasterii.

298 1992 616 2030 BONIFACIUS
648 1992 826 2040 episcopus
851 1991 968 2027 servus
995 1992 1174 2028 servorum
1204 1993 1274 2028 Dei
1305 1993 1441 2029 dilectis
1470 1994 1548 2029 filiis
1577 1994 1707 2029 Abbati
1733 2000 1768 2029 et

298 2051 487 2085 conventui
504 2048 701 2083 monasterii
720 2049 762 2083 de
783 2046 938 2089 Paffelet‚
968 2048 1204 2084 Cluniacenfis
1223 2051 1364 2091 ordinis,
1389 2050 1611 2097 Glasguenfis
1630 2050 1768 2086 diocesis

298 2106 442 2140 salutem
470 2112 504 2140 et
531 2105 750 2153 apostolicam
769 2104 1062 2140 benedictionem.
1116 2106 1170 2140 Ex
1196 2112 1295 2154 parte
1327 2106 1435 2141 vestra
1463 2107 1529 2141 fuit
1555 2105 1767 2154 propofitum

299 2175 415 2196 coram
435 2162 533 2196 nobis
552 2162 645 2208 quod
664 2161 826 2196 nonnulli
844 2161 959 2195 clerici
979 2167 1013 2195 et
1030 2162 1107 2196 laici
1126 2161 1310 2198 afferentes
1336 2163 1369 2197 se
1394 2164 1431 2197 in
1448 2176 1510 2198 vos
1528 2164 1658 2210 aliquid
1675 2162 1770 2209 ques-

302 2218 407 2251 tionis
424 2218 562 2259 habere,
590 2218 777 2264 aliquando
807 2217 1007 2258 monachos
1035 2219 1212 2253 interdum
1241 2219 1425 2254 conversos
1455 2226 1488 2254 et
1517 2231 1769 2265 nonnunquam

302 2273 463 2307 animalia
482 2279 515 2307 et
533 2274 600 2307 alia
617 2274 709 2308 bona
727 2273 921 2308 monasterii
939 2273 1050 2315 vestri,
1079 2281 1242 2322 pretextu
1272 2275 1446 2322 cujusdam
1465 2288 1571 2322 parve
1590 2273 1770 2308 consuetu-

304 2328 403 2368 dinis,
432 2331 627 2364 temeritate
646 2331 796 2377 propria,
825 2330 975 2371 vadiare,
1004 2331 1169 2366 invadere
1187 2344 1225 2365 ac
1244 2331 1375 2365 tamdiu
1395 2331 1551 2365 detinere
1568 2330 1770 2377 presumunt
