1839 2652
730 251 800 285 DE
829 249 1097 285 PASSELET.
1607 254 1649 284 21

173 348 462 388 comburendum,
483 354 518 383 et
535 348 743 383 meremium
755 348 797 382 ad
812 347 1044 382 edificandum
1062 347 1097 381 in
1111 346 1278 394 predkffis
1292 346 1406 380 terris.
1440 345 1652 381 Tenendum

173 411 208 439 et
236 404 436 438 habendum
456 405 491 438 in
511 418 634 452 puram
664 409 698 438 et
728 409 933 451 perpetuam
966 402 1198 442 elemosinam,
1226 402 1314 436 adeo
1332 402 1440 436 libere
1471 407 1506 436 et
1536 402 1653 448 quiete

172 460 256 495 ficut
273 461 389 506 aliqua
407 459 591 494 elemofina
617 460 653 493 in
681 465 757 494 toto
788 473 898 503 regno
928 460 1042 494 Scotie
1074 460 1116 493 de
1149 459 1243 493 dono
1262 458 1396 493 comitis
1414 458 1471 492 vel
1502 458 1652 497 baronis,

172 517 313 551 liberius
332 521 366 550 et
384 516 533 562 quietius
551 521 692 550 tenetur
711 521 746 549 et
763 514 963 562 possidetur.
1006 515 1085 549 Hiis
1103 514 1254 555 testibus,
1271 513 1465 548 Malcolmo
1481 513 1650 554 Loccard,

173 572 368 606 ,Maleohuo
395 572 468 605 filio
495 572 628 605 domini
649 570 831 605 Maldovei
850 572 986 605 comitis
1005 572 1048 606 de
1068 571 1247 611 Levenax,
1278 570 1436 616 Rogerio
1454 570 1527 604 filio
1547 570 1652 616 Glay,

172 628 293 663 David
312 628 354 662 de
374 627 569 674 Lyndestry,
585 627 744 661 Roberto
764 627 807 661 de
827 627 1084 674 Mungumbry,
1104 627 1127 662 J
1130 627 1268 660 ohanne
1280 626 1387 660 fratre
1401 625 1473 666 suo,
1497 625 1655 672 Hugone

173 684 245 718 filio
274 683 474 729 Reginaldi,
506 683 624 717 Alano
656 683 699 717 de
728 682 856 723 Insula,
890 682 1065 724 Wilelmo,
1099 683 1235 723 Udard,
1266 682 1463 730 capellanis,
1493 682 1655 717 Roberto

173 740 312 780 clerieo,
340 745 376 774 et
393 739 512 773 multis
530 739 615 773 aliis.

175 909 282 943 Carta
301 908 448 943 lValteri
466 908 618 949 secundi,
639 908 700 942 filii
714 907 833 948 Alani,
855 907 897 941 de
915 911 1011 941 terra
1026 907 1068 941 de
1084 906 1281 946 Dalmulin,
1299 912 1333 941 et
1348 906 1391 940 de
1402 905 1553 953 piscariis
1565 906 1655 940 inter

176 965 251 999 Are
270 970 305 999 et
324 965 446 999 Irwin.

175 1077 415 1112 OMNIBUS
444 1077 569 1112 Christi
587 1076 748 1111 fidelibus
766 1075 982 1123 presentibus
1009 1080 1043 1110 et
1062 1076 1199 1116 futuris,
1229 1075 1406 1110 lValterus
1424 1075 1516 1110 filius
1536 1075 1654 1115 Alani,

175 1133 308 1167 domini
337 1133 445 1179 Regis
472 1133 588 1167 Seotie
614 1132 830 1173 senescallus,
859 1131 1015 1166 salutem.
1068 1131 1250 1166 Noveritis
1278 1145 1334 1166 me
1362 1132 1479 1166 divine
1506 1132 1657 1165 caritatis

175 1189 307 1223 intuitu
337 1187 492 1223 fundaffe
519 1189 705 1234 quamdam
724 1189 867 1222 domum
897 1189 1147 1222 canonicorum
1176 1193 1211 1222 et
1239 1188 1445 1222 monialium
1464 1188 1596 1222 ordinis
1614 1187 1657 1221 de

178 1245 448 1292 Simmingham,
476 1245 512 1278 in
530 1245 608 1279 1060
627 1245 686 1291 qui
705 1245 832 1279 dicitur
852 1244 1037 1279 Dalmulin
1054 1244 1156 1291 super
1176 1244 1251 1278 Are
1270 1245 1305 1278 in
1323 1250 1417 1278 terra
1436 1245 1478 1279 de
1498 1243 1655 1284 Mernes,

177 1314 313 1348 meque,
347 1302 537 1336 conventui
567 1301 694 1335 ibidem
716 1301 796 1335 Deo
828 1306 862 1335 et
881 1301 980 1335 beate
1000 1300 1116 1335 Marie
1143 1299 1306 1334 servienti
1334 1305 1368 1334 et
1398 1300 1657 1347 imperpetuum

175 1357 367 1392 secundum
385 1358 534 1392 formam
554 1358 686 1392 ordinis
704 1357 838 1405 prefati
848 1357 1030 1398 servituro,
1055 1354 1260 1397 conceffifl'e,
1282 1354 1409 1391 dedifl'e
1428 1362 1463 1391 et
1480 1356 1544 1390 hac
1563 1361 1658 1390 carta

175 1426 254 1448 mea
271 1412 487 1448 confirmasse
505 1419 615 1448 totam
634 1419 764 1448 terram
784 1414 827 1448 de
848 1413 1004 1454 Mernes,
1026 1426 1104 1447 eum
1133 1412 1295 1447 omnibus
1313 1413 1404 1447 infra
1432 1412 1508 1447 istas
1536 1411 1658 1446 divisas

176 1470 361 1510 contentis,
389 1469 518 1504 scilicet
544 1476 579 1505 et
609 1469 693 1504 ficut
713 1469 847 1504 rivulus
866 1468 1042 1503 descendit
1072 1469 1109 1503 in
1136 1469 1211 1503 Are
1230 1469 1322 1503 inter
1340 1481 1468 1503 novam
1486 1468 1605 1503 villam
1624 1474 1659 1502 et

175 1526 325 1560 fundum
344 1526 475 1573 capelle
495 1526 622 1561 Sauene
645 1525 772 1565 Marie,
794 1531 828 1559 et
846 1524 889 1559 116
907 1523 1117 1559 affendendo
1136 1538 1199 1571 per
1218 1524 1369 1559 eundem
1385 1524 1537 1558 rivulum
1553 1523 1659 1570 usque

177 1582 221 1616 ad
235 1581 357 1616 divisas
369 1583 411 1616 de
426 1582 738 1629 Hachenratheny,
753 1587 787 1615 et
800 1580 843 1616 116
856 1594 918 1628 per
932 1581 1046 1615 restas
1060 1580 1184 1614 divisas
1199 1581 1242 1614 de
1259 1580 1406 1615 Mernes
1425 1586 1459 1615 et
1477 1580 1520 1614 de
1542 1580 1659 1614 Hach-

178 1638 371 1685 enratheny
389 1638 495 1684 usque
514 1639 556 1672 ad
576 1644 705 1673 terram
727 1638 871 1672 Ricardi
891 1635 1059 1671 lValenfis
1077 1637 1120 1671 de
1142 1636 1377 1677 Haehencrw,
1411 1642 1445 1671 et
1470 1635 1513 1671 116
1530 1649 1592 1684 pei·
1611 1637 1660 1670 di-

177 1694 263 1729 visas
281 1693 382 1741 ipsius
402 1695 546 1729 Ricardi
565 1695 607 1729 de
629 1695 842 1728 Hachencro
861 1693 968 1739 usque
986 1694 1021 1726 in
1042 1693 1128 1727 Are.
1181 1692 1348 1727 Preterea
1365 1692 1509 1727 liberam
1529 1699 1563 1726 et
1588 1693 1659 1739 ple-

177 1763 259 1784 nam
287 1751 521 1785 communiam
556 1752 592 1785 in
617 1751 782 1785 turbariis
808 1751 850 1784 de
870 1749 1044 1790 Prestwic,
1073 1755 1107 1783 et
1127 1749 1350 1783 medietatem
1380 1749 1535 1783 omnium
1556 1748 1659 1795 pisca-

177 1807 308 1840 riarum
327 1819 484 1841 mearum
503 1820 570 1853 que
588 1806 668 1841 sunt
686 1808 777 1841 inter
795 1806 942 1841 castrum
962 1806 1004 1840 de
1024 1806 1100 1840 Are
1128 1812 1162 1840 et
1191 1805 1308 1840 villam
1338 1806 1380 1840 de
1413 1805 1535 1845 Irwin,
1564 1806 1658 1840 vide-

178 1862 269 1903 licet,
299 1868 333 1896 et
351 1863 573 1897 medietatem
592 1862 735 1910 piscarie
762 1863 805 1897 de
833 1862 976 1902 VVohar,
1005 1867 1040 1896 et
1058 1862 1283 1896 medietatem
1302 1861 1445 1908 piscarie
1464 1862 1507 1895 de
1527 1861 1659 1908 Spetel-

179 1929 271 1963 cmg,
301 1923 335 1951 et
365 1918 589 1952 medietatem
618 1917 759 1965 piscarie
787 1919 829 1952 de
858 1918 1032 1965 Selecrag,
1060 1924 1095 1952 et
1125 1918 1350 1952 medietatem
1380 1917 1522 1965 piscarie
1541 1917 1658 1952 versus

179 1972 366 2020 Yrewyne,
395 1980 430 2008 et
449 1975 688 2009 molendinum
717 1975 759 2009 de
788 1974 950 2009 Prestwic
968 1987 1048 2009 cum
1066 1974 1204 2020 sequela
1231 1974 1290 2008 sua
1323 1980 1357 2008 et
1376 1974 1537 2007 omnibus
1554 1974 1658 2020 perti-

179 2029 306 2063 nentiis
324 2028 400 2070 suis,
430 2036 464 2064 et
483 2030 611 2064 toftum
640 2030 743 2064 Edok
770 2031 806 2064 in
836 2043 929 2065 nova
958 2031 1041 2066 villa
1070 2030 1172 2078 super
1204 2031 1291 2071 Are,
1324 2030 1419 2075 quod
1444 2029 1539 2075 jacet
1567 2029 1658 2062 inter

179 2084 306 2119 toftum
328 2085 486 2120 Matildis
505 2086 674 2132 Gesting’‚
703 2093 737 2121 et
763 2087 891 2121 tostum
911 2086 1058 2121 lValteri
1085 2087 1147 2120 filii
1178 2085 1278 2132 ipfius
1305 2085 1420 2124 Edok,
1450 2097 1529 2118 cum
1547 2084 1657 2118 libero

180 2140 318 2175 servitio
330 2140 431 2188 ipsius
451 2142 565 2176 Edok.
619 2142 699 2176 Hee
718 2143 836 2176 onmia
849 2142 1006 2183 concessi,
1027 2143 1104 2176 dedi
1122 2147 1156 2176 et
1175 2142 1238 2175 hac
1253 2145 1347 2175 carta
1362 2152 1439 2174 mea
1453 2140 1658 2174 confirmavi

182 2196 262 2230 Deo
281 2202 316 2230 et
335 2198 525 2232 conventui
554 2198 654 2232 beate
682 2197 798 2233 Marie
829 2198 962 2232 ordinis
990 2199 1033 2232 de
1063 2197 1321 2244 Simpringham
1348 2196 1442 2242 apud
1472 2195 1658 2230 Dalmulin

180 2252 281 2300 super
300 2255 387 2288 Are.
440 2253 612 2288 Tenenda
630 2260 664 2288 et
682 2254 841 2288 habenda
859 2267 938 2288 cum
957 2254 1118 2288 omnibus
1136 2253 1356 2300 pertinentiis
1382 2251 1459 2293 suis,
1492 2252 1658 2286 libertati-

182 2308 244 2343 bus
262 2315 297 2344 et
314 2308 507 2344 afiamentis
523 2308 593 2343 fine
611 2309 727 2355 aliquo
745 2310 991 2350 retinemento,
1019 2310 1054 2344 in
1072 2321 1196 2356 puram
1223 2313 1258 2343 et
1283 2313 1489 2356 perpetuam
1507 2307 1661 2343 elemofi-
