1870 2683
230 299 300 331 328
632 289 946 327 REGISTRUM
977 289 1314 326 MONASTERII

232 406 317 440 quas
335 391 421 427 diffi
440 389 560 424 Abbas
578 393 613 423 et
631 392 826 423 conventus
843 387 944 422 nobis
962 392 997 422 et
1014 385 1260 422 successoribus
1278 387 1401 422 nostris
1431 388 1714 436 assingnaverunt

230 447 470 497 percipiendas
496 450 668 493 perpetuo
698 457 761 492 per
779 457 922 479 manum
940 444 1060 479 vicarii
1081 443 1123 478 de
1144 443 1334 491 Kilpatrik,
1362 445 1476 491 primo
1493 446 1645 480 termino
1663 445 1714 480 so-

231 504 375 540 lutionis
392 503 581 550 incipiente
599 514 692 536 anno
711 501 822 548 gratie
843 499 900 534 M⁰
918 499 1153 535 dueentefimo
1172 500 1432 547 quadragesimo
1446 502 1483 536 in
1496 501 1580 536 festo
1596 502 1714 537 Sanciti

232 562 255 597 J
257 560 415 600 ohannis,
442 558 503 594 sub
520 571 612 606 pena
628 557 732 592 unius
750 569 866 591 marce
884 556 1042 603 quolibet
1073 556 1128 590 die
1158 557 1325 603 quamdiu
1354 556 1517 592 ceffatum
1548 558 1653 592 fuerit
1680 560 1715 592 in

232 617 416 652 solutione.
469 615 516 650 Et
535 614 620 649 dieti
638 613 759 648 Abbas
777 619 811 647 et
830 618 1025 647 conventus
1043 619 1112 647 tam
1132 613 1176 647 ad
1193 626 1320 660 penam
1346 626 1449 660 quam
1477 614 1521 648 ad
1539 614 1715 649 redditum

232 678 424 721 proventus
435 669 573 707 ecclesie
581 671 623 705 de
632 669 690 704 Kil
696 669 807 717 patric
820 669 920 704 nobis
932 674 966 703 et
980 667 1227 704 fimcefforibus
1238 669 1361 704 nostris
1369 669 1445 717 [se]
1459 670 1714 717 obligaverunt.

234 730 281 764 Et
298 728 322 763 fi
339 728 453 763 forsan
471 740 535 762 nos
553 727 609 762 vel
628 726 733 773 aliqui
752 723 981 760 successorum
1001 725 1198 760 nostrorum
1217 726 1444 767 voluerimus,
1473 727 1543 761 duo
1570 725 1717 774 hospitia

232 785 332 820 nobis
350 784 588 832 providebunt
600 784 637 817 in
653 782 804 828 Stragrif
818 787 852 817 et
866 782 901 816 in
915 781 1083 817 Levenax
1094 782 1187 829 apud
1201 782 1332 828 aliquas
1349 783 1590 830 predictarum
1609 783 1716 817 ecele-

232 841 358 877 fiarum
375 841 419 876 ad
438 841 642 875 mandatum
662 838 823 886 Episcopi
842 837 1109 886 tempestivum3
1140 838 1332 873 dummodo
1359 851 1423 873 nos
1448 839 1505 873 vel
1525 837 1715 886 Episcopus

233 899 292 945 qui
309 911 374 946 pro
392 903 552 945 tempore
570 896 676 931 fuerit
692 894 953 944 promiserimus
971 900 1123 941 quatuor
1140 907 1273 929 marcas
1298 907 1363 942 pro
1382 895 1539 942 quolibet
1555 895 1714 942 hospitio,

234 955 329 1001 quod
346 953 370 989 fi
387 966 461 989 non
478 953 663 988 fecerimus
680 952 844 987 volumus
863 965 922 987 eos
940 953 984 987 ad
1002 952 1068 986 hoc
1086 952 1345 999 providendum
1376 965 1448 987 non
1467 953 1591 987 teneri.
1643 953 1716 987 Vo-

233 1013 350 1046 lumus
368 1012 473 1046 etiam
490 1016 530 1045 ut
547 1010 675 1045 vicarie
694 1009 933 1056 predictarum
953 1007 1173 1043 ecclesiarum
1191 1007 1276 1043 ficut
1301 1022 1364 1056 per
1383 1009 1602 1044 ordinatores
1620 1010 1716 1057 prius

233 1073 350 1103 taxate
367 1067 522 1107 fuerunt,
550 1066 586 1100 in
604 1066 732 1100 robore
750 1066 810 1100 suo
829 1071 1001 1113 perpetuo
1021 1064 1202 1101 confistant
1218 1065 1288 1101 fine
1306 1067 1421 1113 aliqua
1444 1067 1716 1112 [diminutione]

234 1130 268 1160 et
286 1138 306 1158 a
323 1122 628 1172 procurationibus
646 1122 689 1156 ad
707 1134 771 1156 nos
789 1127 824 1156 et
843 1121 1050 1157 succeffores
1067 1121 1201 1157 nostros
1218 1123 1475 1170 pertinentibus
1489 1118 1634 1158 omnino
1651 1122 1716 1158 fint

233 1185 405 1227 exempte.
458 1179 505 1214 Et
525 1178 645 1213 Abbas
663 1183 697 1212 et
716 1184 911 1213 conventus
930 1181 1066 1213 ratione
1085 1177 1186 1226 ipfius
1213 1179 1445 1226 exemptionis
1475 1179 1518 1213 de
1549 1180 1650 1214 dietis
1668 1181 1716 1214 vi-

234 1237 334 1272 cariis
351 1235 458 1271 nichil
477 1236 618 1281 exigent
636 1234 693 1269 vel
711 1235 909 1269 diminuent
926 1234 983 1269 vel
1011 1239 1221 1281 extorquere
1238 1234 1450 1282 presument.
1504 1235 1547 1269 In
1566 1248 1715 1282 quorum

234 1293 392 1328 omnium
410 1291 645 1326 testimonium
664 1290 781 1324 stabile
801 1296 835 1325 et
849 1296 1060 1338 perpetuum
1075 1296 1145 1325 tam
1159 1304 1223 1325 nos
1235 1304 1338 1338 quam
1352 1291 1543 1338 capitulum
1561 1292 1715 1327 nostrum

233 1349 372 1397 presens
389 1349 554 1396 scriptum
572 1346 765 1394 sigillorum
796 1345 995 1381 nostrorum
1026 1346 1239 1394 appositione
1271 1353 1304 1382 et
1332 1360 1501 1382 manuum
1520 1348 1715 1383 nostrarum

233 1406 481 1453 subscriptione
500 1404 815 1439 corroboravimus.
870 1404 1005 1438 Adstum
1036 1404 1129 1451 apud
1158 1403 1303 1451 Glasgw
1331 1417 1424 1439 anno
1451 1405 1562 1451 gratie
1595 1410 1638 1439 Μ0
1658 1411 1716 1440 cc⁰

234 1463 366 1504 xxxix⁰,
396 1462 452 1497 die
471 1461 610 1496 sabbati
629 1461 790 1508 proxima
807 1460 881 1508 post
898 1461 1117 1495 nativitatem
1136 1460 1236 1496 beate
1256 1461 1372 1496 Nsarie
1391 1461 1559 1508 Virginis.

236 1631 512 1666 Instrumcntum
549 1630 591 1665 de
627 1629 819 1665 ostensione
848 1630 1115 1678 privilegiorum
1143 1630 1340 1664 nostrorum
1374 1630 1518 1665 domino
1543 1630 1715 1679 Episcopo

236 1685 451 1735 Glasguenfi.

236 1800 293 1835 IN
320 1800 413 1834 DEI
441 1799 657 1835 NOMINE
687 1799 816 1833 Amen.
870 1798 980 1833 Anno
999 1799 1040 1833 ab
1059 1799 1299 1833 incarnatione
1329 1798 1481 1846 ejusdem
1502 1798 1559 1833 Μο
1576 1804 1649 1834 ccc⁰
1665 1800 1714 1834 lx⁰

234 1858 307 1892 viii⁰
325 1857 380 1891 die
398 1870 483 1891 vero
502 1857 746 1892 tertiodecimo
765 1853 887 1890 mensis
905 1855 1075 1896 Januarii,
1104 1856 1298 1890 indictione
1316 1854 1470 1903 septima,
1490 1856 1714 1903 pontificatus

234 1912 429 1948 samffiffimi
449 1914 485 1947 in
505 1913 641 1948 Christo
659 1913 767 1960 patris
786 1918 820 1946 et
839 1912 971 1946 domini
989 1911 1095 1946 nostri
1123 1912 1255 1946 domini
1283 1911 1420 1946 Urbani
1452 1912 1570 1947 divina
1598 1913 1713 1960 provi-

237 1970 355 2005 dentia
372 1982 459 2017 pape
473 1969 586 2016 quinti
598 1982 691 2004 anno
706 1968 863 2016 septimQ
877 1968 914 2002 in
933 1967 1072 2003 ecclefia
1084 1968 1273 2003 cathedrali
1289 1967 1495 2015 Glasguenfi
1505 1973 1586 2003 ante
1604 1968 1713 2003 altare

235 2028 336 2062 beate
356 2026 526 2061 Katerine
534 2026 704 2073 Virginis,
725 2038 842 2059 coram
861 2025 1053 2060 venerabili
1071 2026 1107 2058 in
1121 2024 1257 2059 Christo
1276 2029 1374 2072 patre
1389 2037 1428 2058 ac
1442 2025 1586 2059 domino
1605 2025 1713 2059 domi-

235 2096 282 2117 no
290 2082 448 2117 VValtero
460 2082 532 2117 Dei
543 2082 656 2129 gratia
667 2080 826 2129 episcopo
840 2080 1055 2128 Glasguenfi,
1071 2080 1288 2129 presentibus
1301 2094 1356 2116 me
1371 2081 1509 2115 notario
1521 2081 1661 2128 publico
1680 2087 1713 2115 et

237 2139 376 2175 testibus
394 2139 629 2187 infrascriptis,
646 2137 864 2173 venerabiles
878 2144 912 2172 et
927 2137 1075 2184 religiosi
1087 2137 1181 2174 viriJ
1184 2138 1339 2172 ohannes
1351 2137 1472 2172 eadem
1486 2138 1599 2184 gratia
1611 2137 1713 2171 abbas

237 2196 433 2231 monasterii
446 2196 488 2231 de
504 2195 649 2236 Passeto,
664 2196 827 2230 dominus
837 2194 952 2229 Adam
968 2194 1010 2228 de
1022 2194 1182 2229 Joniston
1198 2200 1232 2229 et
1249 2193 1421 2228 Ricardus
1435 2194 1477 2229 de
1493 2193 1711 2241 Sperkeling,

238 2252 388 2299 eujsdem
406 2252 603 2288 monasterii
616 2252 790 2293 monachi,
810 2251 1038 2299 personaliter
1052 2250 1228 2285 constituti
1247 2255 1281 2284 et
1298 2248 1331 2284 se
1347 2255 1611 2297 [procuratores
1629 2248 1712 2296 ejus-

240 2309 318 2344 dem
339 2309 577 2352 monasterii?]
592 2309 724 2344 ordinis
741 2306 975 2343 Cluniacensis
998 2307 1090 2341 diffie
1109 2304 1330 2353 Glasguenfis
1346 2305 1497 2347 diocefis,
1516 2305 1711 2343 afferentes,

239 2366 403 2400 dixerunt
421 2366 514 2411 quod
533 2378 611 2400 cum
631 2365 713 2399 alias
731 2363 789 2411 ipsi
808 2362 956 2410 religiosi
988 2364 1022 2397 in
1053 2363 1177 2410 prefati
1205 2362 1339 2397 domini
1358 2362 1519 2409 Episcopi
1542 2360 1714 2409 presentia
