1839 2652
768 257 839 292 DE
867 256 1134 293 PASSELET.
1623 260 1666 291 13

194 404 252 439 De
266 404 455 440 donatione
468 405 659 441 molendini
674 406 716 441 de
733 405 889 448 Paffelet,
908 421 971 455 per
986 410 1143 444 Alanuni
1156 409 1265 444 filium
1282 407 1439 448 walteri,
1458 407 1663 442 fundatoris.

194 514 432 551 OMNIBUS
465 516 585 552 sancii-e
613 519 730 552 matris
765 518 902 553 ecclesie
937 520 1014 554 filiis
1048 526 1119 555 tani
1149 520 1365 567 presentibus
1395 532 1497 566 quani
1524 519 1660 559 futuris,

193 571 332 605 Alanus
349 572 439 606 filius
455 571 611 612 WVasteri,
626 573 831 614 fundatoris,
852 575 984 621 dapifer
1004 576 1113 622 Regis
1133 576 1259 616 Scotie,
1280 575 1435 609 salutem.
1477 575 1598 609 Sciatis
1609 588 1664 609 nie

192 625 329 667 dediffe,
358 625 550 661 conceffiffe
576 633 611 661 et
640 628 704 662 hac
730 641 807 663 mea
835 636 930 664 carta
957 630 1172 665 confirmaffe
1212 631 1326 665 Priori
1369 631 1412 664 de
1456 628 1602 665 Pafl'elet
1630 636 1664 665 et

191 683 369 716 monachis
386 683 514 716 ibidem
540 682 621 717 Deo
646 682 884 725 servientibus,
913 686 1155 721 molendinum
1185 700 1302 721 meum
1333 687 1376 721 de
1408 684 1554 721 Pafl'elet
1583 699 1663 720 cum

190 736 250 771 sua
274 738 430 784 plenaria
456 737 559 778 seeta,
591 739 627 772 in
657 739 796 773 feudam
826 740 973 781 firmam,
1005 743 1197 776 tenendum
1227 743 1446 788 imperpetuo
1475 742 1517 776 de
1544 754 1599 776 me
1629 747 1664 776 et

190 793 376 827 heredibus
390 794 491 836 meis3
507 793 791 829 Reddendoinde
806 794 944 842 fingulis
956 798 1054 831 annis
1066 798 1169 832 michi
1182 804 1216 832 et
1228 797 1502 832 lieredibusnieis
1514 803 1664 844 quatuor

192 849 324 882 oeldras
342 849 470 883 farrine
490 861 691 889 avenarum,
720 855 754 884 et
772 857 921 896 quatuor
940 852 1072 886 celdras
1091 859 1125 887 et
1144 854 1320 887 dimidiam
1339 852 1435 887 brasii
1461 866 1661 893 avenarum,

191 905 235 938 ad
253 905 399 939 eandem
417 904 612 939 mensuram
630 905 674 939 ad
690 919 794 952 quam
812 907 869 940 alii
888 908 1034 942 reddere
1053 908 1276 942 consuerunt.
1321 907 1480 943 Conceffi
1495 909 1598 942 etiam
1616 910 1664 942 eis

191 973 301 994 unum
327 960 515 1006 niesagium
533 961 576 994 ad
594 960 804 996 nianfionem
835 963 1077 997 molendinarii
1105 964 1309 998 faciendam.
1363 963 1442 997 Hee
1471 964 1586 1009 itaque
1617 964 1664 998 est

191 1015 303 1049 finalis
321 1014 521 1063 compositio
539 1016 618 1050 ideo
638 1017 728 1051 inter
746 1029 809 1051 nos
827 1018 875 1052 ita
891 1019 993 1058 faeta,
1013 1025 1052 1053 ut
1067 1032 1132 1065 ego
1145 1025 1180 1054 et
1198 1020 1343 1054 heredes
1361 1020 1428 1053 mei
1442 1018 1542 1053 fimus
1556 1020 1663 1065 quieti

191 1071 234 1106 de
253 1072 393 1106 decimis
411 1072 566 1105 omnium
585 1072 867 1107 molendinorum
886 1073 1094 1116 nostrorum,
1124 1082 1158 1109 et
1178 1075 1355 1110 Henricus
1373 1076 1416 1110 de
1435 1075 1508 1110 Nes
1526 1076 1663 1121 quietus

191 1126 229 1161 fit
247 1128 290 1162 de
308 1127 462 1161 multura
478 1126 537 1161 sua
568 1133 602 1161 et
629 1128 811 1162 hominum
841 1128 992 1171 suorum,
1022 1137 1056 1165 et
1086 1131 1245 1178 predicita
1277 1131 1438 1171 redditio,
1466 1130 1593 1165 scilieet
1621 1131 1663 1165 de

192 1185 302 1218 farina
320 1192 354 1218 et
372 1183 491 1225 brasio,
511 1184 727 1231 persolvetur
745 1187 787 1220 ad
803 1187 943 1221 vincula
954 1187 1074 1221 Sane'ti
1087 1187 1193 1221 Petri.
1248 1187 1327 1221 Hiis
1344 1186 1482 1222 testibus
1499 1186 1662 1221 Wilelmo

193 1238 350 1287 episcopo
368 1240 487 1274 53116ὶί
503 1240 659 1281 Andree,
682 1241 841 1276 Roberto
856 1244 1100 1278 archidiacono
1115 1244 1307 1284 Teu’dalie‚
1325 1244 1503 1278 Herberto
1519 1244 1662 1284 decano,

194 1298 353 1332 Henrico
378 1297 421 1331 de
448 1297 708 1338 Corniaiinoek,
739 1298 878 1333 Thonia
904 1299 1103 1339 Thancard,
1134 1299 1293 1334 Roberto
1320 1300 1424 1340 Croc,
1454 1299 1571 1334 Alano
1590 1300 1662 1334 filio

191 1353 263 1394 suo,
292 1353 450 1388 Henrico
469 1353 512 1387 de
532 1352 614 1393 Nes,
645 1353 763 1388 Alano
782 1354 854 1389 filio
872 1354 944 1395 suo,
966 1361 1001 1389 et
1019 1355 1138 1389 multis
1156 1354 1242 1389 aliis.

192 1521 299 1555 Carta
317 1520 423 1554 Alani
442 1520 503 1554 filii
516 1519 674 1560 Walteri‚
690 1520 895 1561 fundatoris,
912 1521 955 1556 de
969 1521 1159 1556 donatione
1174 1521 1386 1556 Muniabroc
1397 1528 1431 1558 et
1445 1522 1661 1558 libertatibus

191 1575 353 1623 ejusdem.

191 1687 401 1722 ALANUS
427 1687 518 1721 filius
550 1687 707 1728 lValteri,
741 1687 873 1734 dapifer
902 1689 993 1735 regis
1034 1688 1160 1729 Scotie‚
1202 1688 1368 1723 universis
1395 1689 1512 1724 fauete
1543 1691 1661 1724 matris

190 1742 327 1778 ecclesie
345 1743 423 1776 filiis
448 1748 518 1777 tam
537 1743 669 1777 clericis
687 1756 790 1789 quani
809 1743 902 1778 laicis
927 1743 1083 1778 salutem.
1137 1745 1254 1779 Sciant
1278 1745 1452 1793 presentes
1479 1752 1514 1780 et
1539 1746 1658 1785 futuri,

188 1799 283 1845 quod
300 1811 365 1845 ego
384 1798 522 1833 Alanus
554 1799 644 1833 filius
663 1798 811 1833 Walteri
837 1799 930 1834 dono
954 1806 988 1835 et
1015 1801 1182 1841 concedo,
1212 1807 1246 1836 et
1268 1802 1332 1836 hac
1358 1807 1453 1836 carta
1479 1814 1555 1836 mea
1580 1815 1661 1836 con-

188 1855 289 1889 firmo
316 1854 397 1888 Deo
416 1859 450 1888 et
469 1854 597 1889 saneta
616 1854 743 1895 Mai-ie,
776 1860 811 1889 et
840 1855 978 1890 60016116
998 1857 1117 1891 saneti
1135 1857 1257 1892 Jacobi
1276 1863 1310 1891 et
1337 1857 1456 1892 Saneti
1476 1857 1599 1892 Mirini
1618 1859 1661 1892 de

190 1908 346 1950 Paffelet,
379 1915 414 1944 et
439 1910 617 1944 monachis
642 1910 769 1945 ibidem
789 1911 870 1945 Deo
898 1911 1135 1953 servientibus,
1169 1914 1205 1947 in
1233 1913 1376 1948 liberam
1395 1919 1430 1948 et
1455 1919 1659 1960 perpetuam

189 1964 409 2005 elimosinam,
436 1978 501 2012 pro
519 1964 626 2000 salute
654 1966 785 2000 domini
811 1967 878 2001 mei
912 1967 1062 2002 Wilelnii
1088 1970 1190 2015 regis,
1223 1974 1257 2003 et
1284 1982 1349 2016 pro
1379 1968 1486 2003 salute
1516 1982 1595 2003 mea
1625 1975 1659 2002 et

188 2021 356 2055 heredum
374 2034 544 2062 meorum,
567 2022 663 2056 illam
693 2027 823 2056 terram
842 2023 884 2057 de
905 2022 1115 2058 Moniabroc
1145 2025 1181 2058 in
1210 2024 1367 2070 Stragrif,
1397 2037 1476 2058 cum
1507 2024 1658 2071 ejusdem

189 2076 298 2111 divisis
315 2090 378 2124 per
395 2089 478 2122 quas
498 2077 675 2112 Robertus
695 2077 787 2112 Croc
806 2083 840 2113 et
861 2078 1037 2113 Henricus
1057 2080 1099 2114 de
1120 2079 1203 2120 Nes,
1224 2080 1408 2114 Wilehiius
1422 2080 1513 2114 filius
1532 2080 1656 2120 Maidi,

188 2146 266 2167 cuni
283 2133 357 2166 aliis
374 2133 491 2179 probis
507 2133 715 2174 hominibus,
743 2147 806 2181 per
824 2141 1027 2182 preceptum
1053 2149 1169 2170 meum
1197 2136 1243 2170 eis
1273 2136 1367 2169 illam
1397 2136 1658 2182 perambulave-

187 2194 280 2229 runt,
312 2188 450 2228 scilicet,
481 2187 565 2223 ficut
595 2195 732 2224 torrens
762 2191 819 2236 qui
851 2191 959 2224 currit
986 2190 1104 2225 subtus
1135 2191 1384 2237 Craghenbroc
1415 2190 1590 2226 descendit
1620 2192 1657 2226 in

187 2243 344 2290 Lughor,
365 2250 399 2278 et
416 2243 459 2278 fic
476 2257 538 2291 per
556 2244 703 2291 Luglior
720 2245 825 2292 usque
845 2245 1078 2292 Cragnienan‚
1099 2251 1134 2280 et
1149 2245 1193 2280 110
1206 2259 1268 2292 per
1285 2258 1394 2280 unum
1413 2248 1595 2283 wacelluin
1614 2249 1656 2282 de

189 2298 281 2333 West
298 2300 340 2333 de
356 2299 582 2346 Gragmenan
601 2300 706 2346 usque
724 2301 759 2334 in
775 2301 984 2341 Caldouere,
1001 2306 1035 2335 et
1053 2314 1115 2348 per
1130 2301 1327 2337 Caldouere
1342 2301 1447 2348 usque
1460 2304 1503 2338 ad
1521 2309 1656 2339 torren-
