1870 2683
198 295 268 330 356
592 288 907 325 REGISTRUM
937 286 1275 322 MONASTERII

195 392 282 426 tioni
293 389 522 438 prejudicare,
540 386 636 432 quod
647 385 747 420 nobis
762 397 826 419 nec
840 384 956 418 nostro
971 383 1178 418 monasterio
1194 383 1397 428 congruerit
1415 396 1424 424 ;
1452 383 1562 418 vestra
1576 384 1679 418 etiam

196 442 477 481 reverendiffima
494 441 684 489 paternitas
715 440 758 474 de
788 439 904 474 nostra
922 440 1146 487 promotione
1173 444 1268 472 certa
1286 444 1360 472 erat
1378 451 1470 472 anno
1490 440 1678 474 retroacto,

195 515 274 537 cum
293 500 392 534 nobis
409 504 490 533 ante
508 496 703 544 presentem
722 496 819 530 litem
839 508 900 542 per
918 495 1045 530 vestras
1063 495 1197 529 litteras
1211 500 1244 529 et
1256 494 1356 529 vestri
1373 495 1527 529 officialis
1541 494 1680 542 respon-

196 558 269 592 deri
296 568 359 603 per
376 554 505 589 vestros
524 551 735 587 diocefianos
767 552 809 586 de
835 552 1010 586 fructibus
1036 551 1136 585 nobis
1156 550 1279 585 debitis
1296 550 1378 584 fecit
1394 564 1403 592 ;
1433 556 1467 584 et
1485 551 1544 596 qui
1562 557 1676 585 certus

195 613 241 648 est
259 611 439 647 certiorari
457 608 605 657 amplius
623 621 695 642 non
714 613 878 655 oportet:
916 608 1012 642 Tum
1043 612 1180 653 quarto,
1211 607 1293 652 quia
1320 619 1392 641 non
1412 606 1565 641 obstante
1583 608 1677 653 quod

194 668 346 715 exempti
364 667 491 707 sumus,
521 670 716 700 conventus
734 664 849 698 noster
868 669 903 698 et
920 663 1075 698 nostrum
1096 663 1353 703 monasterium,
1384 663 1428 697 ob
1456 664 1552 697 omni
1570 663 1681 698 vestra

194 724 369 759 ordinaria
380 722 625 770 jurisdifflzione
643 734 705 768 per
723 720 906 768 privilegia
926 720 1120 754 Clementis
1134 719 1230 759 sexti,
1253 719 1407 753 Honorii
1422 720 1546 765 quarti,
1570 719 1679 754 Alex-

192 783 291 816 andri
309 782 415 821 tertii,
436 787 470 815 et
490 780 578 815 Sixti
596 779 720 825 quarti,
742 779 845 812 etiam
865 791 944 812 cum
964 776 1192 822 derogatione
1211 775 1353 822 capituli
1375 775 1554 816 VWZentes,
1575 789 1678 822 quam

193 839 451 886 exemptionem
472 836 581 871 vestra
598 833 881 870 reverendiffima
894 833 1084 880 paternitas
1099 831 1305 879 approbavit
1323 837 1357 865 et
1375 831 1518 872 admifit,
1539 844 1678 866 necnon

193 894 453 941 quibuscunque
473 892 629 927 indultus
647 892 705 926 seu
723 890 914 938 privilegiis
932 894 1056 924 contra
1069 888 1238 935 prefatam
1254 887 1402 921 nostram
1417 889 1677 935 exemptionem

193 950 420 996 quovismodo
439 949 604 984 faciendis
622 947 852 987 renunciavit,
885 952 924 980 ut
955 945 1047 980 clare
1076 943 1291 978 diversorum
1317 944 1536 978 notariorum
1556 944 1677 978 instru-

192 1006 318 1040 mentis
348 1006 493 1053 publicis
521 1017 661 1039 necnon
691 1003 801 1037 vestre
830 1000 1111 1037 reverendiflime
1137 1000 1356 1046 paternitatis
1383 999 1507 1033 litteris
1525 999 1676 1046 sigillatis

192 1062 304 1096 vestro
323 1061 431 1108 figillo
446 1061 599 1095 rotundo
615 1066 650 1094 et
662 1059 910 1106 subscriptione
923 1056 1075 1091 manuali
1088 1056 1231 1089 munitis
1246 1055 1353 1089 claret
1369 1070 1378 1097 3
1407 1061 1674 1102 verumptamen

192 1118 229 1152 in
256 1117 371 1152 nostre
389 1117 620 1164 exemptionis
638 1115 881 1163 prejudicium,
911 1113 998 1148 sedis
1024 1113 1209 1160 apostolice
1228 1117 1480 1158 contemptum,
1512 1118 1546 1146 et
1564 1112 1673 1147 vestre

191 1172 472 1209 reverendissime
490 1172 709 1220 paternitatis
727 1170 913 1205 honestatis
932 1169 1159 1216 dispendium,
1188 1173 1311 1202 contra
1329 1180 1393 1201 nos
1420 1173 1455 1202 et
1481 1168 1673 1203 confratres

190 1230 324 1264 nostros
342 1235 377 1264 et
395 1230 477 1264 alias
496 1229 658 1276 personas
676 1227 736 1262 sub
755 1227 978 1273 exemptione
996 1226 1111 1260 nostra
1129 1225 1303 1264 cadentes,
1324 1224 1456 1258 litteras
1470 1223 1596 1258 vestras
1612 1223 1673 1258 sub

192 1286 343 1321 censuris
361 1287 467 1321 mittit
496 1291 530 1319 et
561 1285 686 1331 exequi
704 1284 785 1318 facit
804 1284 846 1317 de
865 1283 958 1317 faeto
977 1295 1056 1316 cum
1076 1282 1118 1316 de
1143 1281 1225 1328 jure
1244 1281 1385 1315 minime
1404 1280 1538 1315 debeat.
1593 1281 1672 1315 Hiis

191 1344 298 1389 igitur
316 1342 532 1377 causantibus
549 1340 809 1388 gravaminibus
827 1344 862 1373 et
880 1339 953 1372 aliis
972 1338 1086 1372 forsan
1103 1337 1332 1383 gravioribiiS,
1365 1336 1442 1371 loco
1462 1343 1496 1371 et
1513 1342 1671 1384 tempore

190 1399 256 1433 suis
275 1399 438 1446 congruis
457 1411 574 1433 coram
597 1397 716 1445 judice
747 1396 791 1430 ad
818 1397 923 1441 quem
942 1394 1176 1441 [appellatur]
1195 1393 1298 1427 latius
1326 1393 1570 1439 exprimendis,
1599 1393 1671 1428 sen-

190 1456 316 1490 tientes
335 1469 409 1496 nos,
444 1454 596 1489 nostrum
617 1458 831 1488 conventum
863 1457 898 1486 et
927 1450 1082 1485 nostrum
1101 1449 1347 1483 monasterium
1366 1448 1464 1489 lesos,
1495 1455 1668 1495 gravatos,

189 1512 372 1558 injuriatos
391 1524 430 1546 ac
448 1510 688 1557 multipliciter
707 1506 883 1556 oppreffos
901 1521 921 1541 a
938 1507 1035 1541 vobis
1058 1504 1340 1540 reverendiffimo
1359 1505 1395 1539 in
1417 1505 1554 1540 Christo
1572 1512 1669 1552 patre

192 1568 351 1602 Roberto
371 1568 441 1602 Dei
460 1573 494 1601 et
512 1566 696 1614 apostolice
715 1564 801 1599 sedis
818 1564 931 1610 gratia
948 1561 1154 1609 Glasguenfi
1171 1560 1438 1608 archiepiscopo,
1466 1561 1577 1595 vestro
1597 1562 1670 1596 offi-

191 1624 279 1664 ciali,
300 1622 534 1657 commiffariis
553 1628 587 1657 et
605 1622 680 1656 aliis
700 1619 877 1667 judicibus
896 1619 1156 1665 quibuscunque
1174 1631 1237 1664 per
1255 1630 1316 1651 vos
1345 1617 1517 1664 deputatis
1535 1617 1592 1652 seu
1611 1618 1668 1652 de-

190 1680 365 1726 putandis,
386 1679 473 1713 datis
491 1683 551 1712 aut
571 1677 703 1717 dandis,
724 1689 743 1709 a
760 1674 943 1720 vestrisque
963 1680 997 1709 et
1015 1687 1137 1708 eorum
1156 1674 1339 1713 citationis,
1360 1672 1594 1719 suspenfionis,
1611 1687 1667 1708 ex-

191 1735 526 1775 communicationis,
559 1732 826 1780 aggravationis,
859 1730 1155 1777 reaggravationis
1183 1735 1243 1763 aut
1270 1729 1449 1763 interdizffi
1475 1728 1664 1770 sententiis,

189 1791 340 1826 censuris
358 1796 392 1825 et
410 1792 507 1838 penis
526 1789 786 1836 quibuscunque
804 1800 866 1834 per
885 1799 946 1821 vos
964 1792 1024 1820 aut
1042 1798 1100 1820 eos
1118 1785 1195 1819 latis
1213 1784 1272 1818 seu
1290 1785 1453 1825 ferendis,
1475 1785 1666 1820 fulminatis

188 1848 244 1882 seu
264 1847 500 1887 fulminandis,
521 1845 738 1880 comminatis
755 1843 813 1878 seu
831 1842 1094 1881 comminandis,
1124 1841 1167 1875 ad
1194 1839 1438 1875 sanetissimum
1465 1842 1500 1875 in
1529 1841 1665 1876 Christo

189 1909 323 1951 patrem
352 1909 386 1937 et
414 1903 596 1937 dominum
626 1900 781 1935 nostrum
812 1899 993 1933 dominum
1027 1897 1271 1931 Alexandrum
1301 1896 1418 1930 divina
1444 1898 1665 1943 providentia

189 1973 313 2007 papam
331 1960 464 1994 sextum
484 1964 518 1993 et
537 1958 609 2004 ejus
627 1956 876 1991 sacrosanfitam
895 1954 1010 1988 sedem
1029 1952 1249 1999 apostolicam
1279 1953 1315 1985 in
1345 1952 1410 1986 hiis
1437 1951 1569 1999 scriptis
1586 1966 1664 2000 pro-

189 2029 353 2051 vocamus
371 2020 406 2049 et
420 2014 646 2062 appellamus,
665 2025 705 2047 ac
718 2011 889 2059 apostolos
905 2010 1053 2057 petimus
1067 2009 1191 2055 prime,
1212 2008 1374 2048 secundo,
1394 2009 1510 2049 tertio,
1528 2022 1589 2056 per
1603 2023 1664 2044 vos

190 2072 289 2106 nobis
308 2071 382 2105 dari
401 2076 435 2104 et
454 2069 621 2111 concedi3
650 2080 736 2114 quos
754 2066 777 2101 fi
795 2066 1060 2112 denegaveritiS,
1082 2066 1208 2099 iterum
1228 2070 1262 2099 et
1280 2077 1322 2098 ex
1340 2065 1407 2098 hoc
1433 2077 1663 2111 provocamus

191 2134 225 2162 et
243 2128 456 2174 appellamus
475 2132 508 2160 et
526 2125 698 2172 apostolos
715 2124 864 2171 petimus
884 2123 999 2157 debita
1017 2135 1092 2156 cum
1114 2121 1272 2155 instantia
1290 2126 1324 2155 et
1341 2121 1473 2155 vicibus
1485 2122 1661 2168 repetitis;

189 2183 459 2229 subicientesque
471 2195 545 2222 nos,
560 2181 741 2216 dominum
756 2179 953 2225 Georgium
969 2179 1053 2213 dieti
1068 2178 1172 2212 nostri
1185 2177 1380 2211 monasterii
1394 2177 1661 2224 pensionarium,

189 2239 342 2274 nostrum
362 2244 575 2273 conventum
593 2244 627 2272 et
645 2236 800 2271 nostrum
818 2234 1064 2270 monasterium
1091 2240 1125 2268 et
1151 2246 1271 2268 omnes
1293 2233 1379 2267 alios
1396 2232 1456 2267 sub
1474 2233 1588 2267 nostra
1606 2247 1662 2268 ex-

189 2295 365 2342 emptione
383 2296 556 2335 cadentes,
586 2307 625 2328 ac
656 2306 776 2328 omnes
806 2293 843 2326 in
872 2292 936 2326 hac
962 2296 1059 2338 parte
1078 2290 1177 2324 nobis
1195 2290 1402 2324 adherentes
1419 2289 1477 2323 seu
1494 2289 1661 2324 adherere

189 2352 357 2391 volentes,
379 2363 457 2385 cum
476 2349 614 2385 diversis
632 2349 754 2384 nostris
773 2355 807 2383 et
825 2360 947 2384 eorum
966 2347 1066 2381 bonis
1080 2346 1263 2380 mobilibus
1281 2351 1316 2380 et
1333 2344 1575 2384 immobilibus,
1596 2346 1660 2379 tui-
