1870 2683
791 269 862 304 DE
890 264 1159 304 PASSELET.
1644 275 1714 313 379

230 364 286 398 vel
305 364 390 397 fient
408 364 666 411 imperpetuum
686 364 892 411 participare
911 366 1010 399 nobis
1028 364 1279 401 eoncefferunt.
1334 366 1414 401 Hiis
1432 367 1583 407 testibus,
1616 367 1715 402 Luca

231 420 410 466 capellano
423 420 466 453 de
480 420 623 460 Passeto,
647 421 802 467 Rogerio
822 421 969 455 diacono
984 422 1027 456 de
1045 422 1203 462 Renfrw,
1225 421 1381 457 Waltero
1397 422 1530 457 Ruffell
1546 424 1711 470 portario,

232 474 427 510 Benedieto
445 481 480 510 et
500 476 657 522 Hugone
676 476 814 516 elerico,
835 478 991 523 cognatis
1011 478 1142 512 Prioris
1160 479 1203 512 de
1225 478 1368 519 Passeto‚
1390 485 1423 513 et
1442 479 1560 514 multis
1578 479 1662 513 aliis.

229 642 337 677 Carta
355 643 398 677 de
416 648 510 677 terra
528 642 643 677 nostra
660 644 697 677 in
716 644 746 678 le
766 643 923 679 Mernes.

229 753 468 789 OMNIBUS
489 754 613 788 Christi
631 755 792 789 fidelibus
809 756 948 802 presens
966 757 1129 804 scriptum
1149 757 1270 792 visuris
1287 759 1343 793 vel
1361 760 1532 794 audituris
1560 760 1713 795 Herber-

229 815 285 844 tus
303 810 345 843 de
366 809 550 844 Makiswel
570 811 667 844 miles
684 810 827 845 salutem
848 812 883 845 111
904 812 1061 847 Ι)0111111ο
1088 813 1343 860 leinpiternam.
1398 815 1548 850 Noverit
1573 817 1712 851 univer-

229 865 305 901 fitas
323 866 433 900 vestra
451 879 506 900 me
525 865 661 906 dedisse,
683 866 877 901 concessiffe
896 874 931 901 et
949 869 1012 902 hac
1030 869 1180 916 presenti
1200 876 1295 904 carta
1308 884 1386 905 mea
1404 871 1619 907 confirmaffe
1632 872 1713 907 Deo

229 929 265 956 et
283 920 420 957 ecclefie
440 922 560 956 Sanffi
577 922 700 957 Jacobi
731 928 765 956 et
795 923 914 957 Sanffl
934 923 1059 958 Mirini
1090 926 1132 959 de
1165 926 1298 960 Palleto
1327 933 1362 961 et
1391 928 1569 962 monachis
1586 928 1713 962 ibidem

230 978 312 1012 Deo
331 978 569 1018 servientibus,
591 978 627 1011 in
646 978 800 1019 liberam,
821 991 944 1025 puram
965 986 999 1014 et
1016 986 1220 1027 perpetuam
1242 982 1473 1023 elemosinam,
1506 989 1540 1017 et
1558 983 1600 1017 ab
1619 984 1713 1017 omni

230 1034 373 1069 seculari
391 1034 531 1069 servitio
550 1040 585 1069 et
603 1035 775 1069 demanda
806 1035 939 1081 quietas
957 1041 991 1070 et
1010 1035 1148 1077 solutas,
1179 1038 1261 1071 ofito
1292 1051 1388 1072 acras
1419 1044 1454 1072 et
1485 1039 1660 1073 dimidiam
1680 1045 1714 1073 et

229 1090 354 1136 viginti
373 1092 454 1125 0610
473 1092 657 1138 perticatas
675 1096 768 1125 terre
797 1091 833 1124 in
862 1091 967 1125 Nova
984 1092 1067 1126 villa
1098 1093 1140 1126 de
1173 1092 1320 1128 Mernes
1337 1107 1421 1139 quas
1440 1095 1630 1129 mensurari
1649 1095 1713 1129 feci

230 1152 265 1180 et
283 1159 350 1192 que
375 1147 495 1193 jacent
514 1147 605 1181 inter
623 1147 683 1180 has
701 1146 833 1186 divisas,
854 1147 1016 1183 videlieet
1044 1148 1127 1183 ficut
1146 1150 1279 1183 rivulus
1307 1150 1444 1185 ecclefie
1463 1150 1712 1186 transversatur

230 1202 335 1236 altam
355 1203 445 1237 viam
464 1215 531 1248 que
549 1203 663 1236 tendit
681 1203 724 1236 de
743 1202 882 1237 ecelefia
900 1204 942 1237 de
961 1204 991 1238 le
1011 1204 1157 1239 Mernes
1174 1206 1217 1239 ad
1237 1205 1377 1240 Novam
1396 1207 1524 1247 villam,
1559 1213 1593 1241 et
1610 1206 1653 1241 116
1667 1206 1712 1241 as-

230 1259 414 1293 cendendo
433 1271 494 1305 per
513 1258 612 1292 illum
631 1258 783 1292 rivulum
803 1271 845 1292 ex
863 1265 961 1306 parte
980 1261 1167 1305 aquilonali
1188 1261 1294 1307 utque
1313 1263 1356 1296 ad
1375 1263 1549 1308 quendam
1562 1263 1712 1310 lapidem

231 1315 374 1349 stantem
394 1315 451 1360 qui
472 1314 518 1349 est
535 1316 571 1348 in
589 1315 740 1360 quodam
760 1315 861 1348 viridi
882 1316 977 1349 radio
997 1322 1089 1351 terre
1109 1317 1144 1350 in
1162 1317 1192 1351 le
1212 1317 1383 1358 Crostflat,
1412 1324 1446 1352 ct
1472 1317 1515 1352 fic
1532 1331 1595 1365 per
1612 1318 1711 1353 illum

230 1371 377 1405 viridem
397 1371 531 1405 radium
551 1377 644 1405 terre
662 1371 778 1404 versus
796 1371 995 1416 aquilonem
1015 1373 1119 1418 usque
1138 1374 1172 1406 in
1191 1374 1365 1419 quendam
1394 1373 1497 1408 ficum
1517 1375 1575 1420 qui
1594 1383 1712 1409 exten-

232 1427 281 1460 dit
300 1426 332 1461 se
350 1427 467 1460 versus
486 1427 703 1461 occidentem
722 1425 828 1472 usque
846 1427 889 1460 ad
908 1428 1081 1473 quendam
1102 1428 1250 1475 lapidem
1270 1428 1425 1469 stantem,
1458 1435 1492 1463 et
1518 1429 1560 1463 ab
1588 1429 1646 1464 illo
1665 1430 1711 1463 la-

232 1483 312 1529 pide
331 1483 464 1517 directe
482 1482 600 1517 versus
618 1483 817 1528 aquilonem
833 1483 939 1529 usque
958 1484 993 1517 in
1013 1484 1193 1518 decursum
1213 1483 1273 1517 sub
1292 1485 1403 1531 capite
1422 1485 1525 1519 unius
1543 1485 1658 1524 fontis,
1679 1490 1713 1519 et

232 1538 273 1573 116
291 1552 353 1586 per
372 1539 553 1573 decursum
573 1529 664 1572 illi'us
678 1539 783 1572 fontis
796 1539 900 1585 usque
921 1540 955 1572 in
975 1539 1207 1579 Paddocford,
1228 1545 1263 1573 et
1280 1539 1405 1574 abinde
1423 1553 1485 1586 per
1503 1540 1607 1574 altam
1621 1541 1712 1574 viam

232 1595 337 1641 usque
356 1595 399 1628 ad
418 1595 569 1629 r1vulum
589 1593 817 1641 prescriptum
837 1593 975 1628 66616116
993 1594 1280 1630 transversantem
1301 1596 1404 1629 altam
1424 1597 1512 1630 viam
1531 1611 1540 1639 3
1570 1603 1714 1643 excepta

233 1658 326 1686 terra
344 1651 388 1685 ad
406 1651 550 1685 domum
570 1651 613 1685 de
632 1650 858 1697 Torphecliin
878 1651 1076 1697 pertinente
1096 1651 1184 1684 iufra
1201 1651 1375 1698 prediGtas
1388 1651 1520 1686 (livistis.
1573 1652 1713 1687 Tenen—

233 1709 292 1742 das
311 1714 345 1742 et
363 1708 538 1742 habendas
556 1707 614 1741 fibi
634 1714 668 1742 et
687 1706 931 1742 successoribus
949 1707 1015 1741 suis
1034 1707 1077 1741 de
1095 1720 1150 1741 me
1178 1713 1212 1741 et
1239 1707 1423 1741 heredIbus
1441 1708 1526 1742 meis
1544 1709 1714 1755 imperpe-

232 1770 344 1804 tuum,
358 1764 446 1798 adeo
459 1764 577 1803 libere,
591 1764 708 1809 quiete
722 1770 756 1798 et
768 1764 909 1810 pacifice
924 1762 1007 1797 licut
1021 1762 1193 1797 residuum
1208 1769 1300 1797 terre
1315 1763 1453 1798 ecclelie
1469 1764 1511 1798 de
1525 1764 1555 1798 le
1568 1763 1713 1798 Mernes

233 1820 375 1854 liberius
402 1826 436 1854 et
463 1821 612 1865 quietius
631 1825 753 1854 tenent
772 1826 806 1854 et
824 1818 1006 1866 poffidcnt‚
1027 1832 1105 1853 cum
1125 1820 1368 1854 communibus
1386 1819 1590 1854 aifiamentis
1607 1827 1712 1867 prout

233 1876 404 1910 haetenus
422 1876 620 1909 habuerunt
637 1888 645 1909 :
687 1875 837 1922 Propter
856 1876 938 1909 0610
957 1888 1051 1910 acras
1066 1881 1101 1910 et
1120 1876 1296 1909 dimidiam
1315 1882 1350 1910 et
1368 1876 1491 1922 viginti
1509 1877 1592 1910 octo
1610 1877 1713 1923 perti-

235 1939 327 1968 catas
345 1940 438 1967 terre
457 1945 540 1979 quas
559 1932 756 1967 habuerunt
775 1933 810 1966 in
830 1932 1007 1966 territorio
1027 1932 1069 1966 de
1087 1932 1117 1966 le
1137 1931 1261 1972 Alton,
1289 1945 1435 1977 quarum
1464 1932 1616 1977 quinque
1634 1945 1712 1966 acre

234 1996 269 2023 et
287 1989 430 2023 dimidia
448 1995 481 2023 et
500 1989 622 2034 viginti
642 1989 724 2023 oe'to
742 1989 910 2035 perticate
928 1993 1021 2022 terre
1046 1988 1166 2035 jacent
1184 1988 1273 2021 inter
1292 1986 1394 2021 ficum
1414 1988 1471 2033 qui
1503 1987 1549 2021 est
1566 1988 1609 2021 ad
1627 1988 1713 2022 fines

235 2045 428 2079 croftorum
448 2058 490 2078 ex
509 2045 670 2078 orientali
689 2050 786 2091 parte
805 2044 886 2078 ville
905 2044 947 2077 de
966 2044 996 2078 le
1016 2044 1127 2077 Alton
1154 2049 1189 2077 et
1215 2044 1306 2077 inter
1323 2042 1426 2077 ficum
1456 2043 1514 2088 qui
1533 2042 1580 2076 est
1598 2055 1640 2076 ex
1659 2056 1713 2077 oc-

236 2101 399 2135 cidentali
429 2106 527 2147 parte
553 2100 595 2134 de
613 2100 642 2133 le
661 2100 861 2133 Thorniflat
888 2098 1129 2134 descendendo
1148 2099 1183 2132 in
1204 2098 1391 2144 Kirkilgat‚
1418 2103 1452 2132 et
1469 2098 1594 2132 abinde
1613 2098 1647 2131 111
1666 2099 1712 2132 al-

236 2163 305 2190 tam
325 2157 427 2195 viam,
459 2162 493 2189 et
511 2161 581 2189 tres
598 2167 676 2189 acre
701 2155 822 2201 jacent
847 2155 950 2201 juxta
966 2155 1078 2188 lacum
1099 2154 1141 2188 de
1159 2154 1189 2188 le
1209 2154 1345 2188 Aldton
1364 2167 1407 2188 ex
1424 2159 1522 2201 parte
1549 2155 1710 2188 orientali

235 2225 303 2258 que
320 2217 466 2245 vocatur
486 2210 735 2257 Spraginisflat,
767 2223 851 2256 quas
869 2211 951 2244 mihi
978 2210 1150 2244 dederunt
1178 2210 1215 2243 in
1245 2210 1501 2256 permutatione
1520 2210 1602 2244 oeto
1620 2223 1712 2245 acra-

237 2281 314 2302 rum
334 2273 369 2301 et
387 2267 527 2300 dimidie
547 2272 582 2301 et
599 2267 723 2312 viginti
741 2267 823 2300 οὸὶο
841 2267 1086 2312 perticatarum
1106 2272 1199 2300 terre
1217 2265 1484 2313 prescriptarum
1506 2266 1714 2301 hereditarie

235 2324 404 2358 tenendas
423 2329 457 2358 et
475 2321 703 2370 poffidendas.
755 2322 802 2357 Et
820 2322 937 2368 obIIgo
956 2334 1011 2356 me
1042 2327 1077 2356 et
1102 2322 1247 2356 heredes
1265 2334 1360 2356 meos
1388 2327 1421 2356 et
1448 2319 1653 2357 successores
1670 2323 1714 2356 ad
