1839 2652
738 240 809 275 DE
837 237 1107 274 PASSELET.
1632 240 1678 275 77

195 337 498 373 warantizabimus
517 342 640 372 contra
658 349 792 372 omnes.
834 336 915 370 Hiis
933 332 1273 379 testibus‚'Magistro
1291 330 1449 378 Hugone
1468 330 1511 365 de
1532 330 1675 364 Potton’

191 394 437 429 archidiacono
456 392 672 440 Glasguenfi,
706 393 847 428 Simone
867 391 1079 431 Maleverer‚
1114 390 1195 424 Ada
1214 389 1257 424 de
1285 388 1418 428 Patam,
1453 387 1613 421 Roberto
1632 387 1674 420 de

193 449 348 490 Giwrth,
371 449 525 484 Ricardo
545 449 669 490 Gern',
699 449 852 484 Ricardo
872 449 914 482 de
927 447 1043 487 Nicol,
1066 446 1220 481 Ricardo
1242 445 1347 479 Bluet
1365 443 1513 492 persona
1527 443 1569 477 de
1589 443 1674 476 Dal-

192 506 249 547 iel,
283 506 448 540 Galfrido
468 504 681 545 Maleverer,
712 504 812 539 Luca
829 503 1010 551 capellano
1038 504 1080 537 de
1101 501 1259 542 Passelet,
1293 501 1438 548 Rogero
1465 501 1508 535 de
1527 499 1672 539 Linton,

194 562 352 597 Roberto
370 560 517 608 persona
535 561 578 595 de
597 560 793 601 Glasfruth,
813 566 848 594 et
866 560 984 594 multis
1002 560 1089 594 aliis.

193 729 393 776 Refignatio
412 734 585 764 terrarum
605 728 647 762 de
667 727 792 762 Molla.

193 841 432 877 OMNIBUS
462 841 529 875 hoc
546 839 711 887 scriptum
730 838 852 873 visuris
871 839 925 873 vel
945 840 1116 873 audituris
1142 839 1323 875 Johannes
1354 839 1554 875 Maleverer
1581 841 1673 875 filius

190 904 224 933 et
241 899 341 933 heres
359 897 535 944 quondam
555 896 688 930 domini
709 895 870 929 Henricii
890 894 1093 930 Malevex·er
1111 896 1256 930 salutem
1275 896 1311 929 in
1332 896 1500 929 Domino.
1555 896 1672 931 Nove-

189 955 264 989 ritis
282 967 337 988 me
355 967 421 1001 pro
440 966 495 988 me
514 959 549 987 et
566 952 753 987 heredibus
772 952 857 986 meis
876 950 1055 999 refignafl'e
1074 965 1113 986 ac
1131 953 1288 998 quietum
1305 951 1463 986 clamaffe
1484 953 1616 987 Abbati
1637 961 1671 987 et

189 1011 379 1045 conventui
399 1011 441 1045 de
463 1008 609 1044 Paffelet
627 1014 742 1044 totum
766 1009 825 1056 jus
844 1014 879 1043 et
898 1009 1070 1043 clameum
1097 1008 1192 1054 quod
1219 1007 1323 1042 habui
1342 1013 1402 1042 aut
1427 1008 1554 1042 habere
1574 1010 1671 1056 potui

188 1068 223 1101 in
241 1072 317 1101 tota
333 1072 428 1101 terra
445 1079 547 1113 quam
566 1066 665 1100 tenui
683 1066 719 1099 in
749 1070 951 1100 tenemento
981 1064 1023 1098 de
1056 1063 1172 1098 Molla
1190 1064 1233 1098 de
1251 1064 1354 1098 dietis
1382 1063 1521 1098 Abbate
1540 1070 1574 1099 et
1593 1078 1673 1098 cou-

188 1128 297 1158 ventu
316 1123 359 1158 de
379 1121 525 1158 Pafl'elet
541 1137 550 1165 ;
579 1123 627 1156 ita
644 1122 772 1157 scilicet
801 1122 897 1168 quod
922 1134 988 1156 nec
1015 1133 1081 1167 ego
1098 1133 1165 1155 nec
1183 1120 1305 1167 aliquis
1323 1121 1493 1155 heredum
1512 1134 1672 1156 meorum

186 1179 328 1225 aliquod
340 1179 399 1226 jus
416 1179 473 1213 vel
491 1179 662 1213 clameurn
682 1179 718 1212 in
737 1178 831 1213 dic‘ta
848 1183 943 1213 terra
961 1178 1004 1212 de
1023 1182 1140 1212 cetero
1159 1177 1300 1224 exigere
1318 1177 1496 1212 valeamus
1513 1178 1570 1212 vel
1588 1192 1671 1213 ven-

189 1235 315 1270 dicare.
379 1235 424 1270 In
450 1235 548 1282 cujus
566 1235 617 1269 rei
634 1235 869 1269 testimonium
888 1234 1104 1282 presentibus
1122 1234 1247 1269 litteris
1265 1233 1506 1281 resignationis
1522 1234 1670 1282 sigillum

190 1304 307 1325 meum
325 1289 479 1338 apposui.
531 1291 666 1325 Datum
685 1291 779 1338 apud
799 1290 939 1325 Klifton
957 1291 1012 1325 die
1031 1290 1114 1325 lune
1132 1291 1294 1337 proxima
1311 1290 1385 1338 post
1406 1290 1543 1331 Pascha,
1576 1304 1669 1325 anno

192 1345 340 1381 Domini
359 1345 539 1382 millesimo
558 1346 794 1382 ducentefimo
812 1346 1061 1394 septuagesimo
1080 1346 1218 1381 octavo.

189 1516 247 1551 De
266 1516 399 1563 capella
419 1516 568 1551 Roberti
587 1516 681 1551 Croc
698 1516 931 1551 infirmorum.

190 1620 470 1656 UNIVERSIS
500 1620 618 1656 sancte
637 1622 756 1655 matris
775 1619 914 1656 ecclesie
932 1619 1012 1654 filiis
1029 1624 1100 1654 tam
1119 1618 1336 1667 presentibus
1354 1632 1458 1666 quam
1476 1620 1602 1655 futuris
1623 1621 1666 1654 R.

180 1677 281 1723 vprior
299 1682 334 1711 et
352 1682 547 1712 conventus
565 1677 608 1711 de
628 1675 775 1712 Passelet
792 1676 938 1711 Ialutem
956 1677 993 1710 in
1012 1676 1183 1710 Domino.
1236 1676 1298 1710 Ad
1322 1674 1554 1711 universitatis
1580 1678 1669 1712 noti-

185 1733 268 1766 tiam
288 1733 450 1768 volumus
468 1734 645 1774 devenire,
677 1746 742 1768 nos
767 1734 904 1781 pietatis
930 1732 1061 1767 intuitu
1088 1730 1282 1766 concessifl'e
1309 1737 1344 1766 et
1373 1733 1524 1779 presenti
1542 1732 1668 1780 scripto

186 1787 414 1830 confirmaffe,
434 1789 580 1824 infirmis
599 1790 762 1824 fratribus
781 1789 957 1837 hospitalis
975 1789 1070 1835 quod
1102 1789 1283 1823 Robertus
1302 1788 1396 1824 Croc
1414 1789 1605 1824 construxit
1632 1791 1665 1823 in

186 1851 280 1879 terra
291 1845 360 1886 sua,
380 1852 420 1880 ut
431 1846 581 1880 habeant
596 1846 775 1894 capellam,
808 1852 843 1880 et
861 1847 1079 1894 capellanum
1098 1847 1158 1892 qui
1173 1847 1220 1880 eis
1234 1846 1352 1880 divina
1363 1846 1516 1881 celebret
1532 1847 1663 1889 officia;

179 1902 233 1935 -ita
250 1902 345 1947 quod
362 1902 542 1949 predictus
562 1902 741 1937 Robertus
760 1901 853 1937 Croc
881 1903 993 1937 eidem
1023 1902 1204 1950 capellano
1222 1902 1390 1949 stipendia
1416 1909 1451 1937 et
1481 1902 1668 1938 neceflaria

186 1957 400 1999 ministrabit,
435 1963 469 1993 et
487 1964 604 1992 cetera
622 1959 739 1993 omnia
757 1959 955 2005 providebit
973 1972 1040 2005 que
1059 1959 1168 1993 divini
1192 1959 1296 1993 officii
1315 1958 1428 1993 uslbuS
1454 1960 1665 1994 convenient

186 2019 221 2046 et
247 2013 380 2048 suerint
397 2012 609 2049 neceffaria:
650 2015 754 2050 Salvo
773 2015 808 2049 in
838 2015 999 2049 omnibus
1025 2016 1107 2062 jure
1135 2013 1273 2049 ecclesie
1300 2014 1414 2048 nostre
1442 2015 1484 2049 de
1506 2014 1663 2056 Pafl'elet.

187 2069 399 2116 Capellanus
417 2076 534 2105 autem
553 2071 751 2117 quicunque
769 2071 813 2106 ad
830 2072 1030 2118 predictum
1049 2071 1165 2105 locum
1193 2071 1297 2104 fuerit
1324 2070 1480 2117 provisus
1499 2071 1598 2105 nobis
1610 2072 1666 2119 ju-

186 2130 385 2160 ramentum
401 2127 498 2172 prius
514 2126 677 2174 prestabit
707 2127 801 2173 quod
827 2127 859 2161 se
878 2127 1029 2161 fideliter
1056 2139 1139 2172 erga
1156 2139 1220 2160 nos
1239 2132 1273 2161 et
1291 2126 1466 2160 ecclesiam
1485 2129 1663 2163 matricem

186 2181 335 2221 habebit,
351 2182 399 2215 ita
412 2182 506 2227 quod
517 2183 624 2216 nichil
637 2183 739 2217 faciet
750 2183 807 2217 vel
820 2183 896 2217 fieri
910 2183 1090 2230 permittet
1104 2183 1190 2228 [ab]
1203 2183 1271 2216 alio
1283 2182 1411 2228 aliquo,
1427 2196 1490 2230 per
1504 2185 1598 2230 quod
1611 2198 1664 2219 ec-

188 2237 286 2272 clelia
304 2237 419 2271 nostra
436 2237 626 2284 dampnum
641 2238 804 2284 patiatur,
825 2238 892 2273 five
908 2239 943 2273 in
963 2238 1197 2272 oblationibus
1222 2237 1288 2272 five
1304 2238 1339 2272 in
1355 2240 1575 2286 parochIanis
1590 2242 1664 2275 nos-

187 2295 248 2328 tris
266 2293 484 2340 recipiendis.
537 2293 722 2328 Predietus
739 2307 824 2328 vero
844 2294 1023 2329 Robertus
1036 2293 1167 2340 juravit
1187 2294 1281 2340 quod
1299 2307 1361 2341 per
1378 2294 1546 2331 accessum
1565 2296 1662 2332 suum
