1839 2652
737 265 808 300 DE
841 265 1112 301 PASSELET.
1600 273 1671 311 207

184 362 248 396 hac
265 360 416 409 presenti
434 367 529 396 carta
546 361 661 397 nostra
679 361 896 398 confirmafl'e
915 363 1124 399 donationes
1151 362 1226 399 illas
1257 369 1291 399 et
1322 363 1557 400 concelliones
1584 378 1669 412 quas

182 418 360 464 quondam
381 418 595 453 Malcolmus
613 424 648 453 et
667 418 881 454 Malcolmus
900 421 1045 455 comites
1076 421 1118 456 de
1148 421 1316 456 Levenax
1334 422 1496 457 fecerunt
1525 428 1560 457 et
1586 435 1668 458 con-

183 473 355 510 cefferunt
374 475 455 510 Deo
475 481 508 509 et
526 475 629 510 beato
647 475 781 512 Jacobo
800 482 834 511 et
853 476 954 511 beato
975 476 1111 512 Mirino
1130 490 1170 512 ac
1187 477 1352 525 religiofis
1370 479 1453 514 viris
1473 479 1605 514 Abbati
1632 484 1667 514 et

183 532 374 566 conventui
393 531 589 566 monasterii
609 532 651 566 de
672 530 829 572 Paffelet,
845 533 977 567 ordinis
996 533 1243 576 Cluniacenfis,
1261 534 1493 582 Glasgwenfis
1513 536 1664 577 diocefis,

184 588 227 622 de
245 589 348 623 terris
366 589 410 623 de
443 588 654 636 Kyspatryk,
684 589 727 623 de
758 588 992 630 Cocmanach,
1021 590 1064 625 de
1097 590 1348 638 Edynbernan,
1377 593 1421 627 de
1440 592 1594 634 Backan,
1624 594 1667 629 de

184 645 380 692 Fymbalac,
409 645 451 680 de
472 646 717 686 Drumcrewe,
738 645 781 679 de
795 645 1092 692 Cragbrecholan,
1113 648 1156 682 de
1172 648 1433 691 Monakenran,
1454 650 1498 685 de
1519 650 1668 686 Drumt-

181 702 327 748 glunan,
356 703 399 737 de
419 702 587 749 Cultbuy,
615 702 658 736 de
678 702 866 742 Dalfenan,
895 703 938 736 (16
958 702 1242 746 Drumthouher,
1272 705 1314 740 de
1336 705 1535 753 Reynfode‚
1565 713 1600 743 et
1623 709 1667 743 de

184 758 462 806 Drumdynanis,
492 771 571 792 cum
590 758 820 805 pertinentiiS,
849 758 885 792 in
916 760 1085 795 comitatu
1104 761 1147 795 de
1167 761 1346 802 Levenax,
1376 763 1467 798 infra
1483 764 1667 799 vicecomi-

183 822 294 850 tatum
314 816 357 850 de
376 815 614 849 Dunbertan:
651 815 840 850 Tenendas
867 821 902 850 et
929 815 1105 850 habendas
1124 817 1251 852 eisdem
1279 818 1447 865 religiosis
1477 825 1513 854 et
1543 833 1667 856 eorum

183 871 427 906 succefforibus
446 871 481 905 in
500 871 596 906 dieto
615 871 823 906 monasterio
851 872 893 906 de
926 870 1073 907 Paffelet
1093 873 1174 908 Deo
1192 872 1424 909 servientibus
1443 881 1477 910 et
1495 877 1667 925 imperpe-

182 935 283 964 tuum
301 928 489 969 servituris,
510 941 632 962 omnes
646 933 681 962 et
694 927 843 974 lingulas
856 928 967 963 (1ίᾶ35
985 934 1096 963 terras
1115 942 1193 964 cum
1210 931 1442 977 pertinentiiS,
1463 945 1525 979 per
1543 946 1666 969 omnes

182 986 296 1020 rectas
315 991 423 1019 metas
443 990 477 1019 et
495 983 618 1019 divisas
635 983 722 1025 suaS‚
749 985 786 1019 in
804 985 960 1025 liberam,
988 998 1112 1032 puram
1144 992 1179 1021 et
1206 993 1413 1034 perpetuam
1433 988 1666 1031 elemofinam,

182 1055 262 1077 cum
281 1041 442 1076 omnibus
460 1046 495 1076 et
512 1040 653 1087 lingulis
672 1041 899 1082 libertatibus,
930 1042 1249 1084 commoditatibus,
1278 1043 1495 1091 ayfiamentis
1513 1050 1548 1080 et
1568 1045 1668 1093 justis

182 1098 402 1146 pertinentiis
420 1097 682 1144 quibuscunque
700 1098 744 1132 ad
762 1098 873 1132 dietas
892 1103 1003 1133 terras
1021 1098 1257 1146 spectantibus
1275 1098 1333 1134 seu
1351 1099 1508 1147 [11661316
1523 1102 1669 1137 valenti-

184 1156 246 1190 bus
264 1155 529 1202 quomodolibet
547 1155 583 1189 in
601 1155 772 1196 futurum,
801 1155 889 1189 adeo
908 1155 1018 1190 libere
1037 1162 1072 1190 et
1090 1157 1208 1202 quiete
1226 1157 1263 1190 in
1282 1157 1444 1192 omnibus
1462 1164 1497 1192 et
1514 1172 1577 1206 per
1595 1172 1668 1194 om-

183 1213 252 1253 nia,
280 1212 394 1246 forma
410 1212 541 1259 pariter
572 1217 607 1246 et
634 1211 773 1252 61166111,
801 1210 886 1246 ficut
917 1218 1010 1247 carte
1042 1213 1219 1248 (hetorum
1240 1212 1421 1248 Comitum
1441 1215 1568 1250 exinde
1587 1229 1669 1250 con-

182 1269 275 1303 fec‘te
293 1269 329 1302 in
347 1267 380 1303 se
398 1268 537 1315 plenius
561 1267 652 1315 juste
671 1268 854 1303 continent
881 1273 916 1302 et
944 1274 1164 1316 proportant.
1218 1269 1265 1304 Et
1283 1270 1363 1316 quia
1381 1270 1517 1305 dietum
1535 1272 1668 1307 monas-

183 1325 311 1359 terium
330 1324 373 1359 de
394 1323 541 1359 Pafl'elet
566 1337 629 1371 per
655 1324 843 1359 recolende
862 1326 1031 1360 memorie
1056 1325 1250 1360 Walterum
1279 1327 1391 1361 filium
1421 1327 1530 1362 Alani
1559 1327 1668 1364 senes-

184 1382 263 1417 calli
282 1382 398 1417 Scotie
416 1379 665 1416 antecessorem
684 1381 839 1416 nostrum
858 1382 1045 1416 fundatum
1065 1382 1191 1423 extitit,
1221 1388 1256 1418 et
1286 1396 1349 1431 per
1379 1383 1489 1431 ipsum
1516 1397 1557 1419 ac
1581 1385 1667 1420 alios

182 1437 317 1473 nostros
334 1435 565 1472 anteceffores
583 1443 618 1472 et
637 1437 789 1474 diversos
808 1438 894 1472 alios
910 1438 1036 1473 Christi
1054 1439 1175 1474 fideles
1193 1440 1295 1474 terris
1314 1441 1393 1487 [et]
1407 1439 1666 1488 possessionibus

182 1496 239 1544 pia
252 1495 460 1530 liberalitate
478 1495 639 1529 dotatum
656 1509 665 1538 3
686 1508 761 1536 nos,
774 1493 1017 1542 premifforum
1032 1494 1318 1537 consideratione,
1333 1497 1493 1532 volentes
1504 1496 1580 1545 ipfis
1593 1511 1667 1533 mo-

182 1553 331 1588 nasterio
350 1559 385 1587 et
402 1552 568 1599 religiofis
587 1553 786 1587 uberiorem
804 1553 951 1600 gratiam
971 1552 1084 1586 faeere
1103 1558 1138 1586 et
1155 1553 1323 1594 favorem,
1343 1553 1508 1588 volumus
1526 1560 1561 1588 et
1584 1567 1665 1590 con-

182 1610 338 1645 cedimus
356 1609 399 1644 de
418 1622 512 1644 novo
530 1622 594 1656 pro
613 1609 714 1644 nobis
733 1615 767 1644 et
785 1609 972 1644 heredibus
990 1608 1125 1650 nostris,
1155 1615 1189 1644 et
1219 1616 1315 1644 carta
1332 1609 1448 1644 nostra
1466 1611 1666 1646 confirmari

182 1667 346 1701 volumus
364 1665 491 1700 eisdem
510 1665 675 1712 religiolis
694 1679 816 1701 omnes
835 1671 869 1700 et
888 1665 1038 1711 lingulas
1057 1671 1167 1700 terras
1185 1666 1362 1713 prediffias
1380 1679 1459 1701 cum
1487 1668 1665 1714 pertinen-

181 1723 237 1758 tiis
252 1737 262 1765 ;
292 1722 481 1757 Tenendas
500 1728 535 1756 et
553 1722 729 1757 habendas
748 1722 851 1757 dietis
869 1720 1035 1768 religiofis
1066 1728 1101 1757 et
1133 1735 1255 1757 eorum
1275 1721 1522 1758 succefforibus
1539 1724 1666 1771 imper-

181 1785 339 1827 petuum,
356 1778 481 1813 liberas
496 1784 531 1813 et
545 1784 724 1825 exemptas
735 1778 777 1812 ab
792 1778 954 1813 omnibus
970 1785 1004 1813 et
1017 1777 1159 1825 singulis
1177 1780 1345 1826 cariagiiS,
1366 1780 1538 1826 talliagiis,
1558 1779 1663 1828 prifis,

181 1835 399 1883 captionibus
418 1840 453 1869 et
470 1835 545 1868 aliis
563 1834 826 1881 quibuscunque
855 1833 1130 1882 impolitionibus
1160 1842 1196 1871 et
1226 1836 1390 1871 oneribus
1408 1835 1537 1872 eisdem
1561 1838 1664 1872 terris

180 1905 243 1940 per
260 1905 325 1926 nos
342 1891 398 1926 vel
416 1891 563 1926 heredes
581 1890 715 1925 nostros
733 1891 966 1938 imponendiS,
994 1892 1031 1926 in
1049 1905 1156 1927 unam
1174 1893 1347 1940 integram
1379 1898 1415 1928 et
1444 1893 1590 1928 liberam
1608 1894 1664 1929 ba-

181 1949 328 1988 roniam,
357 1953 392 1982 et
410 1948 446 1981 in
464 1947 552 1981 adeo
570 1947 716 1981 liberam
734 1947 967 1994 regalitatem,
997 1949 1150 1996 exceptis
1181 1955 1333 1995 quatuor
1359 1950 1501 1996 pumffis
1530 1963 1661 1985 corone

180 2004 294 2039 nostre
322 2004 484 2038 videlicet
510 2008 625 2050 raptu,
654 2004 787 2051 rapina,
820 2003 972 2037 murthir
1000 2010 1035 2039 et
1066 2005 1240 2046 incendio,
1270 2018 1338 2052 que
1369 2006 1469 2040 nobis
1500 2012 1535 2041 et
1563 2007 1661 2041 here-
1718 2034 1750 2043 »1

181 2061 281 2096 (111)115
299 2060 421 2094 nostris
439 2059 579 2106 regibus
598 2060 714 2094 Scotie
731 2059 925 2107 specialiter
943 2059 1169 2102 reservamus,
1199 2060 1283 2096 ficut
1301 2061 1408 2107 aliqui
1426 2061 1576 2108 religiofi
1594 2063 1659 2096 viri

179 2117 311 2163 aliquas
336 2122 447 2151 terras
476 2116 514 2149 in
543 2116 725 2162 regalitate
756 2121 880 2150 tenent
910 2115 1053 2151 liberius
1084 2117 1174 2151 infra
1201 2130 1351 2163 regnum
1382 2117 1549 2158 nostrum,
1578 2131 1658 2153 cum

178 2173 302 2208 furcha
319 2178 354 2207 et
371 2170 465 2213 foffa,
492 2171 555 2206 sok
573 2177 607 2206 et
625 2171 694 2213 sak,
723 2173 787 2207 toll
806 2177 841 2207 et
860 2172 990 2212 theme,
1018 2173 1289 2219 infangandthef
1303 2179 1337 2208 et
1356 2173 1659 2220 outfangandthef,

178 2243 218 2264 ac
237 2242 316 2264 cum
335 2228 496 2263 omnibus
514 2228 588 2262 aliis
607 2233 642 2263 et
658 2228 799 2275 fingulis
816 2228 1045 2269 libertatibus,
1067 2229 1373 2264 commoditatibus
1393 2235 1427 2264 et
1444 2228 1661 2277 ayfiamentis

178 2287 222 2321 ad
240 2286 384 2320 liberam
403 2285 621 2331 regalitatem
640 2290 675 2319 et
693 2285 835 2320 liberam
863 2287 1044 2322 baroniam
1062 2285 1298 2333 speetantibus
1315 2284 1375 2320 seu
1387 2285 1478 2333 juste
1502 2285 1658 2334 spe6tare

179 2342 374 2378 valentibus
392 2342 428 2376 in
446 2342 628 2377 futurum:
658 2341 857 2378 Reddendo
877 2343 957 2378 inde
975 2342 1155 2377 annuatim
1185 2342 1286 2377 nobis
1317 2348 1352 2377 et
1380 2342 1565 2378 heredibus
1583 2344 1658 2378 nos-
