1870 2683
194 409 225 437 P.
247 413 294 442 98.

235 491 298 515 115.

235 719 300 749 116.

236 764 300 789 118.

237 843 300 872 119.

238 961 301 985 121.

240 1078 302 1104 122.

239 1313 302 1338 123.

237 1352 301 1377 124.

239 1387 302 1416 126.

237 1509 301 1534 128.

239 1705 302 1730 130.

240 1861 304 1886 131.

238 1900 301 1926 133.

240 1979 302 2003 134.

297 2310 302 2315 .
324 2288 343 2319 l.
354 2294 379 2322 9.
394 2290 521 2327 domini]

897 323 934 345 lv

325 408 343 436 1.
372 412 420 439 27.
444 407 566 444 episcopo
587 407 779 445 Gtasgneusi]
825 408 896 436 M.S-

325 446 512 484 Glasguensis.

319 485 337 513 1.
353 488 400 513 28.
420 485 555 522 teneant]
578 485 648 513 M.S.
673 490 775 520 tenant,
791 486 897 514 omisso

321 534 439 562 quoque
462 529 496 552 ut
521 524 636 552 videtur
657 526 747 553 verbo
768 526 893 562 quodam

321 563 400 601 quod
423 569 520 591 tamen
542 563 676 600 supplere
700 574 758 593 non
787 565 895 601 placuit

322 613 389 630 cum
404 602 460 630 loci
476 612 576 631 sensus
592 603 619 630 in
635 609 735 640 aperto
749 604 793 631 sit.

322 642 483 679 Lantepeu.
498 642 682 677 Walterofilio
694 644 805 680 Alani]
824 644 894 671 M.S.

326 681 444 710 Waltero
456 682 516 715 filio
532 682 631 710 Alana.

320 720 338 748 l.
355 725 381 752 7.
396 721 499 758 illam]
524 722 595 749 M.S.
610 722 670 750 illa.

320 760 340 787 l.
361 764 408 788 21.
429 761 467 788 ad
487 761 735 798 sustentationem]
765 762 836 790 M.S.
860 764 897 789 ad

321 800 569 828 sustentationibus.

322 838 340 866 L
355 842 402 867 23.
424 839 536 868 testibus
555 839 662 867 domino
682 840 840 868 Aleaeandro
854 851 896 868 se-

322 878 467 915 nest-atla]
479 878 549 906 M.S.
560 879 672 907 testibus
680 879 802 907 dominus
813 880 895 907 Alex-

322 918 410 945 ander
423 918 595 946 senescallus.

323 956 342 983 l.
367 960 413 984 21.
442 957 504 985 Ada
527 958 561 985 de
585 957 790 995 Lockmaban.]
825 958 896 986 M.S.

325 995 524 1024 Loclamabran.
541 996 598 1023 Sed
608 996 700 1024 videl.
707 997 896 1033 penultimam

323 1035 438 1071 paginae
452 1036 607 1072 sequentis.

324 1074 342 1102 l.
355 1078 379 1102 1.
394 1074 504 1102 ecclesia
517 1075 614 1102 Sancti
625 1074 801 1112 Colmaneli]
825 1075 896 1102 M.S.

325 1114 423 1141 Sancti
435 1113 558 1141 Colmati.
586 1114 778 1142 Emendatum
794 1114 896 1142 collata

325 1152 424 1180 charta
437 1153 619 1188 praecedente
633 1159 662 1180 et
677 1154 770 1181 tribus
791 1153 896 1181 chartis

327 1192 522 1228 sequentibus.

323 1231 341 1258 1.
372 1235 415 1258 11.
445 1230 612 1268 Βαωίεηε.]
644 1231 691 1259 Sic
720 1231 780 1259 sine
809 1231 897 1259 dubio

325 1270 397 1298 M.S.
411 1269 485 1297 forte
500 1279 553 1306 pro
568 1270 716 1298 Dunsleve.

324 1308 342 1335 l.
361 1314 404 1337 11.
425 1309 578 1346 signatas]
605 1310 676 1338 M.S.
691 1310 817 1347 signatis.

323 1348 342 1375 l.
358 1349 502 1385 29.fito.]
527 1348 680 1386 M.S.-filio.

323 1387 341 1415 1.
363 1391 403 1415 10.
419 1388 506 1415 verba
515 1388 679 1424 parenthesi
694 1388 813 1422 inclusa,
830 1398 896 1416 cum

324 1436 407 1454 sensu
419 1427 896 1464 chartaecongruentia,suggerun-

324 1472 371 1494 tur
383 1476 417 1494 ex
428 1466 711 1503 chartapraecedente
717 1473 797 1503 etseq
803 1473 895 1495 uente.

323 1504 341 1533 1.
366 1509 409 1534 15.
432 1506 460 1533 in
485 1510 560 1534 terra
583 1515 641 1533 mea
667 1506 754 1544 [que]
779 1507 896 1543 Kentyir

324 1545 508 1582 appellatur]
532 1555 583 1583 que
602 1545 683 1573 deest
696 1546 726 1573 in
742 1546 813 1573 M.S.
855 1547 896 1573 At

325 1583 381 1611 hoc
391 1584 511 1611 verbum
519 1584 563 1612 vel
574 1584 710 1621 supplere
721 1594 836 1612 necesse
842 1585 897 1612 fuit

324 1622 370 1650 vel
385 1632 437 1659 pro
451 1624 609 1660 appellatur
622 1623 717 1660 legere
731 1625 879 1662 appellata.

325 1661 343 1689 1.
358 1662 404 1690 26.
427 1663 546 1700 rasam]
569 1662 640 1691 M.S.
655 1667 754 1691 ratam.

323 1701 341 1728 l.
357 1705 383 1729 4.
396 1701 441 1728 De
449 1702 586 1739 pensione,
597 1702 664 1739 6⁶0]
680 1703 712 1729 In
726 1703 797 1730 M.S.
808 1702 895 1740 hujus

324 1740 431 1768 charta·
469 1741 582 1769 rubrica
620 1751 707 1769 manu
739 1742 896 1769 recentiore

327 1781 432 1816 scripta
448 1786 500 1813 est,
522 1781 568 1808 De
582 1781 671 1809 eodem
684 1781 808 1818 episcopo
822 1785 895 1809 trac-

327 1820 419 1852 tando,
440 1819 565 1847 absurde
580 1825 612 1847 ut
626 1820 751 1849 videtur.

324 1859 343 1886 1.
360 1862 386 1887 5.
399 1859 535 1896 judicis]
559 1859 756 1895 M.S.judices.

322 1898 341 1925 1.
358 1902 381 1925 l.
407 1897 593 1935 lVaIterofilio
604 1899 715 1936 Alani]
732 1899 803 1927 M.S.
821 1899 894 1926 Wal-

323 1942 381 1965 tero
389 1937 452 1973 filio
466 1937 563 1965 Alam).

324 1976 343 2004 l.
358 1980 384 2004 2.
399 1976 551 2013 depereat]
576 1977 647 2004 M.S.
662 1977 800 2014 depareat.
823 1977 892 2004 For-

323 2014 402 2043 mula
417 2024 484 2042 vero
499 2016 691 2044 usitatissima.

323 2054 342 2082 1.
359 2059 384 2083 3.
399 2055 545 2092 sigillum]
568 2055 640 2082 M.S.
654 2055 752 2093 sigillo.

324 2094 343 2121 l.
368 2097 415 2122 20.
445 2094 649 2131 proventuum]
685 2095 758 2122 M.S.
780 2104 894 2132 proven-

323 2134 398 2161 tium.
441 2134 590 2161 Incertum
610 2143 646 2161 an
667 2133 708 2161 sic
721 2133 844 2171 legenda
858 2135 894 2162 sit

323 2182 379 2200 vox
394 2173 455 2200 sine
468 2172 558 2200 dubio
579 2178 722 2209 corrupta,
743 2183 780 2200 an
797 2183 894 2211 prove-

324 2212 462 2245 nientium,
485 2221 520 2239 an
536 2212 609 2240 forte
620 2212 833 2249 proventionum,
858 2213 895 2240 ad

324 2251 413 2278 instar
421 2252 615 2284 obventionum,
624 2252 643 2279 1.
651 2255 697 2279 30.
704 2261 732 2287 p.
739 2252 892 2289 sequentis.

548 2291 620 2319 M.S.
644 2291 757 2319 domino.
790 2291 895 2319 Charta

324 2328 471 2365 originalis
484 2329 558 2357 forte
572 2329 673 2357 habuit
687 2330 859 2358 dominorum.

299 2367 342 2395 .l.
371 2372 396 2398 7.
432 2369 570 2405 capellano
594 2369 777 2407 parochiali]
821 2371 892 2398 M.s.

956 487 988 515 P.
1002 489 1065 515 144.

997 805 1060 828 145.

1005 883 1068 907 148.

1004 1041 1067 1070 149.

1004 1158 1067 1182 150.

1002 1236 1067 1260 151.

1003 1275 1066 1299 153.

1002 1590 1057 1614 154

1003 1625 1058 1654 156

1004 1703 1058 1732 160

1001 1781 1064 1810 164.

1003 1977 1067 2006 168.

1001 2061 1013 2084 1
1020 2056 1065 2090 69.

1002 2179 1064 2205 171.

1002 2295 1065 2323 173.

1085 408 1262 445 parochialis.
1279 408 1366 436 Forte
1378 409 1533 446 legendum
1547 418 1606 440 erat
1617 423 1663 440 ca-

1088 447 1195 484 pellano
1207 448 1377 484 parochialis
1392 450 1512 477 ecclesie.

1079 486 1098 514 1.
1113 486 1165 514 ult.
1181 488 1334 523 responsur'
1352 488 1434 516 ctiam
1450 489 1662 528 Ιφ’τινῄοιινὶίιινῖ]

1088 526 1161 554 M.S.
1175 531 1205 554 et
1218 526 1266 553 hic
1277 531 1306 553 et
1315 526 1352 553 ad
1364 526 1381 554 l.
1391 531 1437 555 22.
1452 537 1479 564 p.
1499 532 1562 557 145.
1577 529 1663 557 habet

1086 565 1244 603 responsuri
1254 570 1283 592 et
1288 566 1480 603 juriperituri‚
1497 577 1662 605 quanquam

1089 604 1125 632 de
1140 614 1208 637 uno,
1230 604 1341 632 scilicet
1363 606 1518 643 Episcopo,
1543 607 1663 635 dictum.

1091 644 1264 680 Legendum
1286 649 1318 671 ut
1333 644 1447 672 videtur
1473 656 1662 683 responsurus,

1079 683 1296 721 juriparz'turus,
1311 689 1340 710 et
1355 685 1395 712 sic
1406 684 1576 721 impressum
1591 686 1662 713 fuis-

1089 727 1140 756 set,
1164 723 1219 750 nisi
1235 728 1293 750 tam
1314 723 1414 751 multis
1433 724 1464 750 in
1479 723 1548 752 locis
1563 725 1661 752 eadem

1090 761 1178 789 dictio
1192 762 1464 798 deprehenderetur.

1082 800 1101 828 l.
1117 804 1142 828 S.
1164 802 1330 838 sequentem]
1353 802 1425 830 M.S.
1440 804 1583 840 sequentis.

1088 839 1106 867 l.
1126 840 1169 869 16.
1190 841 1330 878 citantem]
1355 842 1425 869 M.S.
1441 842 1558 870 citantis.

1090 879 1108 906 l.
1123 883 1169 907 24.
1192 880 1265 917 ipsos
1279 882 1495 918 manuteneant]
1520 881 1590 910 M.S.
1613 883 1663 909 ab·

1090 919 1177 946 surde
1191 920 1263 956 ipsos
1276 924 1510 948 manutenemento.
1527 922 1661 948 emenda-

1089 963 1137 985 tur
1148 958 1251 986 collata
1262 958 1361 986 eadem
1371 959 1469 987 charta
1478 966 1562 988 antea
1573 961 1662 997 scrip-

1089 1003 1127 1030 ta,
1143 1007 1171 1033 p.
1190 1002 1254 1026 125.

1089 1035 1108 1064 l.
1127 1041 1170 1064 12.
1192 1037 1277 1073 idea]
1302 1037 1372 1065 M.S.
1386 1038 1442 1066 deo.

1087 1075 1107 1102 1.
1125 1080 1169 1103 15.
1192 1076 1308 1112 valere]
1330 1077 1378 1104 Sie
1393 1077 1465 1105 M.S.
1484 1082 1512 1105 at
1527 1078 1663 1106 mendose

1089 1120 1122 1142 ut
1136 1115 1250 1142 videtur
1264 1124 1317 1151 pro
1332 1117 1451 1144 variare.

1088 1152 1108 1180 1.
1124 1158 1150 1182 5.
1171 1154 1332 1191 transcripti
1347 1175 1354 1181 .
1366 1175 1373 1182 .
1384 1156 1544 1192 ‚judicibus
1558 1179 1564 1184 .
1579 1179 1584 1184 .
1597 1177 1604 1183 .
1621 1158 1662 1184 di-

1090 1193 1189 1230 recti.]
1212 1193 1284 1221 M.S.
1298 1194 1417 1222 directis.

1088 1231 1107 1258 l.
1123 1237 1148 1260 5.
1167 1233 1342 1270 competere]
1365 1233 1436 1261 M.S.
1450 1235 1570 1271 competi.

1088 1270 1106 1298 l.
1121 1277 1255 1308 antepen.
1271 1273 1405 1300 universis
1419 1294 1425 1300 .
1439 1294 1461 1300 ..
1477 1274 1585 1302 ubilibet
1599 1284 1661 1302 con-

1088 1311 1197 1344 stitutis,
1214 1312 1312 1339 nostris
1322 1312 1350 1339 in
1360 1313 1412 1339 lmc
1419 1319 1501 1350 parte
1511 1333 1517 1339 .
1525 1334 1531 1340 .
1539 1333 1545 1339 .
1555 1314 1662 1342 obedire

1089 1351 1224 1378 mandatis
1238 1355 1262 1378 et
1276 1351 1389 1378 salutem
1410 1352 1439 1378 in
1464 1353 1604 1384 Domina]
1627 1353 1660 1380 In

1091 1389 1162 1417 M.S.
1173 1398 1229 1417 vox
1241 1395 1266 1418 et
1277 1390 1352 1418 inter
1360 1391 1510 1419 constitutis
1521 1398 1549 1420 et
1563 1393 1660 1420 nostris

1092 1429 1227 1462 immissa,
1238 1429 1320 1457 deest
1328 1435 1394 1457 ante
1403 1429 1532 1458 salutem.
1556 1433 1661 1459 Emen—

1091 1468 1169 1495 datio
1194 1468 1217 1495 si
1241 1478 1299 1496 non
1319 1469 1437 1496 omnino
1451 1470 1553 1506 placet,
1574 1480 1660 1507 quam

1088 1517 1206 1535 mmlme
1237 1513 1332 1535 tamen
1362 1514 1472 1536 textum
1504 1510 1660 1538 immutans

1091 1546 1245 1574 formulam
1253 1547 1428 1575 notissimam
1441 1549 1507 1576 satis
1517 1550 1659 1586 exprimit.

1087 1585 1106 1614 l.
1124 1586 1166 1614 16.
1186 1587 1386 1624 precipiendo]
1414 1587 1484 1615 M.S.
1506 1589 1658 1625 preciendo.

1088 1624 1107 1653 l.
1117 1629 1143 1653 4.
1157 1626 1372 1662 prescriptorum
1387 1626 1566 1664 litterarum]
1588 1628 1658 1655 M.S.

1083 1665 1343 1703 prescripturarum.

1088 1703 1106 1731 l.
1125 1708 1168 1731 10.
1196 1704 1307 1732 Warino
1327 1709 1350 1732 et
1372 1704 1505 1732 Balaelrico
1519 1706 1659 1743 burgensi-

1086 1743 1162 1779 hutz]
1189 1744 1260 1771 M.S.
1275 1744 1423 1781 burgensis.

1086 1781 1105 1809 l.
1119 1786 1166 1809 23.
1187 1783 1388 1820 eaetrwionemq
1417 1782 1464 1810 Sic
1489 1784 1560 1812 M.S.
1586 1784 1660 1812 forte

1086 1830 1139 1858 pro
1154 1822 1335 1849 extorsionem.

1088 1861 1108 1887 l.
1124 1864 1149 1888 8.
1174 1861 1302 1899 quicquid
1315 1861 1354 1888 sic
1367 1861 1438 1889 inter
1450 1862 1658 1899 partcsfactum

1087 1902 1153 1936 est.]
1179 1901 1251 1928 M.S.
1266 1900 1395 1938 quicquid
1406 1906 1468 1928 sunt
1479 1906 1575 1938 partes
1587 1902 1658 1937 sac-

1087 1942 1143 1966 tum
1157 1944 1204 1967 est.

1088 1977 1106 2005 l.
1124 1983 1168 2006 11.
1188 1979 1263 2016 patri
1283 1979 1428 2015 Witelmo.]
1454 1979 1526 2007 M.S.
1544 1981 1620 2017 patri
1633 1986 1658 2008 ct

1092 2018 1218 2045 Wiletmo.

1086 2055 1104 2084 1.
1123 2061 1167 2084 14.
1186 2058 1396 2084 contradictores
1418 2077 1424 2083 .
1441 2079 1446 2084 .
1463 2078 1470 2084 .
1491 2068 1655 2096 compescen-

1087 2096 1146 2132 da]
1166 2096 1236 2123 M.S.
1252 2097 1485 2124 contradictorum.
1512 2098 1655 2125 Emenda-

1087 2141 1148 2162 tum
1165 2135 1266 2163 collata
1287 2135 1385 2162 eadem
1402 2135 1480 2162 bulla
1493 2136 1530 2163 ad
1544 2147 1572 2173 p.
1594 2137 1654 2165 164.

1086 2174 1105 2201 1.
1120 2178 1168 2207 29.
1188 2175 1340 2212 scalinga]
1367 2174 1413 2202 Sic
1429 2175 1500 2203 M.S.
1514 2176 1653 2203 incertum

1087 2223 1123 2241 an
1137 2223 1190 2250 pro
1210 2214 1359 2251 scatingam
1375 2223 1411 2240 an
1425 2215 1573 2253 scalingas.
1598 2225 1653 2243 vox

1087 2258 1168 2280 sonat
1182 2253 1293 2280 scotice
1306 2263 1323 2280 a
1337 2253 1471 2291 shealing.

1086 2291 1105 2319 1.
1121 2296 1146 2320 8.
1168 2292 1342 2328 vicecomite]
1362 2293 1434 2320 M.S.
1449 2293 1640 2322 vicecomitatu.

1086 2330 1103 2358 ].
1129 2335 1175 2359 23.
1196 2331 1307 2359 testibus
1393 2332 1555 2369 thfgallo-]
1581 2334 1651 2360 M.S.

1089 2370 1247 2407 DutjgaHus.
