1839 2652
737 268 815 304 >DE
844 267 1113 304 PASSELET.
1602 270 1648 306 :39

169 364 327 402 cariffimi
345 367 406 401 filii
426 366 532 401 nostri
546 367 696 415 Philippi
715 368 805 414 regis
818 365 964 401 Francie
982 365 1133 406 illustris,
1161 364 1261 412 super
1273 364 1337 399 hiis
1350 364 1448 403 nobis
1467 363 1647 398 humiliter

169 423 403 470 supplicantis,
424 424 496 464 illo,
516 424 675 459 volentes
693 423 855 458 adversus
874 427 1112 470 occupatores,
1134 422 1346 461 detentores,
1375 420 1644 468 presumptores‚

170 480 407 514 molestatores
433 485 468 515 et
497 480 718 527 injuriatores
736 478 944 526 hujusmodi,
974 480 1032 520 eis,
1066 479 1221 514 remedio
1249 478 1443 519 subvenire,
1472 491 1535 526 per
1553 478 1647 524 quod

170 535 323 582 iptorum
341 536 578 584 compescatur
597 537 784 576 temeritas,
815 541 848 570 et
866 536 940 569 aliis
958 536 1071 570 aditus
1090 535 1331 570 committendi
1364 534 1484 569 fimilia
1512 534 1648 582 preclu-

172 593 286 633 datur,
314 592 513 627 discretioni
531 592 640 627 vestre
658 605 720 640 per
738 592 923 639 apostolica
940 591 1065 639 scripta
1082 592 1299 632 mandamus,
1320 598 1492 638 quatenus
1510 604 1572 625 vos
1592 591 1648 625 vel

172 649 242 682 duo
261 654 321 683 aut
339 661 431 683 unus
444 648 606 689 vestrum,
621 662 684 696 per
698 661 760 683 vos
774 649 830 683 vel
849 649 955 682 alium
970 647 1027 681 seu
1047 648 1143 688 alios,
1164 649 1268 682 etiam
1286 647 1309 682 fi
1326 647 1391 682 fint
1405 653 1504 682 extra
1521 648 1599 682 loca
1614 648 1649 681 in

169 704 295 750 quibus
313 705 469 752 deputati
489 705 564 739 estis
582 704 842 739 conservatores
861 710 895 739 et
907 703 1057 751 judices,
1078 704 1271 744 abbatibus,
1292 704 1477 751 prioribus,
1497 704 1647 744 decanis,

172 761 404 796 conventibus
423 767 457 796 et
476 761 638 796 domibus
660 774 700 795 ac
728 760 895 795 membris
925 760 1105 807 predi&iS‚
1138 760 1285 795 efficacis
1315 759 1520 795 defenlionis
1550 759 1650 807 prefi-

170 817 229 851 dio
255 816 451 859 aflistentes,
484 831 558 853 non
588 818 809 865 permittatis,
839 816 941 864 super
968 815 1135 863 premiffis
1163 821 1198 851 et
1228 815 1433 862 quibussibet
1458 817 1532 851 aliis
1553 817 1650 850 bonis

171 879 206 908 et
235 874 374 921 juribus
393 875 436 908 ad
463 873 551 922 ipsos
575 866 822 922 spectantibus,
858 874 900 908 ab
937 872 1062 907 eisdem
1091 879 1126 908 et
1155 872 1417 919 quibuscunque
1452 873 1538 913 aliis,
1575 872 1651 920 ipfis

170 931 375 976 gravamina
391 930 449 966 seu
469 931 620 978 dampna
636 931 692 965 vel
710 930 854 978 injurias
872 930 1019 976 irrogari
1037 944 1045 972 3
1076 929 1205 964 facturi
1235 928 1321 977 ipfis,
1351 943 1430 964 cum
1458 929 1500 963 ab
1528 930 1575 963 eis
1594 930 1649 963 vel

174 998 297 1020 eorum
328 987 459 1033 aliquo,
486 987 545 1022 seu
570 993 800 1035 procuratore
819 987 875 1022 vel
904 986 1191 1033 procuratoribus
1210 986 1403 1020 eorundem
1421 986 1478 1021 vel
1506 985 1652 1032 alicujus·

172 1056 306 1083 eorum,
336 1043 472 1078 fueritis
497 1043 659 1090 requifiti,
689 1044 732 1078 de
763 1043 929 1091 predictis
958 1049 992 1077 et
1020 1043 1094 1077 aliis
1121 1042 1276 1090 personis
1303 1042 1518 1089 quibussibet,
1551 1043 1653 1091 super

173 1099 389 1134 restitutione
407 1101 638 1147 prioratuum,
659 1100 904 1140 decanatuum,
934 1098 1164 1140 ecclesiarum,
1192 1100 1430 1146 grangiarum,
1451 1099 1652 1141 castrorum,

172 1156 345 1197 casalium,
382 1163 569 1198 terrarum,
608 1155 860 1204 possessionum,
895 1156 1192 1204 jurisdictionum,
1225 1156 1373 1203 jurium,
1412 1162 1446 1190 et
1480 1156 1654 1191 bonorum

173 1212 355 1248 mobilium
375 1218 409 1247 et
427 1213 669 1254 immobilium,
698 1214 899 1248 reddituum
931 1225 1071 1259 quoque
1100 1218 1135 1247 et
1163 1219 1415 1260 conventuum,
1444 1218 1479 1247 et
1505 1213 1654 1248 aliorum

173 1282 465 1316 quorumcunque
482 1270 668 1311 bonorum,
696 1283 835 1305 necnon
855 1271 897 1304 de
916 1268 1122 1315 quibussibet
1152 1268 1288 1316 injuriis
1319 1275 1354 1304 et
1386 1269 1549 1304 molestiis
1579 1283 1655 1317 pre-

175 1324 328 1360 sentibus
346 1331 381 1360 et
399 1326 524 1361 futuris
543 1327 578 1361 in
596 1326 750 1374 personis
768 1332 802 1361 et
821 1327 923 1361 rebus
942 1325 1107 1374 ipsorum,
1135 1327 1172 1360 in
1199 1327 1265 1360 illis
1284 1327 1448 1361 videlicet
1466 1340 1533 1373 que
1559 1327 1653 1375 judi-

175 1382 297 1416 cialem
315 1383 501 1429 requirunt
519 1384 730 1430 indaginem,
758 1383 956 1431 {impliciter
975 1388 1009 1417 et
1033 1383 1075 1417 de
1093 1383 1210 1429 plano,
1240 1382 1311 1418 fine
1328 1382 1471 1430 strepitu
1491 1389 1525 1418 et
1543 1384 1656 1430 figura

170 1438 305 1484 judicii,
325 1439 361 1472 in
380 1439 454 1473 aliis
466 1453 550 1474 vero
568 1446 674 1487 prout
691 1440 837 1486 qualitas
859 1452 981 1474 eorum
1001 1439 1167 1485 exegerit,
1183 1439 1314 1487 justitie
1333 1439 1629 1487 complementum
1646 1456 1654 1481 ;

177 1501 405 1542 occupatores
440 1495 498 1529 seu
533 1496 744 1537 detentores,
783 1496 1031 1536 molestatores
1070 1495 1339 1543 presumptmes,
1369 1502 1404 1531 et
1435 1496 1656 1544 injuriatores

180 1550 388 1598 hujusmodi,
417 1564 558 1586 necnon
576 1553 854 1587 contradictores
872 1551 1040 1599 quossibet
1067 1558 1101 1586 et
1121 1552 1268 1586 rebelles
1287 1552 1522 1599 cujuscunque
1540 1553 1654 1594 status,

178 1607 310 1641 ordinis
328 1607 384 1642 vel
403 1608 624 1649 conditionis,
653 1609 756 1643 etiam
784 1607 808 1642 fi
838 1607 1136 1655 archiepiscopalis
1166 1608 1223 1642 vel
1254 1608 1454 1656 episcopalis
1481 1609 1658 1656 dignitatis

178 1664 369 1705 extiterint,
398 1665 678 1711 quandocunque
699 1671 733 1699 et
751 1664 1049 1711 quotienscunque
1068 1664 1273 1712 expedierit,
1299 1666 1511 1700 auctoritate
1529 1666 1654 1707 nostra,

179 1733 241 1767 per
259 1720 438 1755 censuram
459 1720 726 1762 ecclefiasticam,
747 1721 980 1769 appellatione
998 1719 1191 1769 postposita,
1213 1721 1474 1769 compescendo,
1496 1723 1658 1757 invocato

183 1777 227 1811 ad
245 1777 322 1818 hoc,
342 1776 365 1810 fi
384 1790 471 1824 opus
489 1778 605 1817 fuerit,
638 1778 768 1812 auxilio
787 1778 918 1812 brachii
944 1777 1128 1821 secularis;
1158 1791 1230 1812 non
1249 1778 1460 1813 obstantibus
1483 1779 1590 1814 felicis
1608 1793 1660 1814 re-

181 1833 393 1867 cordationis
412 1833 590 1868 Bonefacii
616 1847 705 1881 pape
736 1835 852 1868 οᾶὶεὶνὶ
882 1832 1129 1882 predecefl'oris
1160 1834 1277 1875 nostri,
1305 1835 1342 1868 in
1372 1835 1496 1881 quibus
1514 1842 1658 1870 cavetur

180 1902 224 1923 ne
243 1889 365 1936 aliquis
384 1896 483 1924 extra
500 1889 594 1924 [iiam
613 1891 788 1925 civitatem
810 1896 845 1925 et
863 1889 1045 1930 diocesem,
1074 1889 1135 1924 nili
1161 1890 1198 1924 in
1225 1891 1327 1925 certis
1346 1892 1499 1938 exceptis
1518 1891 1656 1931 calibus,

182 1951 216 1980 et
233 1947 270 1980 in
287 1946 354 1980 illis
372 1946 465 1980 ultra
483 1959 589 1980 unam
609 1947 737 1980 dietam
757 1960 776 1980 a
794 1947 863 1981 fine
882 1946 939 1981 sue
959 1945 1111 1987 diocesis,
1141 1947 1185 1980 ad
1206 1945 1381 1993 judicium
1402 1953 1579 1988 evocetur,
1600 1948 1658 1982 seu

180 2015 224 2036 ne
249 2001 386 2049 judices
413 2008 448 2037 et
466 2002 727 2037 conservatores
757 2016 777 2036 a
804 2001 881 2037 sede
901 2003 1057 2050 deputati
1088 2003 1257 2050 prediGta‚
1291 2008 1389 2036 extra
1420 2004 1596 2038 civitatem
1625 2011 1659 2038 et

180 2057 350 2093 diocesem
368 2059 403 2093 in
422 2059 546 2104 quibus
564 2059 721 2106 deputati
739 2059 881 2099 fuerint,
902 2064 1025 2093 contra
1039 2058 1263 2104 quoscunque
1282 2059 1485 2105 procedere,
1506 2058 1573 2093 five
1591 2060 1658 2093 alio

181 2114 237 2148 vel
255 2114 329 2149 aliis
346 2115 439 2149 vices
456 2114 532 2149 suas
551 2116 781 2155 committere,
810 2121 870 2149 aut
886 2115 1021 2161 aliquos
1039 2115 1133 2148 ultra
1162 2127 1269 2148 unam
1289 2115 1417 2148 dietam
1448 2128 1468 2148 a
1498 2115 1567 2149 fine
1588 2116 1659 2150 dio-

181 2169 261 2205 cefis
278 2172 472 2206 eorundem
491 2172 629 2206 trahere
646 2171 857 2219 presumant,
885 2170 944 2206 seu
961 2171 1056 2216 quod
1083 2171 1126 2204 de
1153 2169 1227 2203 aliis
1246 2182 1349 2215 quam
1370 2171 1554 2205 manifestis
1573 2172 1660 2218 inju-

182 2227 240 2260 riis
259 2232 294 2261 et
311 2227 496 2267 violentiis,
525 2240 564 2261 ac
582 2227 656 2262 aliis
674 2241 741 2274 que
753 2227 957 2274 judicialem
976 2228 1176 2274 indaginem
1196 2227 1352 2272 exigunt,
1381 2228 1490 2274 penis,
1511 2229 1546 2262 in
1565 2242 1623 2263 eos
1638 2229 1660 2262 fi

182 2282 277 2317 secus
295 2283 441 2329 egerint,
471 2289 505 2317 et
535 2283 571 2316 in
590 2283 625 2317 id
650 2290 890 2330 procurantes,
918 2283 1073 2330 adjectis,
1103 2282 1363 2317 conservatores
1394 2283 1427 2318 ie
1458 2284 1660 2319 nullatenus

182 2339 444 2381 intromittant,
474 2344 508 2373 et
526 2344 597 2373 tam
617 2339 659 2373 de
679 2339 812 2374 duabus
830 2339 930 2373 dietis
948 2339 983 2373 in
1002 2337 1141 2372 confilio
1160 2339 1326 2384 generali,
1356 2339 1548 2375 dummodo
1572 2341 1664 2375 ultra
