1870 2683
749 252 819 287 DE
847 252 1116 287 PASSELET.
1521 226 1525 229 ⁴
1603 258 1672 293 349

192 346 327 382 Christo
346 346 458 394 'pater
489 347 668 394 Georgius
695 348 914 396 permistione
943 349 1061 384 divina
1087 349 1191 384 abbas
1225 349 1421 384 monasterii
1450 351 1492 385 de
1522 350 1667 391 Passeto,

191 402 426 438 Cluniacenfis
445 404 586 444 ordinis,
609 404 830 452 Glasguenfis
848 405 999 447 diocefis,
1027 407 1158 441 habens
1176 414 1210 442 et
1229 413 1352 442 tenens
1371 408 1406 442 in
1424 408 1490 442 suis
1508 409 1667 443 manibus

188 472 294 493 unam
313 460 466 494 litteram
485 461 744 495 exonerationis
771 467 805 496 et
832 461 1075 497 declarationis
1095 464 1300 498 venerabilis
1331 465 1366 498 in
1398 464 1534 499 Christo
1560 466 1667 512 patris

190 515 339 550 Roberti
359 515 428 549 Dei
448 521 482 550 et
499 515 683 563 apostolice
702 516 788 551 sedis
805 518 918 564 gratia
936 516 1085 565 episcopi
1098 518 1319 565 Glasguenfis
1338 532 1551 566 pergameno
1564 519 1666 566 scrip-

186 578 256 605 tam
266 570 432 616 [sub]suo
444 570 553 617 sigillo
565 573 720 606 rotundo
733 578 772 607 ut
784 579 928 620 apparet
942 574 977 607 in
992 573 1069 607 alba
1081 587 1161 608 cera
1172 575 1280 609 rubea
1292 574 1451 622 imprefl'a
1463 576 1666 610 continente

186 628 383 673 ymaginem
404 627 524 662 Sancti
545 627 756 674 Kentigerni
774 628 928 675 presulis,
949 631 1087 676 patroni
1105 629 1164 664 sue
1183 630 1321 665 ecclesie
1341 632 1547 666 cathedralis
1567 632 1667 667 Glas-

185 682 321 729 guenfis
338 683 527 723 antedicte,
555 683 682 717 factam
703 684 834 718 Abbati
862 690 897 719 et
927 686 1118 720 conventui
1146 687 1231 720 diffi
1261 687 1469 728 monasterii,
1497 701 1570 722 non
1588 701 1667 723 can-

190 739 345 773 :ellatam
363 744 425 773 aut
443 740 598 773 vitiatam
617 739 675 774 sed
693 741 789 774 omni
808 741 947 787 prorsus
966 741 1051 775 vitio
1081 747 1115 776 et
1142 741 1333 789 suspicione
1352 750 1540 784 carentem,
1561 745 1666 779 michi

185 795 323 829 notario
341 795 482 842 publico
500 795 690 843 subscripto
709 797 852 831 tradidit
869 797 1129 844 perlegenda1n‚
1159 799 1365 846 copiandam
1385 807 1419 834 et
1436 801 1472 834 in
1491 801 1664 847 publicam

185 852 333 886 formam
352 851 651 886 instrumentalem
669 865 731 899 per
749 853 893 887 modum
912 852 1131 902 tranffumpti
1144 856 1372 902 redigendam
1388 871 1398 899 3
1427 858 1664 904 cujusquidem

185 908 301 942 littere
320 914 423 942 tenor
448 906 603 953 sequitur
621 909 657 941 in
675 909 739 942 hec
758 909 873 943 verba.
927 909 1209 946 UNIVERSIS
1239 919 1356 959 pateat
1386 927 1449 960 per
1476 914 1662 960 presentes,

184 969 224 998 ut
240 976 351 1009 supra
368 965 409 998 in
426 964 543 998 eodem
558 964 667 1010 folio,
701 976 809 1010 usque
826 965 906 999 lzac.
960 966 1056 1001 Acta
1074 973 1174 1002 erant
1191 968 1256 1002 hec
1272 969 1307 1002 in
1327 968 1466 1004 ecclefia
1483 971 1663 1016 capitulari

185 1020 382 1055 monasterii
400 1020 580 1060 antedicti,
601 1021 688 1054 hora
705 1019 797 1066 quafi
815 1022 1001 1056 undecima
1018 1029 1099 1057 ante
1117 1024 1299 1059 meridiem
1317 1025 1373 1059 vel
1391 1026 1537 1066 eocirca,
1557 1039 1662 1067 anno,

185 1078 251 1116 die,
280 1074 407 1116 mense,
436 1076 631 1110 indictione
650 1082 685 1110 et
702 1077 909 1123 pontificatu
928 1078 1051 1124 quibus
1069 1079 1170 1126 supra
1186 1094 1195 1121 3
1225 1079 1439 1126 presentibus
1462 1081 1589 1116 ibidem
1608 1095 1664 1116 ve-

184 1132 395 1167 nerabilibus
426 1138 460 1166 et
492 1131 645 1166 discretis
663 1133 746 1167 viris
763 1133 927 1168 videlicet
952 1134 1085 1169 Jacobo
1105 1135 1228 1170 Schaw
1248 1136 1290 1170 de
1310 1136 1494 1184 Sawquhy‚
1524 1137 1664 1173 Thoma
1706 1177 1711 1181 ,

187 1189 334 1223 Stewart
353 1188 395 1222 de
415 1187 558 1235 MyntO,
587 1188 708 1223 Dauid
728 1188 834 1236 Blayr
853 1190 895 1224 de
917 1190 1109 1231 Adamton,
1143 1191 1250 1226 Petro
1270 1192 1380 1233 Brun,
1409 1195 1600 1240 armigeris,
1629 1202 1663 1229 et

184 1245 333 1278 dominis
352 1244 507 1278 Vilelmo
528 1244 664 1284 Portar‚
696 1244 855 1280 Roberto
876 1245 1024 1281 lWorson
1043 1248 1240 1295 capellanis,
1270 1262 1349 1283 cum
1376 1250 1494 1285 multis
1519 1251 1594 1285 aliis
1620 1252 1663 1285 ad

183 1298 341 1347 premissa
358 1300 489 1335 vocatis
508 1306 542 1334 et
560 1299 738 1346 requifitis.

281 1357 328 1390 Et
346 1370 411 1402 ego
433 1356 611 1391 Henrieus
631 1356 935 1405 Moufl'pressfiter
954 1359 1206 1395 Sanctiandree
1235 1362 1385 1403 diocefis,
1413 1364 1573 1410 publicus
1600 1366 1662 1399 im-

279 1412 400 1459 periali
419 1419 454 1447 et
472 1413 581 1459 regali
599 1413 867 1448 auetoritatibus
885 1416 1053 1456 notarius,
1082 1415 1248 1463 premiffis
1267 1419 1428 1453 omnibus
1458 1426 1492 1454 et
1522 1420 1662 1466 fingulis

280 1469 369 1516 dum
382 1468 425 1503 fic
443 1475 483 1503 ut
500 1469 717 1516 premittitur
735 1475 935 1516 agerentur,
965 1472 1166 1507 dicerentur
1184 1479 1218 1508 et
1235 1474 1372 1515 fierent,
1400 1488 1471 1509 una
1488 1489 1568 1510 cum
1586 1490 1662 1523 pre-

279 1526 467 1559 nominatis
485 1525 636 1565 testibus,
664 1526 834 1572 prefatam
862 1526 1014 1562 litteram
1033 1530 1294 1564 exonerationis
1311 1530 1511 1566 luculenter
1528 1533 1662 1579 perlegi

279 1588 313 1615 et
332 1582 367 1615 in
386 1581 537 1628 presenti
555 1582 668 1616 forma
685 1582 937 1617 instrumentali
956 1586 1091 1631 copiavi
1121 1598 1161 1620 ac
1190 1598 1297 1620 manu
1323 1599 1401 1620 mea
1427 1588 1569 1634 propria
1589 1594 1660 1622 tam

278 1637 396 1672 subtus
414 1650 518 1683 quam
536 1636 639 1684 supra
656 1637 833 1686 perscripfi
851 1644 886 1673 et
903 1640 940 1673 in
958 1640 1046 1674 hanc
1064 1641 1238 1688 publicam
1256 1642 1403 1676 formam
1418 1644 1538 1690 redegi
1552 1643 1660 1690 signo-

278 1707 344 1739 que
364 1699 398 1727 et
416 1694 558 1728 nomine
577 1694 662 1728 meis
681 1693 788 1728 solitis
807 1700 841 1729 et
860 1695 1031 1731 consuetis
1048 1695 1189 1743 fignavi,
1205 1698 1241 1732 in
1255 1698 1360 1732 fidem
1373 1704 1408 1733 et
1425 1699 1658 1735 testimonium

278 1750 433 1784 veritatis
451 1750 607 1784 omnium
627 1756 662 1784 et
679 1750 894 1797 singulorum
912 1751 1166 1798 premifforum,
1194 1759 1337 1800 rogatus
1355 1760 1390 1788 et
1408 1755 1598 1802 requisitus.

1282 1810 1460 1845 Henricus
1479 1811 1522 1845 M
1525 1811 1609 1847 ouff.

182 1936 418 1971 Renunciatio
436 1935 570 1970 subfidii
592 1937 740 1971 Roberti
760 1936 909 1984 episcopi
928 1938 1160 1985 Glasguenfis.

181 2032 236 2066 IN
274 2032 366 2066 DEI
404 2032 619 2067 NOMINE
660 2034 789 2067 Amen.
860 2033 928 2067 Per
962 2035 1028 2069 hoc
1062 2035 1202 2082 presens
1232 2037 1411 2083 publicum
1453 2037 1661 2073 instrumen-

179 2094 255 2121 tum
275 2088 410 2122 cunc‘cis
427 2093 544 2134 pateat
563 2088 745 2122 evidenter
763 2094 797 2122 et
815 2087 853 2122 fit
872 2095 995 2124 notum
1016 2092 1110 2136 quod
1136 2104 1229 2125 anno
1258 2092 1300 2125 ab
1328 2094 1567 2128 incarnatione
1587 2094 1662 2129 Do-

179 2144 264 2177 mini
284 2148 327 2177 ΜΟ
346 2148 453 2177 cccc⁰
471 2144 569 2177 lxxx⁰
586 2144 647 2177 vii⁰
665 2144 720 2178 die
734 2157 819 2178 vero
832 2145 929 2179 xxiiii
943 2145 1065 2180 menfis
1078 2146 1301 2193 Septembris,
1318 2148 1511 2183 indictione
1525 2151 1656 2195 quinta,

179 2199 403 2246 pontificatus
421 2198 618 2234 sanctissimi
636 2200 673 2233 in
693 2199 828 2234 Christo
847 2201 954 2248 patris
971 2214 1011 2235 ac
1030 2202 1163 2235 domini
1182 2202 1315 2237 domini
1334 2203 1438 2238 nostri
1458 2204 1658 2248 Innocentii

180 2256 297 2289 divina
314 2255 536 2302 providentia
553 2268 641 2302 pape
660 2256 777 2290 oetavi
795 2268 889 2290 anno
908 2263 1044 2303 quarto,
1069 2259 1105 2292 in
1122 2259 1319 2294 nostrorum
1338 2262 1556 2296 notariorum
1574 2264 1659 2310 pub-

180 2315 327 2348 licorum
347 2316 381 2346 et
399 2311 536 2347 testium
563 2311 831 2359 subscriptorum
863 2313 1035 2359 presentia
1066 2314 1294 2362 personaliter
1322 2317 1526 2353 constitutus
1545 2332 1659 2354 rever-
