<?xml version="1.0" encoding="UTF-8"?>
<!DOCTYPE html PUBLIC "-//W3C//DTD XHTML 1.0 Transitional//EN"
    "http://www.w3.org/TR/xhtml1/DTD/xhtml1-transitional.dtd">
<html xmlns="http://www.w3.org/1999/xhtml" xml:lang="en" lang="en">
 <head>
  <title>
</title>
<meta http-equiv="Content-Type" content="text/html;charset=utf-8" />
  <meta name='ocr-system' content='tesseract 3.04.00' />
  <meta name='ocr-capabilities' content='ocr_page ocr_carea ocr_par ocr_line ocrx_word'/>
</head>
<body>
  <div class='ocr_page' id='page_1' title='image "./registrummonaste00mait_0400.png"; bbox 0 0 1870 2683; ppageno 0'>
   <div class='ocr_carea' id='block_1_1' title="bbox 205 291 1294 333">
    <p class='ocr_par' dir='ltr' id='par_1_1' title="bbox 205 291 1294 333">
     <span class='ocr_line' id='line_1_1' title="bbox 205 291 1294 333; baseline -0.006 0"><span class='ocrx_word' id='word_1_1' title='bbox 205 301 276 333; x_wconf 69' lang='lat'>340</span> <span class='ocrx_word' id='word_1_2' title='bbox 611 291 926 328; x_wconf 88' lang='lat' dir='ltr'>REGISTRUM</span> <span class='ocrx_word' id='word_1_3' title='bbox 956 291 1294 327; x_wconf 86' lang='lat' dir='ltr'><strong>MONASTERII</strong></span> 
     </span>
    </p>
   </div>
   <div class='ocr_carea' id='block_1_2' title="bbox 207 445 694 493">
    <p class='ocr_par' dir='ltr' id='par_1_2' title="bbox 207 445 694 493">
     <span class='ocr_line' id='line_1_2' title="bbox 207 445 694 493; baseline -0.014 -8"><span class='ocrx_word' id='word_1_4' title='bbox 207 450 479 485; x_wconf 87' lang='lat' dir='ltr'>Instrumentum</span> <span class='ocrx_word' id='word_1_5' title='bbox 499 445 694 493; x_wconf 85' lang='lat' dir='ltr'>septimum.</span> 
     </span>
    </p>
   </div>
   <div class='ocr_carea' id='block_1_3' title="bbox 202 556 1684 2294">
    <p class='ocr_par' dir='ltr' id='par_1_3' title="bbox 202 556 1684 2294">
     <span class='ocr_line' id='line_1_3' title="bbox 208 556 1680 604; baseline -0.002 -8"><span class='ocrx_word' id='word_1_6' title='bbox 208 561 265 596; x_wconf 92' lang='lat' dir='ltr'>IN</span> <span class='ocrx_word' id='word_1_7' title='bbox 284 559 499 595; x_wconf 85' lang='lat' dir='ltr'>NOMINE</span> <span class='ocrx_word' id='word_1_8' title='bbox 519 557 724 593; x_wconf 92' lang='lat' dir='ltr'>DOMINI</span> <span class='ocrx_word' id='word_1_9' title='bbox 744 557 874 592; x_wconf 90' lang='lat' dir='ltr'>Amen.</span> <span class='ocrx_word' id='word_1_10' title='bbox 912 557 1022 591; x_wconf 91' lang='lat' dir='ltr'>Anno</span> <span class='ocrx_word' id='word_1_11' title='bbox 1036 557 1148 604; x_wconf 84' lang='lat' dir='ltr'>gratie</span> <span class='ocrx_word' id='word_1_12' title='bbox 1164 561 1208 591; x_wconf 72' lang='grc' dir='ltr'>Μο</span> <span class='ocrx_word' id='word_1_13' title='bbox 1220 562 1303 592; x_wconf 87' lang='lat' dir='ltr'>ccc⁰</span> <span class='ocrx_word' id='word_1_14' title='bbox 1315 556 1527 603; x_wconf 59' lang='lat' dir='ltr'>octogesimo</span> <span class='ocrx_word' id='word_1_15' title='bbox 1542 556 1680 598; x_wconf 73' lang='grc' dir='ltr'><strong>061ον0,</strong></span> 
     </span>
     <span class='ocr_line' id='line_1_4' title="bbox 203 613 1684 660; baseline -0.002 -9"><span class='ocrx_word' id='word_1_16' title='bbox 203 617 398 651; x_wconf 63' lang='lat' dir='ltr'>indictione</span> <span class='ocrx_word' id='word_1_17' title='bbox 417 615 614 655; x_wconf 84' lang='lat' dir='ltr'>undecima,</span> <span class='ocrx_word' id='word_1_18' title='bbox 643 614 699 648; x_wconf 89' lang='lat' dir='ltr'>die</span> <span class='ocrx_word' id='word_1_19' title='bbox 732 613 867 648; x_wconf 88' lang='lat' dir='ltr'>decimo</span> <span class='ocrx_word' id='word_1_20' title='bbox 886 625 982 647; x_wconf 89' lang='lat' dir='ltr'>nono</span> <span class='ocrx_word' id='word_1_21' title='bbox 1001 613 1123 648; x_wconf 84' lang='lat' dir='ltr'>menfiS</span> <span class='ocrx_word' id='word_1_22' title='bbox 1142 613 1322 654; x_wconf 67' lang='lat' dir='ltr'>Oetobris,</span> <span class='ocrx_word' id='word_1_23' title='bbox 1351 613 1574 660; x_wconf 88' lang='lat' dir='ltr'>pontificatus</span> <span class='ocrx_word' id='word_1_24' title='bbox 1591 613 1684 648; x_wconf 84' lang='lat' dir='ltr'>sanc-</span> 
     </span>
     <span class='ocr_line' id='line_1_5' title="bbox 204 668 1684 718; baseline -0.001 -12"><span class='ocrx_word' id='word_1_25' title='bbox 204 672 317 706; x_wconf 82' lang='lat' dir='ltr'>tiffimi</span> <span class='ocrx_word' id='word_1_26' title='bbox 335 673 371 706; x_wconf 89' lang='lat' dir='ltr'>in</span> <span class='ocrx_word' id='word_1_27' title='bbox 390 671 527 706; x_wconf 88' lang='lat' dir='ltr'>Christo</span> <span class='ocrx_word' id='word_1_28' title='bbox 545 670 652 718; x_wconf 88' lang='lat' dir='ltr'>patris</span> <span class='ocrx_word' id='word_1_29' title='bbox 669 675 703 704; x_wconf 90' lang='lat' dir='ltr'>et</span> <span class='ocrx_word' id='word_1_30' title='bbox 722 669 853 704; x_wconf 91' lang='lat' dir='ltr'>domini</span> <span class='ocrx_word' id='word_1_31' title='bbox 872 668 979 703; x_wconf 81' lang='lat' dir='ltr'>nostri</span> <span class='ocrx_word' id='word_1_32' title='bbox 998 669 1131 704; x_wconf 89' lang='lat' dir='ltr'>domini</span> <span class='ocrx_word' id='word_1_33' title='bbox 1151 669 1345 705; x_wconf 87' lang='lat' dir='ltr'>Clementis</span> <span class='ocrx_word' id='word_1_34' title='bbox 1363 670 1481 704; x_wconf 89' lang='lat' dir='ltr'>divina</span> <span class='ocrx_word' id='word_1_35' title='bbox 1497 670 1684 717; x_wconf 89' lang='lat' dir='ltr'>providen-</span> 
     </span>
     <span class='ocr_line' id='line_1_6' title="bbox 204 726 1683 776; baseline 0 -13"><span class='ocrx_word' id='word_1_36' title='bbox 204 730 252 763; x_wconf 83' lang='lat' dir='ltr'>tia</span> <span class='ocrx_word' id='word_1_37' title='bbox 269 742 357 776; x_wconf 86' lang='lat' dir='ltr'>pape</span> <span class='ocrx_word' id='word_1_38' title='bbox 375 728 509 775; x_wconf 85' lang='lat' dir='ltr'>septimi</span> <span class='ocrx_word' id='word_1_39' title='bbox 528 740 620 761; x_wconf 85' lang='lat' dir='ltr'>anno</span> <span class='ocrx_word' id='word_1_40' title='bbox 640 726 786 767; x_wconf 89' lang='lat' dir='ltr'>decimo,</span> <span class='ocrx_word' id='word_1_41' title='bbox 816 727 851 760; x_wconf 89' lang='lat' dir='ltr'>in</span> <span class='ocrx_word' id='word_1_42' title='bbox 869 726 937 760; x_wconf 89' lang='lat' dir='ltr'>mei</span> <span class='ocrx_word' id='word_1_43' title='bbox 956 727 1083 761; x_wconf 89' lang='lat' dir='ltr'>notarii</span> <span class='ocrx_word' id='word_1_44' title='bbox 1101 727 1231 775; x_wconf 85' lang='lat' dir='ltr'>publici</span> <span class='ocrx_word' id='word_1_45' title='bbox 1263 732 1297 762; x_wconf 88' lang='lat' dir='ltr'>et</span> <span class='ocrx_word' id='word_1_46' title='bbox 1325 727 1460 762; x_wconf 86' lang='lat' dir='ltr'>testium</span> <span class='ocrx_word' id='word_1_47' title='bbox 1478 727 1683 776; x_wconf 78' lang='lat' dir='ltr'>sublcripto-</span> 
     </span>
     <span class='ocr_line' id='line_1_7' title="bbox 204 783 1683 832; baseline 0 -13"><span class='ocrx_word' id='word_1_48' title='bbox 204 798 281 819; x_wconf 88' lang='lat' dir='ltr'>rum</span> <span class='ocrx_word' id='word_1_49' title='bbox 301 784 472 832; x_wconf 81' lang='lat' dir='ltr'>presentia</span> <span class='ocrx_word' id='word_1_50' title='bbox 489 784 668 830; x_wconf 84' lang='lat' dir='ltr'>religiosus</span> <span class='ocrx_word' id='word_1_51' title='bbox 686 783 740 817; x_wconf 90' lang='lat' dir='ltr'>vir</span> <span class='ocrx_word' id='word_1_52' title='bbox 758 783 921 817; x_wconf 87' lang='lat' dir='ltr'>dominus</span> <span class='ocrx_word' id='word_1_53' title='bbox 942 783 1078 818; x_wconf 83' lang='lat' dir='ltr'>Alanus</span> <span class='ocrx_word' id='word_1_54' title='bbox 1107 784 1149 818; x_wconf 91' lang='lat' dir='ltr'>de</span> <span class='ocrx_word' id='word_1_55' title='bbox 1179 783 1323 819; x_wconf 87' lang='lat' dir='ltr'>Cowale</span> <span class='ocrx_word' id='word_1_56' title='bbox 1342 784 1534 818; x_wconf 89' lang='lat' dir='ltr'>monachus</span> <span class='ocrx_word' id='word_1_57' title='bbox 1552 790 1587 819; x_wconf 90' lang='lat' dir='ltr'>et</span> <span class='ocrx_word' id='word_1_58' title='bbox 1603 797 1683 832; x_wconf 88' lang='lat' dir='ltr'>pro-</span> 
     </span>
     <span class='ocr_line' id='line_1_8' title="bbox 205 839 1681 886; baseline -0.001 -11"><span class='ocrx_word' id='word_1_59' title='bbox 205 848 344 876; x_wconf 65' lang='lat' dir='ltr'>curator</span> <span class='ocrx_word' id='word_1_60' title='bbox 363 839 559 875; x_wconf 89' lang='lat' dir='ltr'>monasterii</span> <span class='ocrx_word' id='word_1_61' title='bbox 591 840 633 874; x_wconf 92' lang='lat' dir='ltr'>de</span> <span class='ocrx_word' id='word_1_62' title='bbox 666 839 810 880; x_wconf 85' lang='lat' dir='ltr'>Passeto,</span> <span class='ocrx_word' id='word_1_63' title='bbox 844 840 976 874; x_wconf 80' lang='lat' dir='ltr'>ordinis</span> <span class='ocrx_word' id='word_1_64' title='bbox 1003 839 1249 881; x_wconf 84' lang='lat' dir='ltr'>Cluniacenfis,</span> <span class='ocrx_word' id='word_1_65' title='bbox 1278 839 1501 886; x_wconf 83' lang='lat' dir='ltr'>Glasguenfis</span> <span class='ocrx_word' id='word_1_66' title='bbox 1530 839 1681 881; x_wconf 87' lang='lat' dir='ltr'>diocefis,</span> 
     </span>
     <span class='ocr_line' id='line_1_9' title="bbox 204 894 1680 945; baseline -0.001 -13"><span class='ocrx_word' id='word_1_67' title='bbox 204 899 295 945; x_wconf 81' lang='lat' dir='ltr'>apud</span> <span class='ocrx_word' id='word_1_68' title='bbox 315 896 488 932; x_wconf 84' lang='lat' dir='ltr'>ecclefiam</span> <span class='ocrx_word' id='word_1_69' title='bbox 508 896 743 931; x_wconf 81' lang='lat' dir='ltr'>cathedralem</span> <span class='ocrx_word' id='word_1_70' title='bbox 773 894 1023 942; x_wconf 85' lang='lat' dir='ltr'>Glasguensem</span> <span class='ocrx_word' id='word_1_71' title='bbox 1052 901 1133 931; x_wconf 91' lang='lat' dir='ltr'>ante</span> <span class='ocrx_word' id='word_1_72' title='bbox 1161 897 1397 944; x_wconf 84' lang='lat' dir='ltr'>inceptionem</span> <span class='ocrx_word' id='word_1_73' title='bbox 1416 896 1556 944; x_wconf 88' lang='lat' dir='ltr'>majoris</span> <span class='ocrx_word' id='word_1_74' title='bbox 1574 895 1680 937; x_wconf 84' lang='lat' dir='ltr'>miffe,</span> 
     </span>
     <span class='ocr_line' id='line_1_10' title="bbox 204 951 1682 1001; baseline -0.001 -13"><span class='ocrx_word' id='word_1_75' title='bbox 204 954 410 1001; x_wconf 82' lang='lat' dir='ltr'>comparuit,</span> <span class='ocrx_word' id='word_1_76' title='bbox 431 960 465 988; x_wconf 92' lang='lat' dir='ltr'>et</span> <span class='ocrx_word' id='word_1_77' title='bbox 483 966 547 1000; x_wconf 90' lang='lat' dir='ltr'>pro</span> <span class='ocrx_word' id='word_1_78' title='bbox 566 953 709 987; x_wconf 89' lang='lat' dir='ltr'>domino</span> <span class='ocrx_word' id='word_1_79' title='bbox 725 952 883 987; x_wconf 73' lang='lat' dir='ltr'>VValtero</span> <span class='ocrx_word' id='word_1_80' title='bbox 903 953 945 986; x_wconf 87' lang='lat' dir='ltr'>de</span> <span class='ocrx_word' id='word_1_81' title='bbox 965 952 1083 987; x_wconf 87' lang='lat' dir='ltr'>Roule</span> <span class='ocrx_word' id='word_1_82' title='bbox 1101 953 1241 987; x_wconf 66' lang='lat' dir='ltr'>rectore</span> <span class='ocrx_word' id='word_1_83' title='bbox 1260 951 1397 987; x_wconf 80' lang='lat' dir='ltr'>ecclesie</span> <span class='ocrx_word' id='word_1_84' title='bbox 1418 953 1460 987; x_wconf 88' lang='lat' dir='ltr'>de</span> <span class='ocrx_word' id='word_1_85' title='bbox 1481 953 1515 987; x_wconf 89' lang='lat' dir='ltr'>T</span> <span class='ocrx_word' id='word_1_86' title='bbox 1517 953 1682 988; x_wconf 88' lang='lat' dir='ltr'>orbolton</span> 
     </span>
     <span class='ocr_line' id='line_1_11' title="bbox 204 1006 1681 1057; baseline -0.001 -13"><span class='ocrx_word' id='word_1_87' title='bbox 204 1010 315 1057; x_wconf 87' lang='lat' dir='ltr'>petiit,</span> <span class='ocrx_word' id='word_1_88' title='bbox 344 1015 378 1044; x_wconf 91' lang='lat' dir='ltr'>et</span> <span class='ocrx_word' id='word_1_89' title='bbox 396 1009 465 1057; x_wconf 83' lang='lat' dir='ltr'>ipsa</span> <span class='ocrx_word' id='word_1_90' title='bbox 483 1007 578 1043; x_wconf 85' lang='lat' dir='ltr'>missa</span> <span class='ocrx_word' id='word_1_91' title='bbox 595 1009 719 1056; x_wconf 89' lang='lat' dir='ltr'>majori</span> <span class='ocrx_word' id='word_1_92' title='bbox 738 1008 922 1049; x_wconf 88' lang='lat' dir='ltr'>celebrata,</span> <span class='ocrx_word' id='word_1_93' title='bbox 952 1009 1173 1055; x_wconf 77' lang='lat' dir='ltr'>congregatis</span> <span class='ocrx_word' id='word_1_94' title='bbox 1203 1008 1342 1043; x_wconf 72' lang='lat' dir='ltr'>testibus</span> <span class='ocrx_word' id='word_1_95' title='bbox 1372 1008 1577 1056; x_wconf 85' lang='lat' dir='ltr'>subscriptis,</span> <span class='ocrx_word' id='word_1_96' title='bbox 1600 1006 1681 1043; x_wconf 84' lang='lat' dir='ltr'>affe-</span> 
     </span>
     <span class='ocr_line' id='line_1_12' title="bbox 204 1062 1679 1112; baseline -0.001 -11"><span class='ocrx_word' id='word_1_97' title='bbox 204 1068 274 1101; x_wconf 86' lang='lat' dir='ltr'>ruit</span> <span class='ocrx_word' id='word_1_98' title='bbox 293 1066 325 1101; x_wconf 86' lang='lat' dir='ltr'>se</span> <span class='ocrx_word' id='word_1_99' title='bbox 344 1066 476 1100; x_wconf 70' lang='grc'><strong>(11610111</strong></span> <span class='ocrx_word' id='word_1_100' title='bbox 498 1066 678 1100; x_wconf 88' lang='lat' dir='ltr'>dominum</span> <span class='ocrx_word' id='word_1_101' title='bbox 700 1064 894 1099; x_wconf 73' lang='lat' dir='ltr'>VValterum</span> <span class='ocrx_word' id='word_1_102' title='bbox 914 1077 986 1099; x_wconf 89' lang='lat' dir='ltr'>non</span> <span class='ocrx_word' id='word_1_103' title='bbox 1003 1062 1097 1112; x_wconf 82' lang='lat' dir='ltr'>poffe</span> <span class='ocrx_word' id='word_1_104' title='bbox 1111 1065 1270 1099; x_wconf 86' lang='lat' dir='ltr'>invenire</span> <span class='ocrx_word' id='word_1_105' title='bbox 1281 1077 1346 1099; x_wconf 92' lang='grc'>000</span> <span class='ocrx_word' id='word_1_106' title='bbox 1360 1064 1461 1112; x_wconf 80' lang='lat' dir='ltr'>ipsius</span> <span class='ocrx_word' id='word_1_107' title='bbox 1472 1064 1679 1112; x_wconf 84' lang='lat' dir='ltr'>presentiam</span> 
     </span>
     <span class='ocr_line' id='line_1_13' title="bbox 204 1119 1680 1168; baseline -0.001 -12"><span class='ocrx_word' id='word_1_108' title='bbox 204 1122 343 1162; x_wconf 87' lang='lat' dir='ltr'>habere,</span> <span class='ocrx_word' id='word_1_109' title='bbox 364 1122 609 1156; x_wconf 80' lang='lat' dir='ltr'>nichilominus</span> <span class='ocrx_word' id='word_1_110' title='bbox 626 1121 727 1168; x_wconf 87' lang='lat' dir='ltr'>petiit</span> <span class='ocrx_word' id='word_1_111' title='bbox 745 1120 910 1155; x_wconf 74' lang='lat' dir='ltr'>instanter</span> <span class='ocrx_word' id='word_1_112' title='bbox 927 1120 951 1154; x_wconf 92' lang='grc'>11</span> <span class='ocrx_word' id='word_1_113' title='bbox 968 1126 1053 1155; x_wconf 90' lang='lat' dir='ltr'>tunc</span> <span class='ocrx_word' id='word_1_114' title='bbox 1072 1119 1154 1155; x_wconf 86' lang='lat' dir='ltr'>effet</span> <span class='ocrx_word' id='word_1_115' title='bbox 1172 1121 1294 1167; x_wconf 88' lang='lat' dir='ltr'>aliquis</span> <span class='ocrx_word' id='word_1_116' title='bbox 1316 1120 1454 1168; x_wconf 83' lang='lat' dir='ltr'>presens</span> <span class='ocrx_word' id='word_1_117' title='bbox 1471 1120 1602 1155; x_wconf 89' lang='lat' dir='ltr'>habens</span> <span class='ocrx_word' id='word_1_118' title='bbox 1620 1134 1680 1168; x_wconf 91' lang='lat' dir='ltr'>po-</span> 
     </span>
     <span class='ocr_line' id='line_1_14' title="bbox 204 1176 1680 1225; baseline -0.001 -12"><span class='ocrx_word' id='word_1_119' title='bbox 204 1179 360 1213; x_wconf 77' lang='lat' dir='ltr'>testatem</span> <span class='ocrx_word' id='word_1_120' title='bbox 378 1177 436 1212; x_wconf 83' lang='lat' dir='ltr'>fibi</span> <span class='ocrx_word' id='word_1_121' title='bbox 455 1179 560 1212; x_wconf 87' lang='lat' dir='ltr'>dandi</span> <span class='ocrx_word' id='word_1_122' title='bbox 578 1177 749 1225; x_wconf 85' lang='lat' dir='ltr'>apostolos</span> <span class='ocrx_word' id='word_1_123' title='bbox 767 1177 810 1211; x_wconf 84' lang='lat' dir='ltr'>ad</span> <span class='ocrx_word' id='word_1_124' title='bbox 829 1177 1003 1224; x_wconf 88' lang='lat' dir='ltr'>quandam</span> <span class='ocrx_word' id='word_1_125' title='bbox 1033 1176 1304 1224; x_wconf 82' lang='lat' dir='ltr'>appellationem</span> <span class='ocrx_word' id='word_1_126' title='bbox 1335 1190 1355 1211; x_wconf 90' lang='lat' dir='ltr'>a</span> <span class='ocrx_word' id='word_1_127' title='bbox 1382 1177 1517 1224; x_wconf 88' lang='lat' dir='ltr'>prefato</span> <span class='ocrx_word' id='word_1_128' title='bbox 1537 1178 1680 1211; x_wconf 91' lang='lat' dir='ltr'>domino</span> 
     </span>
     <span class='ocr_line' id='line_1_15' title="bbox 205 1232 1675 1281; baseline -0.001 -12"><span class='ocrx_word' id='word_1_129' title='bbox 205 1235 362 1269; x_wconf 81' lang='lat' dir='ltr'>Waltero</span> <span class='ocrx_word' id='word_1_130' title='bbox 382 1240 416 1269; x_wconf 86' lang='lat' dir='ltr'>et</span> <span class='ocrx_word' id='word_1_131' title='bbox 435 1235 508 1281; x_wconf 83' lang='lat' dir='ltr'>ejus</span> <span class='ocrx_word' id='word_1_132' title='bbox 526 1233 735 1281; x_wconf 86' lang='lat' dir='ltr'>processibus</span> <span class='ocrx_word' id='word_1_133' title='bbox 761 1233 843 1267; x_wconf 87' lang='lat' dir='ltr'>alias</span> <span class='ocrx_word' id='word_1_134' title='bbox 873 1232 1122 1280; x_wconf 78' lang='lat' dir='ltr'>interpositam,</span> <span class='ocrx_word' id='word_1_135' title='bbox 1156 1238 1190 1267; x_wconf 88' lang='lat' dir='ltr'>et</span> <span class='ocrx_word' id='word_1_136' title='bbox 1216 1233 1296 1279; x_wconf 90' lang='lat' dir='ltr'>quia</span> <span class='ocrx_word' id='word_1_137' title='bbox 1313 1232 1420 1267; x_wconf 90' lang='lat' dir='ltr'>talem</span> <span class='ocrx_word' id='word_1_138' title='bbox 1437 1245 1510 1267; x_wconf 88' lang='lat' dir='ltr'>non</span> <span class='ocrx_word' id='word_1_139' title='bbox 1529 1234 1675 1275; x_wconf 86' lang='lat' dir='ltr'>invenit,</span> 
     </span>
     <span class='ocr_line' id='line_1_16' title="bbox 204 1288 1680 1339; baseline -0.001 -14"><span class='ocrx_word' id='word_1_140' title='bbox 204 1292 313 1339; x_wconf 83' lang='lat' dir='ltr'>ipsum</span> <span class='ocrx_word' id='word_1_141' title='bbox 328 1292 509 1326; x_wconf 88' lang='lat' dir='ltr'>dominum</span> <span class='ocrx_word' id='word_1_142' title='bbox 527 1291 721 1325; x_wconf 61' lang='lat' dir='ltr'>Vl&#39;alterum</span> <span class='ocrx_word' id='word_1_143' title='bbox 737 1289 844 1336; x_wconf 87' lang='lat' dir='ltr'>usque</span> <span class='ocrx_word' id='word_1_144' title='bbox 858 1290 902 1324; x_wconf 89' lang='lat' dir='ltr'>ad</span> <span class='ocrx_word' id='word_1_145' title='bbox 916 1288 1146 1337; x_wconf 85' lang='lat' dir='ltr'>pulsationem</span> <span class='ocrx_word' id='word_1_146' title='bbox 1161 1289 1247 1323; x_wconf 89' lang='lat' dir='ltr'>hore</span> <span class='ocrx_word' id='word_1_147' title='bbox 1266 1301 1360 1323; x_wconf 88' lang='lat' dir='ltr'>none</span> <span class='ocrx_word' id='word_1_148' title='bbox 1379 1289 1414 1323; x_wconf 91' lang='lat' dir='ltr'>in</span> <span class='ocrx_word' id='word_1_149' title='bbox 1430 1289 1524 1324; x_wconf 67' lang='lat' dir='ltr'>dieta</span> <span class='ocrx_word' id='word_1_150' title='bbox 1542 1289 1680 1324; x_wconf 83' lang='lat' dir='ltr'>ecclelia</span> 
     </span>
     <span class='ocr_line' id='line_1_17' title="bbox 205 1344 1682 1395; baseline -0.001 -13"><span class='ocrx_word' id='word_1_151' title='bbox 205 1348 414 1395; x_wconf 62' lang='lat' dir='ltr'>expectavit,</span> <span class='ocrx_word' id='word_1_152' title='bbox 444 1353 478 1381; x_wconf 88' lang='lat' dir='ltr'>et</span> <span class='ocrx_word' id='word_1_153' title='bbox 496 1346 654 1394; x_wconf 85' lang='lat' dir='ltr'>pulsante</span> <span class='ocrx_word' id='word_1_154' title='bbox 673 1358 840 1393; x_wconf 86' lang='lat' dir='ltr'>campana</span> <span class='ocrx_word' id='word_1_155' title='bbox 858 1359 937 1380; x_wconf 86' lang='lat' dir='ltr'>cum</span> <span class='ocrx_word' id='word_1_156' title='bbox 956 1344 1082 1380; x_wconf 89' lang='lat' dir='ltr'>eisdem</span> <span class='ocrx_word' id='word_1_157' title='bbox 1101 1345 1241 1379; x_wconf 87' lang='lat' dir='ltr'>testibus</span> <span class='ocrx_word' id='word_1_158' title='bbox 1259 1345 1302 1379; x_wconf 88' lang='lat' dir='ltr'>ad</span> <span class='ocrx_word' id='word_1_159' title='bbox 1319 1345 1437 1380; x_wconf 87' lang='lat' dir='ltr'>locum</span> <span class='ocrx_word' id='word_1_160' title='bbox 1461 1346 1682 1380; x_wconf 82' lang='lat' dir='ltr'>habitationis</span> 
     </span>
     <span class='ocr_line' id='line_1_18' title="bbox 205 1400 1681 1450; baseline -0.001 -12"><span class='ocrx_word' id='word_1_161' title='bbox 205 1405 289 1438; x_wconf 62' lang='grc'><strong>111011</strong></span> <span class='ocrx_word' id='word_1_162' title='bbox 309 1404 441 1439; x_wconf 85' lang='lat' dir='ltr'>domiui</span> <span class='ocrx_word' id='word_1_163' title='bbox 461 1403 609 1438; x_wconf 85' lang='lat' dir='ltr'>Walteri</span> <span class='ocrx_word' id='word_1_164' title='bbox 637 1403 793 1450; x_wconf 85' lang='lat' dir='ltr'>prefatus</span> <span class='ocrx_word' id='word_1_165' title='bbox 822 1402 984 1436; x_wconf 91' lang='lat' dir='ltr'>dominus</span> <span class='ocrx_word' id='word_1_166' title='bbox 1017 1401 1154 1436; x_wconf 83' lang='lat' dir='ltr'>Alanus</span> <span class='ocrx_word' id='word_1_167' title='bbox 1182 1400 1316 1436; x_wconf 83' lang='lat' dir='ltr'>acceffit</span> <span class='ocrx_word' id='word_1_168' title='bbox 1347 1407 1382 1436; x_wconf 86' lang='lat' dir='ltr'>et</span> <span class='ocrx_word' id='word_1_169' title='bbox 1409 1402 1537 1436; x_wconf 90' lang='lat' dir='ltr'>ibidem</span> <span class='ocrx_word' id='word_1_170' title='bbox 1569 1403 1681 1438; x_wconf 70' lang='grc'><strong>1116100</strong></span> 
     </span>
     <span class='ocr_line' id='line_1_19' title="bbox 204 1457 1680 1507; baseline -0.002 -12"><span class='ocrx_word' id='word_1_171' title='bbox 204 1460 375 1507; x_wconf 82' lang='lat' dir='ltr'>apostolos</span> <span class='ocrx_word' id='word_1_172' title='bbox 402 1473 479 1495; x_wconf 87' lang='grc'><strong>011111</strong></span> <span class='ocrx_word' id='word_1_173' title='bbox 510 1459 626 1494; x_wconf 88' lang='lat' dir='ltr'>debita</span> <span class='ocrx_word' id='word_1_174' title='bbox 643 1459 804 1493; x_wconf 88' lang='lat' dir='ltr'>instantia</span> <span class='ocrx_word' id='word_1_175' title='bbox 829 1459 940 1506; x_wconf 87' lang='lat' dir='ltr'>petiit,</span> <span class='ocrx_word' id='word_1_176' title='bbox 972 1458 1030 1492; x_wconf 90' lang='lat' dir='ltr'>sed</span> <span class='ocrx_word' id='word_1_177' title='bbox 1059 1458 1235 1492; x_wconf 89' lang='lat' dir='ltr'>neminem</span> <span class='ocrx_word' id='word_1_178' title='bbox 1255 1458 1388 1492; x_wconf 87' lang='lat' dir='ltr'>invenit</span> <span class='ocrx_word' id='word_1_179' title='bbox 1420 1459 1478 1504; x_wconf 89' lang='lat' dir='ltr'>qui</span> <span class='ocrx_word' id='word_1_180' title='bbox 1509 1458 1598 1505; x_wconf 86' lang='lat' dir='ltr'>ipsos</span> <span class='ocrx_word' id='word_1_181' title='bbox 1623 1457 1680 1492; x_wconf 88' lang='lat' dir='ltr'>fibi</span> 
     </span>
     <span class='ocr_line' id='line_1_20' title="bbox 205 1512 1683 1562; baseline -0.002 -11"><span class='ocrx_word' id='word_1_182' title='bbox 205 1517 287 1551; x_wconf 85' lang='lat' dir='ltr'>dare</span> <span class='ocrx_word' id='word_1_183' title='bbox 307 1517 429 1551; x_wconf 86' lang='lat' dir='ltr'>voluit.</span> <span class='ocrx_word' id='word_1_184' title='bbox 483 1516 529 1550; x_wconf 84' lang='lat' dir='ltr'>Et</span> <span class='ocrx_word' id='word_1_185' title='bbox 547 1515 648 1562; x_wconf 90' lang='lat' dir='ltr'>super</span> <span class='ocrx_word' id='word_1_186' title='bbox 666 1512 832 1562; x_wconf 83' lang='lat' dir='ltr'>premiffis</span> <span class='ocrx_word' id='word_1_187' title='bbox 850 1514 949 1561; x_wconf 91' lang='lat' dir='ltr'>petiit</span> <span class='ocrx_word' id='word_1_188' title='bbox 966 1514 1058 1548; x_wconf 90' lang='lat' dir='ltr'>idem</span> <span class='ocrx_word' id='word_1_189' title='bbox 1078 1514 1240 1547; x_wconf 88' lang='lat' dir='ltr'>dominus</span> <span class='ocrx_word' id='word_1_190' title='bbox 1260 1513 1397 1548; x_wconf 88' lang='lat' dir='ltr'>Alanus</span> <span class='ocrx_word' id='word_1_191' title='bbox 1423 1527 1485 1561; x_wconf 90' lang='lat' dir='ltr'>per</span> <span class='ocrx_word' id='word_1_192' title='bbox 1511 1527 1566 1549; x_wconf 90' lang='lat' dir='ltr'>me</span> <span class='ocrx_word' id='word_1_193' title='bbox 1584 1520 1683 1548; x_wconf 86' lang='lat' dir='ltr'>nota-</span> 
     </span>
     <span class='ocr_line' id='line_1_21' title="bbox 204 1569 1682 1620; baseline -0.001 -13"><span class='ocrx_word' id='word_1_194' title='bbox 204 1573 294 1607; x_wconf 89' lang='lat' dir='ltr'>rium</span> <span class='ocrx_word' id='word_1_195' title='bbox 313 1572 537 1620; x_wconf 83' lang='lat' dir='ltr'>subscriptum</span> <span class='ocrx_word' id='word_1_196' title='bbox 558 1571 616 1605; x_wconf 87' lang='lat' dir='ltr'>fibi</span> <span class='ocrx_word' id='word_1_197' title='bbox 635 1571 807 1605; x_wconf 88' lang='lat' dir='ltr'>conficere</span> <span class='ocrx_word' id='word_1_198' title='bbox 821 1570 998 1618; x_wconf 88' lang='lat' dir='ltr'>publicum</span> <span class='ocrx_word' id='word_1_199' title='bbox 1012 1569 1292 1604; x_wconf 83' lang='lat' dir='ltr'>instrumentum.</span> <span class='ocrx_word' id='word_1_200' title='bbox 1345 1570 1440 1604; x_wconf 70' lang='lat' dir='ltr'>Aeta</span> <span class='ocrx_word' id='word_1_201' title='bbox 1457 1570 1600 1605; x_wconf 86' lang='lat' dir='ltr'>fuerunt</span> <span class='ocrx_word' id='word_1_202' title='bbox 1617 1570 1682 1605; x_wconf 87' lang='lat' dir='ltr'>hee</span> 
     </span>
     <span class='ocr_line' id='line_1_22' title="bbox 204 1625 1679 1675; baseline 0 -14"><span class='ocrx_word' id='word_1_203' title='bbox 204 1630 239 1662; x_wconf 89' lang='lat' dir='ltr'>in</span> <span class='ocrx_word' id='word_1_204' title='bbox 270 1629 354 1663; x_wconf 83' lang='lat' dir='ltr'>locis</span> <span class='ocrx_word' id='word_1_205' title='bbox 381 1629 505 1675; x_wconf 88' lang='lat' dir='ltr'>quibus</span> <span class='ocrx_word' id='word_1_206' title='bbox 522 1628 634 1675; x_wconf 86' lang='lat' dir='ltr'>supra,</span> <span class='ocrx_word' id='word_1_207' title='bbox 669 1627 735 1667; x_wconf 88' lang='lat' dir='ltr'>die,</span> <span class='ocrx_word' id='word_1_208' title='bbox 764 1639 858 1661; x_wconf 84' lang='lat' dir='ltr'>anno</span> <span class='ocrx_word' id='word_1_209' title='bbox 891 1632 924 1660; x_wconf 91' lang='lat' dir='ltr'>et</span> <span class='ocrx_word' id='word_1_210' title='bbox 955 1626 1042 1660; x_wconf 90' lang='lat' dir='ltr'>hora</span> <span class='ocrx_word' id='word_1_211' title='bbox 1069 1625 1276 1673; x_wconf 58' lang='lat' dir='ltr'>supradictis</span> <span class='ocrx_word' id='word_1_212' title='bbox 1292 1640 1301 1668; x_wconf 79' lang='lat'><em>3</em></span> <span class='ocrx_word' id='word_1_213' title='bbox 1332 1626 1552 1661; x_wconf 85' lang='lat' dir='ltr'>Presentibus</span> <span class='ocrx_word' id='word_1_214' title='bbox 1570 1627 1679 1661; x_wconf 88' lang='lat' dir='ltr'>nobili</span> 
     </span>
     <span class='ocr_line' id='line_1_23' title="bbox 204 1682 1680 1728; baseline -0.001 -10"><span class='ocrx_word' id='word_1_215' title='bbox 204 1685 280 1719; x_wconf 90' lang='lat' dir='ltr'>viro</span> <span class='ocrx_word' id='word_1_216' title='bbox 292 1685 455 1720; x_wconf 63' lang='grc' dir='ltr'>ι1011111010</span> <span class='ocrx_word' id='word_1_217' title='bbox 471 1685 513 1719; x_wconf 91' lang='lat' dir='ltr'>de</span> <span class='ocrx_word' id='word_1_218' title='bbox 530 1682 623 1719; x_wconf 85' lang='lat' dir='ltr'>Roff</span> <span class='ocrx_word' id='word_1_219' title='bbox 633 1684 752 1724; x_wconf 88' lang='lat' dir='ltr'>milite,</span> <span class='ocrx_word' id='word_1_220' title='bbox 774 1689 808 1717; x_wconf 90' lang='lat' dir='ltr'>et</span> <span class='ocrx_word' id='word_1_221' title='bbox 827 1682 980 1717; x_wconf 86' lang='lat' dir='ltr'>discretis</span> <span class='ocrx_word' id='word_1_222' title='bbox 997 1682 1090 1722; x_wconf 88' lang='lat' dir='ltr'>viris,</span> <span class='ocrx_word' id='word_1_223' title='bbox 1112 1682 1261 1716; x_wconf 89' lang='lat' dir='ltr'>dominis</span> <span class='ocrx_word' id='word_1_224' title='bbox 1280 1687 1314 1716; x_wconf 91' lang='lat' dir='ltr'>et</span> <span class='ocrx_word' id='word_1_225' title='bbox 1332 1682 1498 1728; x_wconf 82' lang='lat' dir='ltr'>magistris</span> <span class='ocrx_word' id='word_1_226' title='bbox 1516 1683 1680 1719; x_wconf 68' lang='grc' dir='ltr'>ι1011111100</span> 
     </span>
     <span class='ocr_line' id='line_1_24' title="bbox 205 1737 1677 1788; baseline -0.001 -13"><span class='ocrx_word' id='word_1_227' title='bbox 205 1741 247 1775; x_wconf 88' lang='grc'>110</span> <span class='ocrx_word' id='word_1_228' title='bbox 268 1741 411 1788; x_wconf 83' lang='lat' dir='ltr'>Glasgw</span> <span class='ocrx_word' id='word_1_229' title='bbox 430 1741 597 1775; x_wconf 80' lang='lat' dir='ltr'>canonico</span> <span class='ocrx_word' id='word_1_230' title='bbox 619 1737 873 1780; x_wconf 87' lang='lat' dir='ltr'>Aberdonenfi,</span> <span class='ocrx_word' id='word_1_231' title='bbox 901 1738 1042 1773; x_wconf 89' lang='lat' dir='ltr'>Thoma</span> <span class='ocrx_word' id='word_1_232' title='bbox 1072 1738 1114 1772; x_wconf 91' lang='lat' dir='ltr'>de</span> <span class='ocrx_word' id='word_1_233' title='bbox 1144 1738 1255 1785; x_wconf 88' lang='lat' dir='ltr'>Barry</span> <span class='ocrx_word' id='word_1_234' title='bbox 1273 1739 1442 1773; x_wconf 88' lang='lat' dir='ltr'>canonico</span> <span class='ocrx_word' id='word_1_235' title='bbox 1462 1738 1677 1786; x_wconf 75' lang='lat' dir='ltr'>Glasguenli,</span> 
     </span>
     <span class='ocr_line' id='line_1_25' title="bbox 205 1794 1680 1844; baseline 0 -13"><span class='ocrx_word' id='word_1_236' title='bbox 205 1803 239 1831; x_wconf 82' lang='lat' dir='ltr'>et</span> <span class='ocrx_word' id='word_1_237' title='bbox 257 1797 420 1833; x_wconf 59' lang='grc' dir='ltr'>ι1011111100</span> <span class='ocrx_word' id='word_1_238' title='bbox 439 1798 481 1832; x_wconf 87' lang='lat' dir='ltr'>de</span> <span class='ocrx_word' id='word_1_239' title='bbox 502 1795 631 1844; x_wconf 76' lang='lat' dir='ltr'>Spensa</span> <span class='ocrx_word' id='word_1_240' title='bbox 648 1796 758 1843; x_wconf 81' lang='lat' dir='ltr'>layco,</span> <span class='ocrx_word' id='word_1_241' title='bbox 779 1808 857 1830; x_wconf 87' lang='lat' dir='ltr'>cum</span> <span class='ocrx_word' id='word_1_242' title='bbox 877 1794 995 1829; x_wconf 86' lang='lat' dir='ltr'>multis</span> <span class='ocrx_word' id='word_1_243' title='bbox 1009 1794 1082 1829; x_wconf 84' lang='lat' dir='ltr'>aliis</span> <span class='ocrx_word' id='word_1_244' title='bbox 1101 1794 1240 1829; x_wconf 81' lang='lat' dir='ltr'>testibus</span> <span class='ocrx_word' id='word_1_245' title='bbox 1258 1795 1301 1829; x_wconf 87' lang='lat' dir='ltr'>ad</span> <span class='ocrx_word' id='word_1_246' title='bbox 1320 1794 1479 1842; x_wconf 84' lang='lat' dir='ltr'>premiffa</span> <span class='ocrx_word' id='word_1_247' title='bbox 1497 1797 1628 1831; x_wconf 84' lang='lat' dir='ltr'>vocatis</span> <span class='ocrx_word' id='word_1_248' title='bbox 1646 1803 1680 1831; x_wconf 87' lang='lat' dir='ltr'>et</span> 
     </span>
     <span class='ocr_line' id='line_1_26' title="bbox 202 1852 553 1899; baseline 0 -13"><span class='ocrx_word' id='word_1_249' title='bbox 202 1852 395 1899; x_wconf 75' lang='lat' dir='ltr'>specialiter</span> <span class='ocrx_word' id='word_1_250' title='bbox 412 1853 553 1899; x_wconf 83' lang='lat' dir='ltr'>rogatis.</span> 
     </span>
     <span class='ocr_line' id='line_1_27' title="bbox 300 1907 1680 1956; baseline 0.001 -13"><span class='ocrx_word' id='word_1_251' title='bbox 300 1909 349 1943; x_wconf 86' lang='lat' dir='ltr'>Et</span> <span class='ocrx_word' id='word_1_252' title='bbox 368 1922 433 1955; x_wconf 81' lang='lat' dir='ltr'>ego</span> <span class='ocrx_word' id='word_1_253' title='bbox 453 1909 571 1943; x_wconf 89' lang='lat' dir='ltr'>David</span> <span class='ocrx_word' id='word_1_254' title='bbox 603 1908 645 1942; x_wconf 91' lang='lat' dir='ltr'>de</span> <span class='ocrx_word' id='word_1_255' title='bbox 675 1907 862 1955; x_wconf 79' lang='lat' dir='ltr'>Streuelyn</span> <span class='ocrx_word' id='word_1_256' title='bbox 880 1908 1026 1942; x_wconf 88' lang='lat' dir='ltr'>clericus</span> <span class='ocrx_word' id='word_1_257' title='bbox 1057 1908 1308 1943; x_wconf 60' lang='lat' dir='ltr'>Sanctiandree</span> <span class='ocrx_word' id='word_1_258' title='bbox 1342 1907 1493 1949; x_wconf 74' lang='lat' dir='ltr'>diocesis,</span> <span class='ocrx_word' id='word_1_259' title='bbox 1519 1909 1680 1956; x_wconf 87' lang='lat' dir='ltr'>publicus</span> 
     </span>
     <span class='ocr_line' id='line_1_28' title="bbox 298 1962 1679 2012; baseline 0 -13"><span class='ocrx_word' id='word_1_260' title='bbox 298 1965 484 2012; x_wconf 83' lang='lat' dir='ltr'>apostolica</span> <span class='ocrx_word' id='word_1_261' title='bbox 498 1971 532 1999; x_wconf 86' lang='lat' dir='ltr'>et</span> <span class='ocrx_word' id='word_1_262' title='bbox 546 1963 717 2012; x_wconf 87' lang='lat' dir='ltr'>imperiali</span> <span class='ocrx_word' id='word_1_263' title='bbox 736 1965 946 1999; x_wconf 61' lang='lat' dir='ltr'>auctoritate</span> <span class='ocrx_word' id='word_1_264' title='bbox 964 1965 1132 2005; x_wconf 86' lang='lat' dir='ltr'>notarius,</span> <span class='ocrx_word' id='word_1_265' title='bbox 1152 1962 1319 2011; x_wconf 86' lang='lat' dir='ltr'>premiffis</span> <span class='ocrx_word' id='word_1_266' title='bbox 1337 1964 1498 1999; x_wconf 89' lang='lat' dir='ltr'>omnibus</span> <span class='ocrx_word' id='word_1_267' title='bbox 1517 1970 1551 1999; x_wconf 91' lang='lat' dir='ltr'>et</span> <span class='ocrx_word' id='word_1_268' title='bbox 1568 1963 1679 2012; x_wconf 80' lang='lat' dir='ltr'>fingu-</span> 
     </span>
     <span class='ocr_line' id='line_1_29' title="bbox 299 2020 1678 2069; baseline 0 -13"><span class='ocrx_word' id='word_1_269' title='bbox 299 2022 340 2055; x_wconf 85' lang='lat' dir='ltr'>lis</span> <span class='ocrx_word' id='word_1_270' title='bbox 359 2022 442 2056; x_wconf 90' lang='lat' dir='ltr'>dum</span> <span class='ocrx_word' id='word_1_271' title='bbox 461 2035 523 2069; x_wconf 87' lang='lat' dir='ltr'>per</span> <span class='ocrx_word' id='word_1_272' title='bbox 541 2022 675 2056; x_wconf 68' lang='lat' dir='ltr'>dietum</span> <span class='ocrx_word' id='word_1_273' title='bbox 696 2021 875 2055; x_wconf 90' lang='lat' dir='ltr'>dominum</span> <span class='ocrx_word' id='word_1_274' title='bbox 897 2021 1054 2055; x_wconf 87' lang='lat' dir='ltr'>Alanum</span> <span class='ocrx_word' id='word_1_275' title='bbox 1073 2020 1199 2055; x_wconf 87' lang='lat' dir='ltr'>fierent</span> <span class='ocrx_word' id='word_1_276' title='bbox 1217 2026 1251 2055; x_wconf 88' lang='lat' dir='ltr'>et</span> <span class='ocrx_word' id='word_1_277' title='bbox 1270 2021 1472 2055; x_wconf 85' lang='lat' dir='ltr'>dicerentur</span> <span class='ocrx_word' id='word_1_278' title='bbox 1497 2026 1537 2055; x_wconf 87' lang='lat' dir='ltr'>ut</span> <span class='ocrx_word' id='word_1_279' title='bbox 1564 2020 1678 2069; x_wconf 89' lang='lat' dir='ltr'>supra-</span> 
     </span>
     <span class='ocr_line' id='line_1_30' title="bbox 299 2076 1678 2125; baseline 0 -13"><span class='ocrx_word' id='word_1_280' title='bbox 299 2077 507 2119; x_wconf 82' lang='lat' dir='ltr'>scribuntur,</span> <span class='ocrx_word' id='word_1_281' title='bbox 528 2091 679 2112; x_wconf 88' lang='lat' dir='ltr'>unacum</span> <span class='ocrx_word' id='word_1_282' title='bbox 698 2077 951 2125; x_wconf 85' lang='lat' dir='ltr'>prenominatis</span> <span class='ocrx_word' id='word_1_283' title='bbox 969 2077 1120 2118; x_wconf 87' lang='lat' dir='ltr'>testibus,</span> <span class='ocrx_word' id='word_1_284' title='bbox 1147 2076 1290 2125; x_wconf 86' lang='lat' dir='ltr'>prefatis</span> <span class='ocrx_word' id='word_1_285' title='bbox 1309 2077 1364 2111; x_wconf 90' lang='lat' dir='ltr'>die</span> <span class='ocrx_word' id='word_1_286' title='bbox 1384 2082 1418 2111; x_wconf 86' lang='lat' dir='ltr'>et</span> <span class='ocrx_word' id='word_1_287' title='bbox 1436 2077 1520 2111; x_wconf 90' lang='lat' dir='ltr'>locis</span> <span class='ocrx_word' id='word_1_288' title='bbox 1538 2077 1678 2124; x_wconf 86' lang='lat' dir='ltr'>presens</span> 
     </span>
     <span class='ocr_line' id='line_1_31' title="bbox 299 2133 1676 2181; baseline 0 -13"><span class='ocrx_word' id='word_1_289' title='bbox 299 2134 452 2175; x_wconf 87' lang='lat' dir='ltr'>interfui,</span> <span class='ocrx_word' id='word_1_290' title='bbox 481 2147 520 2169; x_wconf 87' lang='lat' dir='ltr'>ac</span> <span class='ocrx_word' id='word_1_291' title='bbox 539 2134 805 2169; x_wconf 87' lang='lat' dir='ltr'>instrumentum</span> <span class='ocrx_word' id='word_1_292' title='bbox 835 2147 878 2168; x_wconf 87' lang='lat' dir='ltr'>ex</span> <span class='ocrx_word' id='word_1_293' title='bbox 905 2133 1101 2181; x_wconf 88' lang='lat' dir='ltr'>hujusmodi</span> <span class='ocrx_word' id='word_1_294' title='bbox 1119 2133 1219 2180; x_wconf 81' lang='lat' dir='ltr'>gestis</span> <span class='ocrx_word' id='word_1_295' title='bbox 1236 2133 1313 2174; x_wconf 88' lang='lat' dir='ltr'>feci,</span> <span class='ocrx_word' id='word_1_296' title='bbox 1342 2133 1377 2167; x_wconf 89' lang='lat' dir='ltr'>in</span> <span class='ocrx_word' id='word_1_297' title='bbox 1395 2133 1485 2168; x_wconf 87' lang='lat' dir='ltr'>hanc</span> <span class='ocrx_word' id='word_1_298' title='bbox 1503 2133 1676 2180; x_wconf 87' lang='lat' dir='ltr'>publicam</span> 
     </span>
     <span class='ocr_line' id='line_1_32' title="bbox 300 2189 1676 2239; baseline 0 -14"><span class='ocrx_word' id='word_1_299' title='bbox 300 2192 446 2226; x_wconf 85' lang='lat' dir='ltr'>formam</span> <span class='ocrx_word' id='word_1_300' title='bbox 465 2192 595 2239; x_wconf 82' lang='lat' dir='ltr'>redegi,</span> <span class='ocrx_word' id='word_1_301' title='bbox 617 2198 651 2227; x_wconf 89' lang='lat' dir='ltr'>et</span> <span class='ocrx_word' id='word_1_302' title='bbox 670 2191 765 2239; x_wconf 81' lang='lat' dir='ltr'>ligno</span> <span class='ocrx_word' id='word_1_303' title='bbox 784 2204 863 2226; x_wconf 89' lang='lat' dir='ltr'>meo</span> <span class='ocrx_word' id='word_1_304' title='bbox 882 2189 1048 2226; x_wconf 90' lang='lat' dir='ltr'>consueto</span> <span class='ocrx_word' id='word_1_305' title='bbox 1067 2189 1195 2236; x_wconf 83' lang='lat' dir='ltr'>fignavi</span> <span class='ocrx_word' id='word_1_306' title='bbox 1215 2195 1369 2236; x_wconf 76' lang='lat' dir='ltr'>rogatUS,</span> <span class='ocrx_word' id='word_1_307' title='bbox 1389 2190 1425 2223; x_wconf 87' lang='lat' dir='ltr'>in</span> <span class='ocrx_word' id='word_1_308' title='bbox 1445 2189 1676 2225; x_wconf 79' lang='lat' dir='ltr'>testimouium</span> 
     </span>
     <span class='ocr_line' id='line_1_33' title="bbox 301 2248 553 2294; baseline 0.012 -14"><span class='ocrx_word' id='word_1_309' title='bbox 301 2248 553 2294; x_wconf 63' lang='lat' dir='ltr'>predictorum.</span> 
     </span>
    </p>
   </div>
  </div>
 </body>
</html>
