1870 2683
730 270 799 304 DE
833 269 1102 306 PASSELET.
1588 276 1657 312 359

173 378 313 400 camera
329 364 472 413 hospicii
489 367 673 401 memorati
691 365 963 402 reverendissimi
989 368 1025 402 in.
1053 368 1189 403 Christo
1207 368 1314 415 patris
1332 367 1422 402 infra
1440 367 1591 415 burgum
1610 370 1651 403 de

176 422 396 469 Edinburgh,
427 435 470 457 ex
487 428 585 470 parte
611 423 744 458 boreali
761 424 827 458 vici
845 424 931 470 regii
950 423 1103 470 ejusdem
1129 424 1252 465 fituati,
1281 425 1368 458 hora
1385 424 1476 459 circa
1493 430 1651 471 quartam

174 478 249 525 post
265 479 458 520 meridiem,
473 478 535 513 sub
553 492 657 520 anno,
678 480 744 520 die,
764 479 891 520 mense,
909 480 1102 515 indiffione
1121 486 1156 515 et
1169 481 1376 528 pontificatu
1389 481 1513 527 quibus
1526 481 1651 528 supra;

174 533 391 581 presentibus
418 535 544 569 ibidem
574 536 691 583 probis
719 542 754 570 et
784 535 936 571 discretis
954 536 1048 576 viris,
1079 536 1236 583 Hugone
1266 536 1464 578 Monerefe,
1492 537 1653 584 magistro

174 591 197 626 J
200 591 338 626 ohanne
357 596 392 626 et
410 591 446 626 N
449 591 566 626 iniano
586 592 757 639 Douglas,
786 605 865 627 cum
883 591 1049 627 universis
1067 593 1141 627 aliis
1158 593 1297 628 testibus
1315 594 1359 628 ad
1376 592 1536 640 premifl'a
1552 605 1655 629 voca-

176 647 218 681 tis
235 648 366 694 pariter
384 652 419 682 et
436 648 578 693 rogatis.

273 703 321 737 Et
351 716 417 749 ego
448 703 608 750 magister
637 703 661 739 J
664 703 818 738 ohannes
847 703 1031 751 Chepman
1062 703 1283 751 Glasguenfis
1314 704 1465 746 diocefis,
1495 706 1654 752 publicus

270 759 458 806 apostolica
474 760 685 794 auetoritate
703 760 871 800 notarius,
900 761 980 806 quia
997 758 1162 807 premiffis
1181 760 1342 795 omnibus
1361 767 1395 796 et
1413 760 1552 808 singulis
1571 762 1655 796 dum

272 814 316 849 fic
333 821 373 850 ut
389 816 605 863 premittitur
623 822 823 863 agerentur,
852 817 1052 851 dicerentur
1081 821 1116 850 et
1145 816 1282 857 fierent,
1310 830 1462 851 unacum
1480 819 1655 865 prenomi-

272 872 361 905 natis
380 871 530 912 testibus,
558 871 698 919 presens
722 877 756 906 et
782 872 1009 919 personaliter
1026 872 1182 913 interfui,
1210 885 1319 919 eaque
1338 873 1455 907 omnia
1473 878 1507 908 et
1524 873 1656 920 singula

274 927 318 962 fic
335 928 411 962 fieri
429 928 500 962 vidi
519 933 554 962 et
571 928 689 963 audivi
707 942 746 962 ac
765 929 801 962 iu
819 934 939 962 notam
957 927 1090 975 sumpsi,
1118 928 1198 963 ideo
1225 929 1292 963 hoc
1322 929 1461 976 presens
1478 930 1655 976 publicum

274 983 543 1018 instrumentum
572 997 679 1019 manu
704 997 783 1019 meo
802 985 944 1031 propria
961 983 1194 1032 conscriptum
1212 985 1293 1019 inde
1313 985 1457 1025 confeci,
1485 984 1657 1033 subscripsi

274 1046 310 1075 et
334 1041 519 1088 publicavi,
547 1039 724 1088 signoque,
752 1041 896 1075 nomine
927 1046 961 1074 et
988 1040 1236 1088 subscriptione
1267 1042 1351 1075 meis
1380 1040 1486 1076 solitis
1514 1047 1548 1076 et
1579 1055 1658 1076 con-

276 1095 379 1131 suetis
396 1095 563 1143 fingnavi,
592 1103 735 1144 rogatus
753 1102 788 1131 et
805 1097 995 1143 requisitus,
1023 1099 1059 1132 in
1078 1099 1183 1133 fidem
1201 1104 1235 1133 et
1253 1098 1488 1134 testimonium
1506 1100 1660 1134 veritatis

277 1153 436 1188 omnium
455 1158 489 1188 et
506 1153 721 1200 singulorum
739 1152 993 1200 premifforum.
1145 1155 1198 1190 M.
1217 1155 1241 1191 J
1244 1156 1398 1190 ohannes
1418 1156 1611 1203 Chepman.

183 1323 290 1357 Carta
308 1322 507 1356 donationis
527 1322 648 1368 viginti
668 1322 856 1357 solidorum
876 1323 1121 1370 sterlingorum
1138 1325 1247 1358 annui
1273 1324 1429 1359 redditus
1459 1337 1522 1372 per
1553 1326 1661 1358 domi-

183 1392 266 1413 num
287 1379 329 1414 de
349 1379 563 1420 Auchinlek,
591 1392 656 1426 pro
674 1379 864 1414 violatione
883 1379 1060 1427 cujusdam
1078 1379 1251 1415 monachi.

184 1491 424 1527 OMNIBUS
451 1492 517 1526 hoc
535 1492 699 1540 scriptum
718 1491 839 1527 visuris
856 1492 913 1527 vel
930 1493 1101 1527 audituris
1117 1493 1298 1528 Johannes
1320 1493 1362 1527 de
1382 1492 1583 1527 Auchinlek
1603 1494 1661 1527 do-

184 1549 299 1582 minus
317 1547 471 1595 ejusdem
489 1547 635 1582 salutem
655 1549 691 1582 in
709 1549 867 1583 Domino
885 1547 1142 1595 sempiternam.
1194 1548 1344 1584 Noverit
1373 1547 1575 1583 universitas
1593 1549 1663 1584 ves-

184 1610 238 1639 tra
255 1617 311 1639 me
331 1603 469 1645 dediffe,
490 1602 683 1639 coneessifl'e
702 1609 737 1639 et
754 1605 818 1639 hac
835 1603 986 1651 presenti
1005 1609 1099 1638 carta
1116 1616 1194 1638 mea
1224 1602 1439 1638 confirmafle
1459 1603 1539 1638 Deo
1558 1609 1593 1638 et
1611 1617 1664 1638 ec-

184 1660 282 1695 clefie
300 1661 390 1695 beati
412 1660 537 1695 Mirini
556 1666 590 1695 et
608 1661 700 1695 beati
717 1660 840 1696 Jacobi
859 1661 901 1695 de
922 1658 1092 1695 Paffeleth
1107 1665 1142 1695 et
1156 1659 1334 1694 monachis
1352 1659 1480 1694 ibidem
1499 1660 1580 1695 Deo
1598 1661 1666 1695 ser-

185 1717 359 1752 vientibus
377 1722 412 1752 et
429 1717 689 1765 imperpetuum
706 1716 894 1758 servituris,
920 1730 985 1764 pro
1004 1721 1209 1764 contemptu
1227 1721 1262 1750 et
1279 1717 1468 1752 violatione
1487 1717 1534 1751 eis
1552 1716 1662 1756 factis,

185 1772 361 1808 occasione
379 1773 507 1820 injurie
525 1774 663 1808 cuidam
681 1774 854 1808 monacho
872 1772 973 1821 ipsuis
992 1772 1199 1813 monasterii,
1226 1771 1305 1807 vasa
1321 1772 1380 1807 sua
1396 1773 1578 1808 seminaria
1594 1785 1663 1806 am-

185 1829 353 1876 putando,
373 1842 435 1876 per
453 1842 509 1864 nie
528 1835 563 1864 et
581 1831 767 1877 complices
784 1843 880 1865 meos
897 1830 981 1864 alias
998 1829 1113 1870 illatis,
1133 1829 1257 1876 viginti
1275 1828 1400 1864 solidos
1417 1829 1660 1876 sterlingorum

185 1886 293 1920 annui
312 1886 469 1920 redditus
488 1886 530 1920 de
548 1886 658 1920 firmis
688 1892 723 1921 et
752 1886 981 1934 proventibus
999 1891 1173 1920 terrarum
1202 1898 1359 1920 mearum
1388 1885 1549 1920 videlicet
1574 1885 1664 1919 infra

185 1955 334 1989 regnum
347 1942 464 1977 Scotie
476 1942 671 1989 jacentium
683 1943 863 1977 annuatim
879 1943 1132 1990 percipiendos,
1153 1947 1188 1977 et
1205 1943 1389 1978 solvendos
1402 1955 1464 1989 per
1478 1955 1544 1982 me,
1565 1942 1662 1975 here-

187 1999 247 2033 des
264 2011 361 2033 meos
379 2003 415 2033 et
432 1996 616 2044 aflignatos
633 1997 710 2045 ipfis
736 1999 818 2033 viris
848 1997 1013 2045 religiosis
1031 1999 1124 2045 apud
1142 1998 1271 2045 Passay,
1300 1998 1476 2033 mediatim
1507 1998 1551 2032 ad
1577 1998 1663 2031 duos

186 2055 270 2089 anni
287 2055 456 2089 terminos
474 2053 680 2101 subscriptos
698 2055 860 2089 videlicet
878 2055 999 2089 decem
1017 2055 1142 2088 solidos
1160 2055 1204 2088 ad
1221 2054 1302 2089 festa
1321 2054 1441 2089 Sancti
1461 2053 1608 2088 Martini
1626 2054 1662 2087 in

186 2123 286 2157 yeme
305 2116 340 2145 et
357 2110 510 2156 reliquos
529 2110 649 2145 decem
667 2109 794 2145 solidos
812 2111 854 2145 ad
873 2111 955 2145 festa
973 2110 1192 2145 Pentecostes
1211 2111 1408 2145 immediate
1423 2110 1503 2144 inde
1521 2108 1663 2155 sequen-

187 2167 244 2201 tia.
298 2166 510 2200 Tenendum
529 2171 564 2201 et
581 2166 780 2201 habendum
799 2167 900 2201 dietis
918 2168 1000 2202 viris
1026 2165 1190 2213 religiofis
1217 2173 1252 2201 et
1282 2180 1404 2201 eorum
1421 2164 1667 2201 luccefforibus

186 2236 226 2258 ac
244 2222 396 2270 ipsorum
416 2222 623 2257 monasterio
642 2223 685 2257 de
705 2221 875 2257 Paffeleth
894 2223 1103 2271 supradicto,
1132 2223 1251 2264 libere,
1275 2223 1416 2270 pacifice
1435 2228 1469 2257 et
1487 2223 1603 2269 quiete
1621 2223 1663 2257 ab

187 2279 284 2313 omni
302 2279 486 2313 exactione
503 2277 649 2313 seculari
667 2281 740 2323 [et]
759 2279 940 2320 demanda,
969 2279 1146 2326 quousque
1172 2292 1238 2326 ego
1265 2280 1322 2314 vel
1349 2279 1493 2314 heredes
1518 2280 1587 2313 mei
1605 2285 1665 2313 aut

187 2333 342 2382 affignati
360 2336 476 2370 fecero
493 2335 550 2371 vel
567 2335 714 2370 fecerint
731 2335 818 2382 ipsos
837 2334 1013 2382 religiosos
1039 2341 1133 2370 tutos
1164 2342 1198 2371 et
1225 2335 1362 2371 securos
1380 2348 1442 2383 per
1460 2341 1570 2371 cartas
1588 2337 1662 2370 nos-
