1870 2683
245 294 315 335 370
638 287 952 324 REGISTRUM
982 287 1319 322 MONASTERII

249 403 337 424 rum.
390 388 437 422 Et
454 386 498 420 ad
514 385 633 420 saneta
651 384 722 418 Dei
740 383 921 430 evangelia
937 382 1190 417 sacramentum
1208 382 1355 430 prestitit
1374 384 1554 430 corporale
1572 385 1666 431 quod
1684 386 1720 419 in

247 445 306 480 suo
325 448 506 491 perpetuo,
526 454 591 476 nec
608 453 671 488 per
688 439 721 474 se
739 453 804 474 nec
821 452 884 486 per
902 439 1052 484 aliquem
1075 439 1217 473 nomine
1234 437 1296 479 sui,
1316 443 1441 472 contra
1456 439 1546 474 hanc
1564 440 1721 475 donatio-

247 513 338 540 nem,
367 496 630 537 conoeffionem,
659 495 937 543 refignationem,
966 500 1001 530 et
1023 495 1175 540 quietam
1194 494 1438 528 clamationem
1456 495 1492 528 in
1510 495 1625 541 aliquo
1643 497 1720 530 foro

247 555 348 602 super
366 555 460 588 dicta
477 559 572 588 terra
589 565 668 587 cum
687 552 907 599 pertinentiis
935 550 1002 585 suis
1030 549 1184 584 movebit
1214 549 1438 596 questionem.
1492 550 1538 584 Et
1568 563 1611 585 ne
1642 564 1722 586 ceca

248 611 423 645 oblivione
442 610 606 656 depereat
624 608 718 654 quod
736 607 903 655 predictis
921 607 976 641 die
995 612 1030 641 et
1047 606 1126 640 loco
1144 605 1274 640 faetum
1295 605 1351 646 est,
1372 606 1416 640 ad
1433 606 1627 640 instantiam
1645 620 1721 654 pre-

247 667 340 701 diere
359 666 435 700 Ede
460 665 609 713 presenti
641 663 768 711 scripto
797 675 982 698 commune
1013 661 1161 708 figillum
1191 661 1294 708 burgi
1323 662 1365 696 de
1396 661 1544 697 Renfrw
1570 675 1720 697 unacum

246 723 354 769 figillo
373 721 473 770 ipsius
491 722 567 756 Ede
586 720 632 756 est
649 719 849 768 appensum.
905 718 985 753 Hiis
1003 717 1154 752 testibus.

246 892 382 927 Littera
398 891 420 927 J
424 891 570 925 ohannis
590 889 694 923 Pride
713 889 755 923 de
776 888 935 923 Renfrw.

245 1002 524 1038 UNIVERSIS
550 1000 667 1035 san&e
686 1000 804 1034 matris
823 997 960 1034 ecclefie
986 999 1065 1033 filiis
1091 998 1267 1046 presentes
1286 999 1417 1033 litteras
1435 999 1640 1045 inspecturis
1658 999 1718 1034 Jo-

245 1060 376 1093 hannes
394 1059 508 1093 dietus
527 1058 631 1092 Pride
650 1055 827 1103 burgensis
845 1056 887 1090 de
908 1055 1055 1089 Renfrw
1074 1054 1218 1089 salutem
1234 1055 1269 1088 in
1285 1054 1443 1088 Domino
1461 1053 1716 1101 sempiternam.

244 1115 367 1150 Vestra
384 1115 523 1149 noverit
539 1112 742 1148 universitas
759 1113 853 1158 quod
871 1124 949 1146 cum
969 1109 1201 1145 controversie
1220 1109 1327 1144 effent
1342 1115 1418 1144 orte
1430 1110 1521 1144 inter
1539 1109 1716 1156 religiosos

243 1173 336 1206 viros
355 1172 531 1206 Abbatem
551 1177 584 1204 et
602 1175 814 1204 conventum
835 1169 878 1202 de
897 1166 1030 1202 Passeto
1050 1165 1189 1201 diverfis
1207 1179 1251 1200 ex
1268 1165 1373 1200 eaufis
1391 1178 1435 1200 ex
1452 1172 1550 1212 parte
1569 1179 1649 1206 una,
1682 1172 1716 1200 et

243 1241 298 1262 me
317 1241 359 1262 ex
377 1227 496 1266 altera,
526 1238 647 1260 omnes
664 1225 722 1259 ille
741 1221 973 1259 controversie
1002 1223 1093 1257 inter
1122 1235 1186 1256 nos
1215 1221 1294 1255 sunt
1316 1221 1424 1268 sopite
1443 1227 1477 1256 et
1496 1220 1653 1263 remifl'e3
1682 1228 1715 1256 et

243 1283 489 1318 nichilominus
508 1282 589 1316 volo
605 1286 639 1315 et
658 1280 813 1315 concedo
844 1279 937 1325 quod
967 1277 991 1312 fi
1019 1278 1133 1324 aliqua
1150 1278 1266 1312 littera
1284 1276 1359 1324 ipsis
1377 1277 1537 1311 nocitura
1554 1283 1614 1312 aut
1632 1278 1715 1311 mihi

240 1339 400 1379 valitura,
413 1344 494 1372 ante
508 1337 765 1372 confectionem
780 1334 991 1383 presentium
1007 1334 1180 1374 confecta,
1194 1333 1400 1380 reperiatur,
1421 1345 1464 1367 ex
1476 1345 1570 1367 nunc
1583 1332 1714 1367 viribus

242 1400 357 1429 careat
387 1400 421 1428 et
449 1394 576 1428 effectu
594 1406 659 1427 nec
677 1405 738 1439 per
757 1391 902 1426 eandem
923 1390 1006 1424 mihi
1025 1396 1059 1424 et
1087 1389 1272 1424 heredibus
1291 1389 1375 1423 meis
1393 1389 1451 1423 seu
1470 1389 1713 1423 executoribus

241 1452 334 1486 aerio
352 1451 567 1496 adquiratur.
620 1449 754 1483 Datum
773 1447 866 1494 apud
889 1446 1033 1492 Glasgw
1051 1446 1106 1480 die
1125 1446 1299 1479 dominica
1316 1445 1475 1492 proxima
1492 1450 1573 1479 ante
1590 1444 1711 1479 festum

242 1507 361 1542 Samffi
381 1506 475 1540 Petri
494 1505 587 1551 quod
607 1505 733 1539 dicitur
763 1504 806 1537 ad
825 1503 974 1543 vincula,
1003 1515 1096 1536 anno
1126 1501 1275 1535 Domini
1305 1506 1348 1535 Μ0
1367 1505 1450 1535 000ο
1466 1501 1551 1534 xiii0.
1603 1500 1650 1534 Et
1675 1501 1712 1534 in

240 1562 372 1610 lignum
400 1563 555 1596 omnium
587 1558 827 1608 premifforum
864 1558 1010 1605 sigillum
1045 1570 1162 1592 meum
1190 1556 1405 1604 presentibus
1436 1556 1482 1591 est
1511 1555 1710 1603 appensum.

241 1619 400 1654 Testibus
418 1618 493 1657 hiis,
524 1617 682 1651 Roberto
703 1615 854 1662 Symple,
885 1614 1048 1648 Wilelmo
1070 1613 1183 1654 Knoc,
1205 1614 1353 1647 dominis
1373 1612 1528 1659 Hugone
1547 1613 1590 1646 de
1609 1612 1709 1658 Spar-

240 1676 374 1722 chynge
393 1680 427 1708 et
450 1673 610 1707 Wilelmo
630 1673 672 1707 de
692 1669 782 1706 Luff
792 1671 937 1705 vicariis.
990 1670 1124 1704 Datum
1142 1675 1182 1703 ut
1200 1668 1312 1716 supra.

238 1845 345 1880 Carta
362 1844 519 1890 burgagii
539 1843 575 1877 in
594 1841 788 1888 Ruthglen.

239 1955 476 1992 OMNIBUS
505 1954 630 1990 Christi
660 1953 819 1988 fidelibus
837 1950 975 2000 presens
993 1949 1156 1997 scriptum
1174 1948 1296 1983 visuris
1313 1948 1369 1983 vel
1387 1948 1557 1982 audituris
1575 1947 1706 1982 Cecilia

236 2012 412 2058 quondam
430 2010 551 2059 sponsa
567 2010 590 2046 J
593 2010 738 2044 ohannis
766 2009 808 2043 de
836 2007 983 2042 Perthec
1000 2006 1155 2041 salutem.
1209 2005 1360 2039 Noverit
1377 2003 1579 2039 universitas
1596 2003 1706 2038 vestra

237 2068 331 2114 quod
357 2081 435 2102 cum
464 2080 528 2113 ego
548 2066 680 2101 Cecilia
697 2070 732 2099 et
750 2064 894 2098 heredes
913 2063 981 2097 mei
999 2075 1042 2096 ex
1059 2062 1218 2109 predi&o
1236 2061 1259 2096 J
1262 2061 1399 2095 ohanne
1417 2060 1589 2107 procreati
1607 2060 1704 2105 gravi

237 2123 379 2158 efl‘emus
397 2128 601 2171 paupertate
620 2119 776 2169 oppreffi,
804 2120 841 2154 in
857 2119 967 2153 libera
981 2118 1151 2152 viduitate
1168 2129 1256 2156 mea,
1285 2116 1328 2150 de
1359 2116 1523 2150 consensu
1554 2121 1588 2149 et
1614 2115 1705 2148 bona

237 2180 418 2214 voluntate
438 2192 524 2219 mea,
545 2175 702 2218 conceffi,
723 2177 803 2211 dedi
821 2181 856 2210 et
872 2175 939 2209 hoc
957 2172 1107 2221 presenti
1124 2173 1250 2219 scripto
1268 2172 1470 2206 renunciavi
1489 2177 1523 2206 et
1547 2171 1703 2216 quietum

237 2235 381 2269 clamavi
400 2235 530 2269 Abbati
549 2240 584 2268 et
602 2233 791 2268 conventui
809 2232 852 2266 de
872 2231 1004 2266 Passeto
1023 2235 1137 2264 totum
1162 2228 1221 2275 jus
1246 2228 1340 2273 quod
1365 2227 1449 2261 mihi
1468 2233 1502 2262 et
1519 2225 1703 2261 heredibus

233 2292 316 2326 meis
333 2291 510 2337 competiit
527 2290 583 2325 vel
601 2294 799 2336 competere
816 2289 945 2336 poterit
963 2288 1219 2334 imperpetuum
1237 2286 1274 2319 in
1292 2290 1366 2319 tota
1378 2290 1472 2319 terra
1482 2297 1549 2330 que
1561 2282 1701 2330 jacetin

234 2347 316 2381 villa
334 2347 376 2380 de
396 2346 578 2392 Ruthglen
597 2347 688 2380 inter
706 2351 835 2380 terram
855 2343 1009 2378 Wilelmi
1027 2344 1070 2378 de
1090 2343 1222 2390 Bygres
1240 2355 1283 2376 ex
1300 2346 1398 2388 parte
1420 2353 1500 2380 una,
1521 2346 1555 2374 et
1572 2345 1699 2373 terram
