1870 2683
241 291 311 324 308
648 279 963 315 REGISTRUM
991 280 1328 317 MONASTERII

244 438 531 485 Tranfl'umptum
551 435 744 470 Clementis
771 446 860 481 pape
886 434 1011 479 quarti,
1048 435 1205 469 omnium
1225 433 1454 474 ecclesiarum,
1485 440 1654 471 terrarum
1682 444 1717 472 et

243 496 391 529 aliorum
409 492 686 540 privilegiorum,
713 490 771 524 διο.

242 604 521 641 UNIVERSIS
549 609 584 638 et
613 602 754 649 singulis
771 602 946 649 presentes
964 602 1098 636 litteras
1115 601 1322 649 inspe&uris
1341 602 1471 649 Syrnon
1493 603 1535 637 de
1560 603 1723 649 Dalgleff

239 667 426 709 precentor
460 659 680 705 officialisque
715 658 810 692 curie
842 657 1063 704 Glasguenfis
1093 658 1266 704 generalis
1296 657 1440 692 salutem
1475 659 1511 692 in
1546 658 1715 693 Domino.

240 718 377 752 Notum
397 717 542 751 facimus
560 715 654 762 quod
672 727 716 748 ex
733 719 831 761 parte
849 714 1056 749 venerabilis
1075 714 1111 748 in
1131 713 1267 748 Christo
1286 714 1392 761 patris
1414 714 1559 749 Henrici
1578 714 1717 761 permis-

239 773 331 808 fione
347 773 467 808 divina
484 772 616 806 abbatis
634 770 830 805 monasterii
850 771 891 804 de
912 769 1057 810 Passeto,
1077 770 1137 804 suo
1157 776 1191 804 et
1209 776 1403 804 conventus
1418 771 1502 804 dieti
1520 770 1716 805 monasterii

238 831 393 870 nomine,
426 829 525 863 nobis
551 829 695 863 fuerunt
722 827 873 862 exhibite
901 832 934 861 et
960 826 1089 861 ostense
1116 827 1262 873 quedam
1291 827 1406 861 littere
1432 826 1615 873 apostolice
1637 840 1717 861 vera

237 887 333 921 bulla
350 885 515 933 plumbea
532 883 727 918 santffisfimi
755 883 791 917 in
810 882 947 917 Christo
965 883 1072 929 patris
1091 889 1125 917 et
1151 882 1299 916 Domini
1326 882 1512 917 recolende
1530 883 1715 929 sanfflaeque

238 943 407 978 memorie
426 942 558 976 domini
578 940 771 975 Clementis
797 952 885 986 pape
903 939 1017 985 quarti
1044 939 1079 972 in
1106 938 1165 972 filo
1193 939 1235 972 de
1262 939 1368 973 serico
1395 938 1502 973 rubeo
1522 944 1556 973 et
1575 939 1714 973 ceruleo

237 999 380 1039 bullate,
408 1011 481 1032 non
499 998 629 1037 vitiate,
658 1009 730 1030 non
748 995 948 1036 cancellate,
975 1007 1048 1028 non
1066 994 1205 1035 abolite,
1226 1007 1297 1028 non
1317 993 1443 1034 abrase,
1464 1008 1529 1028 nec
1547 995 1582 1028 in
1601 995 1714 1041 aliqua

237 1054 288 1089 sui
314 1060 412 1102 parte
432 1053 597 1100 suspe&e‚
625 1058 665 1086 ut
690 1052 802 1098 prima
828 1051 914 1085 facie
941 1050 1139 1098 apparebat,
1167 1062 1312 1095 quarum
1341 1056 1443 1084 tenor
1469 1051 1621 1085 noscitur
1649 1050 1714 1085 efl'e

237 1111 325 1145 talis.
363 1108 606 1144 CLEMENS
626 1108 804 1155 episcopus
822 1106 939 1141 servus
957 1105 1136 1141 servorum
1152 1105 1223 1140 Dei
1242 1106 1377 1140 dileetis
1394 1106 1472 1139 filiis
1486 1106 1615 1140 Abbati
1633 1106 1712 1140 Mo-

236 1167 373 1202 nasterii
393 1166 510 1200 Sanfifi
530 1164 652 1200 Jacobi
672 1169 706 1198 et
726 1164 846 1198 Sancti
865 1162 989 1197 Mirini
1015 1160 1214 1196 confefforis
1233 1161 1275 1195 de
1295 1160 1442 1196 Paffelet
1469 1161 1583 1208 eisque
1601 1163 1712 1196 fratri-

235 1224 299 1258 bus
317 1228 387 1257 tam
407 1221 621 1269 presentibus
640 1233 743 1266 quam
761 1219 887 1253 futuris
906 1219 1104 1265 regularem
1124 1218 1230 1252 vitam
1256 1216 1412 1264 profeffis
1442 1218 1710 1265 imperpetuum.

237 1278 449 1325 Religiosam
468 1278 574 1312 vitam
589 1275 797 1322 eligentibus
815 1274 1039 1322 apostolicum
1058 1274 1222 1308 convenit
1240 1272 1352 1308 adeffe
1365 1272 1549 1320 prefidium
1564 1287 1608 1308 ne
1622 1275 1711 1309 forte

236 1334 414 1382 cujussibet
439 1332 645 1368 temeritatis
663 1331 819 1366 incursus
837 1336 897 1365 aut
915 1343 974 1365 eos
992 1344 1012 1364 a
1028 1329 1203 1377 propofito
1222 1335 1364 1364 revocet
1390 1335 1450 1364 aut
1471 1330 1589 1371 robur,
1618 1332 1711 1377 quod

234 1390 327 1431 absit,
354 1390 446 1424 sacre
465 1389 644 1436 religionis
662 1388 839 1433 infringat.
894 1386 946 1421 Ea
963 1391 1107 1433 propter
1126 1385 1245 1420 ἀίἰθὸὶί
1264 1386 1300 1419 in
1319 1385 1475 1420 Domine
1493 1386 1566 1427 filii,
1594 1387 1711 1421 vestris

228 1447 326 1494 justis
348 1445 636 1493 postulationibus
663 1444 855 1479 clementer
881 1443 1078 1482 annuimus,
1108 1447 1142 1476 et
1168 1442 1414 1476 monasterium
1442 1442 1562 1477 83116ὶί
1587 1443 1709 1479 Jacobi

234 1503 376 1550 apostoli
403 1508 437 1537 et
464 1501 584 1537 Sancti
611 1500 736 1534 Mirini
763 1498 962 1534 confefl'oris
989 1498 1031 1532 de
1060 1496 1217 1538 Paffelet,
1247 1497 1468 1544 Glasguenfis
1495 1498 1645 1540 diocefis,
1673 1501 1708 1534 in

232 1572 301 1605 quo
321 1559 439 1593 divino
458 1557 533 1592 estis
552 1556 714 1602 obsequio
733 1556 930 1602 mancipati,
957 1554 1018 1588 sub
1044 1554 1136 1588 beati
1166 1554 1260 1588 Petri
1285 1554 1427 1601 apostoli
1447 1559 1481 1588 et
1499 1554 1612 1589 nostra
1629 1569 1708 1602 pro-

233 1615 388 1649 tecffione
402 1612 620 1660 suscepimus,
641 1617 676 1647 et
693 1612 861 1659 presentis
874 1610 989 1658 scripti
1007 1610 1191 1657 privilegio
1210 1611 1466 1645 communimus
1481 1623 1488 1644 :
1527 1610 1570 1644 In
1588 1612 1708 1658 primis

231 1670 395 1717 liquidem
414 1669 601 1704 statuentes
627 1674 667 1702 ut
693 1668 780 1702 ordo
800 1667 1016 1707 monasticus,
1045 1667 1103 1712 qui
1122 1665 1310 1701 secundum
1330 1667 1449 1701 Deum
1468 1680 1507 1701 ac
1525 1667 1615 1701 beati
1642 1668 1707 1702 Be-

231 1727 363 1761 nedieti
390 1725 546 1772 regulam
565 1730 668 1770 atque
694 1723 946 1758 institutionem
968 1721 1248 1757 Cluniacenfium
1267 1722 1411 1756 fratrum
1437 1723 1471 1756 in
1491 1724 1614 1757 eodem
1633 1737 1704 1758 mo-

230 1783 377 1817 nasterio
395 1781 568 1816 institutus
587 1779 652 1814 effe
671 1778 871 1819 dinoscitur,
886 1778 1062 1825 perpetuis
1080 1778 1208 1812 ibidem
1226 1778 1440 1825 temporibus
1459 1779 1705 1814 inviolabiliter

231 1838 443 1873 observetur.
497 1837 661 1874 Preterea
678 1834 898 1882 quascunque
929 1832 1158 1881 poffesfioneS,
1186 1846 1392 1880 quecunque
1411 1834 1502 1868 bona
1520 1835 1611 1869 idem
1631 1849 1703 1869 mo-

231 1895 416 1929 nasterium
434 1893 733 1940 impresentiarum
746 1891 837 1938 juste
861 1896 896 1925 et·
914 1890 1080 1925 canonice
1098 1888 1243 1937 poffidet
1261 1896 1321 1924 aut
1339 1890 1546 1931 infuturum,
1567 1891 1702 1926 conces-

229 1953 321 1987 sione
351 1951 568 1999 pontificum,
596 1950 781 1996 largitione
800 1961 922 1995 regum
940 1947 996 1983 vel
1018 1947 1226 1994 principum,
1255 1946 1431 1981 oblatione
1449 1947 1615 1988 fidelium,
1643 1947 1701 1982 seu

228 2010 302 2044 aliis
323 2008 421 2056 justis
438 2007 549 2042 modis
567 2007 739 2054 prestante
766 2005 924 2040 Domino
951 2003 1081 2051 poterit
1108 2003 1256 2049 adipisci,
1285 2003 1386 2037 firma
1402 2003 1499 2037 vobis
1517 2004 1699 2051 vestrisque

227 2063 470 2099 successoribus
489 2069 522 2097 et
537 2063 667 2098 illibata
684 2066 921 2110 permaneant.
958 2059 1002 2094 In
1021 2058 1145 2105 quibus
1162 2059 1226 2093 hec
1244 2060 1391 2106 propriis
1410 2060 1571 2094 duximus
1587 2062 1698 2108 expri-

229 2120 355 2155 menda
368 2119 544 2155 vocabulis
558 2133 567 2161 3
589 2118 723 2153 Locum
743 2117 851 2164 ipsum
866 2117 901 2150 in
916 2129 985 2162 quo
998 2115 1173 2163 prefatum
1185 2115 1430 2150 monasterium
1444 2114 1543 2150 fitum
1562 2116 1608 2151 est
1619 2129 1697 2151 cum

229 2176 389 2210 omnibus
406 2175 626 2223 pertinentiis
643 2174 732 2216 suis;
767 2173 813 2208 Et
843 2172 1009 2219 capellam
1042 2172 1084 2206 de
1115 2171 1352 2218 Lochwynoc,
1380 2185 1458 2206 cum
1477 2173 1696 2219 pertinentiis

228 2232 294 2266 suis
311 2246 319 2274 ;
353 2232 395 2265 de
415 2231 614 2278 Innerwyc,
635 2231 677 2264 de
697 2229 914 2276 Lygadwod,
935 2228 979 2262 de
1001 2227 1158 2268 Katemt,
1179 2227 1221 2261 de
1243 2227 1444 2274 Rughglen,
1465 2228 1507 2261 (le
1527 2227 1696 2262 Curman-

228 2300 305 2327 noc,
336 2287 377 2320 de
397 2287 529 2327 Polloc,
559 2287 601 2321 de
625 2284 788 2326 Merneff,
817 2285 860 2319 de
878 2284 1047 2324 Neilston,
1076 2284 1119 2318 de
1140 2283 1354 2330 Kylberhan,
1384 2283 1426 2317 de
1449 2283 1624 2323 Hestwod,
1654 2284 1695 2317 de

231 2343 413 2383 Howstm,
447 2343 488 2377 de
522 2342 709 2391 Kylhelan,
742 2342 784 2376 de
815 2340 988 2388 Harssq'm
1021 2340 1063 2375 de
1097 2339 1329 2387 Kylniacolm,
1363 2339 1405 2373 de
1434 2339 1622 2385 Innerkyp,
1653 2339 1694 2373 de
