1870 2683
747 289 816 324 DE
845 289 1114 324 PASSELET.
1579 298 1645 330 351

262 385 428 433 preibiter
447 384 668 432 Glasguenfis
687 384 837 426 diocefis,
858 386 1017 433 publicus
1036 387 1205 434 imperiali
1221 393 1254 422 et
1268 389 1364 434 regia
1381 389 1649 425 auctoritatibus

264 442 465 488 [notarius]
484 442 564 487 quia
581 440 747 489 premiffis
765 442 927 476 omnibus
957 449 991 477 et
1018 441 1158 489 fingulis
1177 443 1261 477 dum
1292 442 1334 479 fic
1364 450 1404 478 ut
1434 446 1649 491 premittitur

265 498 475 539 dicerentur,
496 504 686 544 agerentur
704 504 738 532 et
756 498 891 538 fierent,
911 511 1064 533 unacum
1082 500 1334 546 prenominatis
1351 499 1491 535 testibus
1509 501 1649 549 presens

263 554 417 595 interfui,
448 567 556 601 eaque
574 553 616 589 110
635 554 710 589 fieri
728 554 810 595 vidi,
832 553 912 588 scivi
931 561 965 588 et
982 555 1111 596 audivi,
1131 555 1279 602 ideoque
1298 556 1334 590 in
1349 562 1468 591 notam
1488 559 1574 604 cepi,
1606 572 1648 593 ex

264 623 332 656 qua
350 611 416 645 1100
435 609 573 657 presens
591 610 769 657 publicum
789 610 1056 644 instrumentum
1075 624 1181 645 manu
1200 612 1342 646 alterius
1367 612 1533 660 {criptum
1565 628 1649 649 una-

265 679 344 700 cum
362 667 507 700 notariis
524 666 670 713 publicis
688 665 884 713 subscriptis
901 666 1046 706 confeci,
1066 667 1239 713 publicavi
1259 673 1293 702 et
1311 669 1347 702 in
1366 669 1454 703 hanc
1472 670 1647 716 publicam

264 722 412 756 formam
431 721 730 756 instrumentalem
749 723 869 769 redegi
887 721 1051 768 fignoque
1070 728 1104 756 et
1122 724 1265 758 nomine
1286 724 1372 759 meis
1389 724 1495 759 lolitis
1514 732 1548 760 et
1567 739 1648 761 con·

262 776 365 812 suetis
383 790 438 811 me
457 777 700 812 subscribendo
718 777 858 825 signavi,
887 779 924 812 in
949 779 1055 813 fidem
1074 785 1108 813 et
1128 779 1362 814 testimonium
1391 780 1644 827 premissorum,

262 839 405 880 rogatus
423 839 457 868 et
475 833 667 879 requisitus.
1351 837 1385 872 J.
1406 837 1597 872 Aurifabri.

263 890 309 924 Et
327 903 393 936 ego
410 889 592 925 Johannes
612 890 742 924 Reston
762 889 928 937 preibiter
947 891 1169 938 Glasguenfis
1187 892 1339 933 diocefis‚
1363 893 1522 940 publicus
1540 896 1647 941 impe-

262 946 338 980 riali
356 951 391 980 et
408 946 516 992 regali
534 946 801 980 auctoritatibus
819 947 989 987 notarius,
1020 948 1101 993 quia
1118 946 1286 994 premissis
1305 949 1466 983 omnibus
1484 956 1518 984 et
1536 949 1647 996 fingu—

262 1003 302 1036 lis
331 1002 414 1037 dum
442 1003 486 1037 110
512 1007 552 1038 ut
582 1003 797 1049 premittitur
823 1008 1023 1049 agerentur,
1058 1003 1260 1038 dicerentur
1278 1009 1313 1039 et
1330 1005 1466 1045 fierent,
1495 1018 1647 1040 unacum

261 1060 513 1106 prenominatis
529 1059 669 1094 testibus
687 1072 727 1094 ac
744 1059 888 1093 notariis
906 1058 1096 1106 prescripto
1115 1065 1150 1094 et
1168 1059 1397 1108 infrascripto,
1428 1062 1567 1108 presens
1598 1063 1646 1096 in-

262 1115 378 1155 terfui,
407 1128 516 1162 eaque
534 1115 577 1150 110
595 1116 671 1150 fieri
689 1115 772 1156 vidi,
805 1114 886 1149 scivi
905 1121 939 1149 et
957 1116 1074 1150 audivi
1092 1128 1132 1150 ac
1150 1116 1186 1149 in
1203 1121 1324 1150 notam
1342 1116 1476 1164 sumpfi,
1509 1131 1553 1152 ex
1580 1132 1649 1164 qua

262 1172 329 1206 1100
347 1170 486 1218 presens
504 1171 683 1219 publicum
709 1171 977 1205 instrumentum
995 1184 1102 1206 manu
1120 1172 1263 1206 alterius
1280 1172 1444 1220 scriptum
1473 1174 1647 1220 publicavi

261 1227 426 1274 lignoque
457 1233 492 1262 et
522 1228 664 1262 nomine
683 1227 768 1262 meis
785 1226 892 1261 solitis
910 1234 945 1262 et
963 1227 1134 1263 consuetis
1152 1229 1208 1263 hie
1235 1242 1290 1264 me
1316 1228 1559 1266 subscribendo
1586 1230 1647 1277 fig-

263 1285 355 1324 navi‚
384 1288 527 1330 rogatus
545 1289 580 1318 et
598 1283 789 1330 requifituS,
822 1284 858 1316 in
884 1284 989 1318 fidem
1010 1290 1044 1319 et
1062 1285 1297 1319 testimonium
1315 1287 1470 1321 veritatis
1489 1288 1646 1323 oninium

262 1337 516 1387 premifforum.
1397 1342 1431 1377 J.
1454 1343 1596 1378 Reston.

264 1399 310 1432 Et
329 1411 394 1445 ego
413 1397 594 1433 Johannes
612 1397 655 1431 de
674 1396 876 1438 Thornton‚
897 1396 1118 1444 Glasguenfis
1133 1398 1273 1433 diocefis
1291 1397 1468 1445 prespiter,
1489 1400 1646 1447 publicus

263 1455 474 1488 auctoritate
494 1453 664 1500 imperiali
683 1458 717 1487 et
735 1453 844 1500 regali
862 1454 1031 1494 notarius,
1061 1455 1142 1500 quia
1166 1453 1333 1502 premiffis
1351 1455 1513 1490 omnibus
1532 1462 1567 1490 et
1584 1455 1647 1491 fin-

263 1510 353 1557 gulis
372 1510 455 1544 dum
473 1508 516 1544 fic
534 1514 574 1543 ut
591 1509 806 1556 premittitur
825 1509 1036 1550 dicerentur,
1066 1516 1256 1556 agerentur
1274 1516 1309 1546 et
1326 1511 1463 1551 fierent,
1494 1524 1647 1546 unacum

262 1565 516 1613 prenominatis
542 1564 682 1599 testibus
713 1571 747 1599 et
775 1566 919 1600 notariis
946 1565 1153 1613 prescriptis,
1186 1566 1326 1614 presens
1355 1567 1508 1607 interfui,
1539 1581 1646 1613 eaque

263 1623 381 1657 omnia
399 1628 433 1656 et
451 1621 585 1669 fingula
601 1620 761 1668 premiffa
778 1621 821 1656 fic
838 1622 925 1662 fieri,
947 1622 1014 1656 dici
1031 1622 1113 1662 vidi,
1127 1621 1208 1657 scivi
1227 1628 1261 1657 et
1280 1623 1397 1658 audivi
1415 1636 1454 1658 ac
1472 1624 1507 1657 in
1526 1630 1646 1658 notam

263 1680 350 1726 cepi,
379 1692 422 1713 ex
440 1691 509 1725 qua
526 1678 593 1713 hoc
610 1678 787 1725 publicum
806 1677 1074 1713 instrumentum
1095 1691 1202 1713 manu
1220 1679 1363 1714 alterius
1380 1680 1543 1727 scriptum
1563 1680 1646 1727 pub-

262 1736 363 1770 licavi
381 1734 546 1781 lignoque
564 1735 708 1769 nomine
726 1734 812 1769 meis
830 1733 936 1769 solitis
966 1733 1142 1782 subscripfi
1160 1740 1195 1769 et
1212 1734 1352 1781 fignavi,
1381 1742 1524 1782 rogatus
1543 1743 1576 1770 et
1595 1749 1646 1769 re-

263 1790 415 1837 quifitus,
435 1791 472 1826 in
489 1791 593 1825 fidem
613 1796 648 1825 et
666 1790 899 1825 testimonium
920 1791 1075 1825 omnium
1097 1789 1351 1837 premifforum.

1281 1847 1315 1883 J.
1335 1848 1377 1882 de
1397 1848 1597 1885 Thornton.

169 2018 444 2052 Instrumentum
465 2017 611 2051 Abbatis
630 2022 664 2051 et
683 2022 877 2051 conventus
895 2015 938 2050 de
957 2014 1102 2055 Passeto,
1132 2016 1224 2050 inter
1238 2015 1376 2050 eosdem
1395 2021 1429 2050 et
1446 2017 1645 2063 magistrum

168 2074 288 2108 Dauid
308 2073 518 2120 Cunygham
537 2073 709 2107 decanum
728 2073 892 2112 ruralem,
912 2072 956 2105 ad
974 2071 1169 2105 instantiam
1188 2084 1310 2106 eorum
1330 2072 1531 2107 excitatum.

169 2185 225 2219 IN
253 2184 346 2218 DEI
373 2183 589 2218 NOMINE
621 2183 750 2218 Amen.
805 2183 873 2218 Per
904 2183 969 2217 hoc
999 2181 1138 2229 presens
1167 2182 1347 2229 publicum
1378 2183 1646 2221 instrumentum

167 2241 304 2275 cunctis
322 2245 440 2287 pateat
457 2239 640 2274 evidenter
659 2245 693 2273 et
710 2238 749 2273 fit
767 2244 892 2273 notum
910 2239 1004 2285 quod
1022 2251 1116 2273 anno
1143 2239 1318 2274 dominice
1336 2240 1585 2276 incarnationis
1604 2248 1647 2276 ΜΟ

168 2302 274 2332 cccc⁰
293 2307 446 2336 Lxxx1x,
481 2295 536 2329 die
566 2308 652 2329 vero
680 2295 805 2329 ultimo
833 2295 1003 2335 Januarii,
1036 2295 1230 2330 indictione
1256 2296 1392 2337 octava,
1423 2298 1646 2344 pontificatus

166 2351 362 2388 sanffiffimi
379 2352 417 2386 in
436 2351 698 2398 Christopatris
716 2364 755 2385 ac
773 2351 904 2385 domini
924 2351 1056 2386 domini
1082 2351 1187 2387 nostri
1215 2352 1415 2388 Innocentii
1434 2353 1552 2389 divina
1568 2368 1647 2402 pro-
