1839 2652
746 271 817 305 DE
845 270 1114 306 PASSELET.
1626 276 1670 305 35

189 367 314 414 scripta
330 367 548 407 mandamus,
577 373 749 413 quatenus
775 380 837 402 vos
863 367 920 402 vel
949 368 1019 402 duo
1048 372 1108 402 aut
1138 380 1230 402 unus
1248 366 1410 407 vestrum,
1444 380 1506 414 per
1534 381 1596 402 vos
1616 368 1669 401 vel

187 423 294 457 alium
312 421 371 458 seu
389 423 485 463 alios,
514 423 618 458 etiam
636 423 659 457 11
676 422 741 458 fint
759 429 859 458 extra
875 424 954 458 loca
983 424 1019 457 in
1049 423 1174 469 quibus
1205 423 1362 471 deputati
1390 423 1465 458 estis
1492 423 1671 459 conserva-

189 486 283 514 tores
309 484 344 514 et
355 479 504 526 judices,
537 479 727 520 abbatibus,
756 479 943 527 prioribus,
964 479 1113 520 decanis,
1143 479 1373 514 conventibus
1392 485 1427 514 et
1445 480 1606 514 domibus
1633 494 1670 515 a(-

189 535 353 570 membris
383 535 560 582 predififfis,
589 535 736 570 efficacis
765 534 970 570 defensionis
996 534 1143 582 prefidio
1170 533 1366 577 aflistentes,
1394 549 1467 570 non
1495 537 1671 583 permitta-

189 592 243 632 tis,
278 590 381 638 super
406 590 574 637 premissis
609 596 644 625 et
667 590 874 637 quibussibet
908 592 983 625 aliis
1014 592 1113 625 bonis
1149 598 1183 626 et
1212 592 1352 639 juribus
1386 593 1429 627 ad
1456 592 1545 639 ipsos
1580 592 1671 639 spec-

189 647 354 687 tantibus,
385 646 427 680 ab
459 646 585 680 eisdem
622 652 655 680 et
686 646 949 692 quibuscunque
976 647 1060 687 aliis,
1095 646 1168 694 ipfis
1202 649 1406 693 gravamina
1432 647 1491 682 seu
1522 649 1671 695 dampna

190 703 245 737 vel
265 702 407 750 injurias
426 702 598 748 irrogari3
626 703 755 737 facturi
772 701 858 749 ipsis,
888 715 968 737 cum
994 703 1036 737 ab
1064 704 1112 737 eis
1142 704 1197 738 vel
1217 717 1339 738 eorum
1359 705 1486 750 aliquo,
1516 704 1575 739 seu
1594 718 1672 751 pro-

189 765 351 794 curatore
369 758 425 793 vel
443 758 729 805 procuratoribus
756 759 951 793 eorundem
977 759 1033 793 vel
1064 759 1211 806 alicujus
1243 772 1377 800 eorum,
1406 761 1541 795 fueritis
1560 762 1672 806 requi-

189 814 252 856 fiti,
276 815 318 849 de
336 814 504 862 predictis
522 820 557 849 et
575 814 649 848 aliis
667 814 821 862 personis
840 814 1056 861 quibussibet,
1076 814 1178 862 super
1204 815 1422 850 restitutione
1439 817 1670 863 prioratuum,

192 872 436 911 decanatuum,
473 870 703 911 ecclesiarum,
739 871 977 918 grangiarum,
1023 870 1224 912 castrorum,
1266 870 1439 912 casalium,
1484 878 1668 913 terrarum,

190 925 444 974 pofl'eflionum,
459 925 757 974 jurisdictionum,
780 927 928 974 jurium,
958 932 992 961 et
1022 927 1198 962 bonorum
1229 928 1414 962 mobilium
1444 934 1477 962 et
1510 929 1670 963 immobi-

190 983 287 1024 lium,
308 983 510 1017 reddituum
528 996 667 1029 quoque
686 988 721 1017 et
739 988 990 1023 conventuum,
1017 989 1052 1018 et
1079 984 1228 1021 aliorum
1255 997 1546 1030 quorumcunque
1565 985 1672 1019 bono-

191 1052 281 1080 rum,
309 1052 449 1074 necnon
469 1040 511 1073 de
530 1038 736 1085 quibussibet
766 1038 902 1086 injuriis
920 1046 954 1073 et
973 1040 1145 1080 molestiis,
1174 1039 1392 1088 presentibus
1419 1046 1455 1075 et
1482 1041 1611 1075 futuris
1636 1043 1672 1075 in

191 1097 346 1145 personis
365 1103 399 1132 et
417 1097 521 1132 rebus
551 1096 716 1145 ipsorum,
745 1098 780 1131 in
798 1097 865 1131 illis
883 1097 1046 1132 videlicet
1064 1110 1131 1143 que
1143 1097 1347 1144 judicialem
1375 1098 1560 1143 requirunt
1577 1098 1672 1132 inda-

191 1156 321 1202 ginem,
349 1154 547 1203 fimpliciter
566 1161 600 1189 et
619 1155 661 1190 de
680 1155 797 1202 plano,
818 1153 886 1189 fine
904 1154 1047 1201 strepitu
1075 1160 1109 1188 et
1139 1154 1253 1200 figura
1277 1154 1413 1201 judicii,
1442 1155 1478 1188 111
1496 1154 1571 1188 aliis
1590 1168 1673 1189 vero

192 1218 298 1260 prout
316 1212 462 1258 qualitas
481 1224 603 1246 eorum
623 1212 790 1257 exegerit,
805 1211 936 1258 justitie
949 1210 1247 1257 complementum
1265 1225 1273 1253 ς
1295 1216 1522 1258 occupatores
1541 1210 1599 1245 seu
1618 1212 1674 1245 de-

196 1275 360 1309 tentores,
394 1267 641 1309 molestatores,
673 1267 931 1315 presumptores
970 1273 1004 1302 et
1036 1267 1258 1315 injuriatores
1292 1267 1501 1315 hujusmodi,
1534 1282 1673 1304 necnon

195 1324 472 1359 contradictores
502 1323 670 1370 quossibet
698 1329 733 1358 et
762 1323 910 1358 rebelles
941 1323 1177 1371 cujuscunque
1205 1324 1321 1365 status,
1350 1325 1483 1358 ordinis
1509 1325 1565 1359 vel
1593 1338 1673 1359 con-

195 1382 346 1421 ditionis,
367 1381 470 1415 etiam
488 1380 512 1414 fi
530 1380 827 1428 archiepiscopalis
846 1380 901 1415 vel
928 1379 1129 1428 episcopalis
1147 1380 1325 1426 dignitatis
1344 1381 1536 1421 extiterint,
1567 1393 1674 1427 quan-

195 1438 381 1483 docunque
410 1442 444 1471 et
470 1436 742 1483 quotiescunque
778 1437 981 1484 expedierit,
1009 1436 1220 1471 auctoritate
1251 1435 1377 1477 nostra,
1404 1450 1467 1484 per
1495 1436 1674 1472 censuram

195 1491 463 1533 ecclefiasticam,
502 1492 735 1540 appellatione
769 1491 961 1540 postposita,
1000 1491 1263 1539 compescendo,
1303 1493 1466 1528 invocato
1495 1493 1539 1527 ad
1569 1493 1635 1528 hoc
1652 1493 1674 1527 11

196 1560 283 1597 opus
301 1549 406 1583 fuerit
424 1549 555 1583 auxilio
572 1548 704 1583 brachii
730 1548 915 1591 secularis3
943 1561 1016 1583 11011
1043 1547 1255 1583 obstantibus
1284 1548 1393 1583 felicis
1423 1549 1675 1584 recordationis

197 1605 378 1641 Bonefacii
394 1618 483 1653 pape
514 1606 631 1641 octavi
658 1603 905 1653 predecessoris
935 1604 1051 1645 nostri,
1079 1605 1116 1639 in
1146 1605 1272 1650 quibus
1303 1611 1446 1640 cavetur
1476 1618 1521 1640 110
1552 1605 1675 1651 aliquis

198 1668 296 1697 extra
313 1660 409 1696 suam
428 1662 603 1697 civitatem
623 1667 658 1697 et
675 1660 857 1703 diocesem,
886 1660 947 1696 nifi
964 1662 1000 1695 in
1019 1661 1122 1696 certis
1140 1661 1294 1708 exceptis
1312 1659 1451 1702 cafibus,
1484 1667 1519 1695 et
1546 1662 1581 1695 in
1609 1662 1675 1695 illis

197 1720 291 1754 ultra
307 1731 415 1754 unam
434 1719 561 1753 dietam
581 1732 601 1753 a
617 1718 687 1753 fine
705 1717 764 1753 sue
783 1717 934 1759 diocefis,
954 1717 996 1752 ad
1010 1717 1182 1764 judicium
1203 1724 1381 1758 evocetur,
1403 1716 1461 1752 seu
1480 1731 1524 1752 ne
1536 1718 1675 1765 judices

199 1782 233 1810 et
251 1774 523 1815 conservatores,
543 1788 563 1809 a
580 1774 659 1809 sede
678 1775 835 1822 deputati
856 1774 1025 1822 predista,
1056 1778 1156 1809 extra
1174 1774 1349 1809 civitatem
1381 1780 1416 1808 et
1443 1773 1613 1808 diocesem
1641 1775 1675 1807 in

199 1831 323 1878 quibus
353 1831 511 1878 deputati
536 1831 678 1872 fuerint,
707 1836 831 1866 contra
859 1828 1083 1877 quoscunque
1113 1830 1314 1877 procedere,
1347 1829 1413 1865 live
1432 1830 1500 1865 alio
1518 1830 1575 1865 vel
1601 1831 1675 1864 aliis

200 1889 291 1923 vices
309 1887 384 1922 suas
402 1888 633 1928 committere,
654 1893 714 1922 aut
732 1888 865 1934 aliquos
882 1887 976 1922 ultra
992 1899 1100 1921 unam
1118 1886 1247 1921 dietam
1265 1900 1286 1921 a
1303 1887 1372 1921 fine
1391 1886 1531 1921 diocesis
1549 1900 1675 1922 eorun-

201 1946 279 1980 dem
297 1945 436 1980 trahere
454 1943 665 1992 presumant,
693 1943 751 1979 seu
769 1943 864 1990 quod
891 1944 934 1978 de
960 1943 1034 1977 aliis
1052 1955 1155 1989 quam
1184 1943 1368 1977 manifestis
1397 1943 1532 1990 injuriis
1551 1949 1585 1977 et
1603 1944 1674 1977 vio-

201 2002 327 2043 lentiis,
355 2014 395 2036 ac
413 2001 487 2035 aliis
505 2014 572 2047 que
597 2000 802 2048 judicialem
821 2000 1021 2046 indaginem
1050 2000 1207 2046 exigunt,
1235 2000 1344 2047 penis,
1376 2000 1412 2033 in
1443 2012 1501 2034 eos
1530 1999 1553 2033 fi
1580 1998 1674 2033 secus

201 2058 348 2104 egerint,
369 2063 404 2092 et
429 2057 516 2091 inid
533 2062 773 2104 procurantes,
805 2056 962 2104 adjeetis,
990 2055 1252 2091 conservatores
1279 2055 1312 2090 se
1336 2056 1538 2090 nullatenus
1568 2056 1675 2089 intro-

202 2114 353 2155 mittant,
382 2120 417 2148 et
434 2119 505 2148 tan]
524 2113 567 2147 de
587 2112 720 2147 duabus
747 2113 847 2147 dietis
864 2113 901 2146 in
919 2111 1059 2146 consilio
1077 2112 1244 2158 generali,
1277 2112 1468 2146 dummodo
1486 2111 1579 2146 ultra
1608 2118 1676 2146 ter-

201 2170 284 2204 tiam
297 2169 353 2204 vel
368 2174 526 2215 quartam
541 2169 669 2203 dietam
683 2168 806 2214 aliquis
817 2174 916 2203 extra
927 2167 1023 2202 suam
1035 2168 1211 2202 civitatem
1225 2172 1259 2202 et
1270 2166 1451 2208 diocesem,
1465 2168 1675 2203 auctoritate

202 2225 426 2273 presentium,
454 2225 498 2259 ad
510 2225 682 2272 judicium
700 2238 773 2259 non
791 2225 960 2265 trahatur,
989 2237 1093 2270 quam
1119 2224 1193 2258 aliis
1223 2222 1484 2270 quibuscunque
1512 2224 1674 2259 constitu-

204 2282 356 2317 tionibus
374 2295 395 2316 a
411 2279 705 2328 predecessoribus
722 2280 845 2315 nostris
865 2280 1035 2315 Romanis
1065 2280 1297 2327 pontificibus,
1329 2285 1400 2315 tam
1431 2281 1474 2316 de
1498 2281 1675 2329 judicibus

205 2338 371 2384 delegatis
389 2344 423 2373 et
442 2336 742 2373 conservatoribus
761 2349 863 2383 quam
882 2336 1036 2383 personis
1053 2337 1147 2371 ultra
1164 2341 1296 2372 certum
1316 2349 1502 2373 numerum
1521 2338 1563 2373 ad
1581 2338 1673 2385 judi-
