1870 2683
206 284 278 315 338
606 275 921 311 REGISTRUM
950 274 1290 310 MONASTERII

211 383 245 411 et
263 373 477 410 venerabiles
504 385 544 407 ac
573 371 751 418 religiosos
779 371 874 405 viros
906 370 1082 405 Abbatem
1113 376 1148 405 et
1178 376 1394 405 conventum
1426 373 1622 407 monasterii
1641 374 1684 407 de

215 431 358 470 Passeto,
388 429 519 463 ordinis
538 427 786 468 Cluniaeenfis,
820 425 1040 474 Glasguenfis
1068 426 1259 472 [diocefis],
1292 426 1468 462 occafione
1486 428 1687 463 vifitationis

214 487 366 535 ipsorum
385 491 419 520 et
437 485 486 519 sui
504 484 711 524 monasterii,
739 496 880 518 necnon
907 488 941 517 et
966 481 1141 530 proceffus
1166 495 1207 517 ac
1231 482 1418 517 sententias
1436 484 1599 519 videlicet
1623 485 1689 520 sus-

214 542 395 590 pensioniS,
428 540 809 580 excommunicationis,
846 540 1037 581 interdicti,
1076 540 1343 587 aggravationis,
1382 542 1688 587 reaggravationis‚

215 598 489 645 sequestrationis
508 610 547 631 ac
565 597 746 631 fructuum
764 596 1009 631 subtractionis
1026 610 1089 644 per
1107 597 1242 631 dictum
1273 597 1453 632 dominum
1482 598 1691 645 Episcopum

216 656 312 695 latas,
332 654 518 689 sententias
531 659 655 688 contra
667 653 779 688 dictos
799 653 975 688 Abbatem
987 658 1022 688 et
1040 659 1255 688 conventum
1269 652 1486 700 singulosque
1501 655 1693 689 monachos

216 718 249 745 et
270 711 378 758 ipsum
398 710 644 745 monasterium
662 723 701 744 ac
728 709 903 744 ecclefiam
922 710 1086 758 ejusdem,
1118 709 1310 750 relaxandi,
1339 716 1374 744 et
1405 709 1494 757 ipsos
1513 711 1689 746 Abbatem

215 766 431 814 singulosque
451 767 563 801 di&os
581 766 771 801 monachos
802 772 836 800 et
866 772 1080 801 conventum
1111 765 1263 814 ejusdem
1291 767 1487 801 monasterii
1506 767 1548 801 ab
1566 767 1692 802 eisdem

214 823 424 870 proceffibus
442 829 476 857 et
494 823 671 857 sententiis
689 821 900 864 absolvendi,
929 836 969 857 ac
1000 823 1118 857 omnia
1147 823 1214 856 alia
1245 828 1279 857 et
1308 822 1441 869 fingula
1458 823 1692 870 faciendique

216 882 251 914 in
270 878 435 927 premiffis
453 877 640 914 neceffaria
668 878 799 913 fuerint
827 885 861 913 et
890 884 1075 926 oportuna.
1128 878 1240 926 Super
1258 879 1382 925 quibus
1401 880 1562 914 omnibus
1580 886 1615 915 et
1632 879 1695 915 fin-

214 937 304 982 311115
323 937 437 971 dictus
456 936 617 970 dominus
637 936 768 983 Symon
788 935 1052 970 archidiaconus
1069 936 1169 982 petiit
1199 948 1219 969 a
1246 948 1302 970 me
1321 936 1459 971 notario
1477 937 1617 984 publico
1643 938 1694 971 in—

216 991 395 1039 frascripto
413 992 471 1026 fibi
490 992 566 1027 fieri
582 992 759 1039 publicum
779 992 1047 1026 instrumentum
1066 992 1122 1026 vel
1152 991 1253 1039 plura
1282 992 1422 1039 publica
1452 993 1692 1028 instrumenta.

219 1050 314 1084 Affta
331 1050 475 1084 fuerunt
492 1050 556 1083 hec
574 1049 667 1096 apud
686 1049 878 1083 manerium
898 1049 1047 1095 predicti
1074 1048 1259 1082 reverendi
1287 1048 1322 1081 in
1349 1048 1486 1083 Christo
1504 1050 1622 1096 patriS,
1651 1051 1693 1084 de

219 1106 327 1146 Lacu,
355 1106 391 1140 in
410 1118 547 1140 camera
564 1105 632 1145 sua,
652 1104 713 1139 sub
731 1118 835 1145 anno,
855 1104 1060 1144 indictione,
1080 1103 1207 1144 mense,
1228 1104 1284 1138 die
1304 1110 1338 1138 et
1355 1105 1562 1151 pontificatu
1579 1106 1694 1153 supra-

219 1163 346 1205 dictis3
375 1161 590 1209 presentibus
608 1160 865 1195 venerabilibus
883 1166 918 1194 et
949 1160 1102 1195 discretis
1130 1161 1213 1195 viris
1240 1160 1400 1207 magistro
1430 1162 1624 1197 Laurentio
1651 1163 1693 1197 de

219 1218 408 1258 Lundoris,
437 1218 579 1252 domino
603 1217 765 1251 wilelmo
785 1217 827 1250 de
847 1216 970 1263 Fayre,
1001 1217 1197 1252 rectoribus
1215 1217 1434 1252 ecclefiarnm
1455 1219 1498 1253 de
1519 1218 1633 1253 Crech
1661 1226 1695 1254 et

219 1276 262 1309 de
282 1275 493 1315 Torbolton,
515 1274 769 1309 Sanctiandree
799 1278 834 1307 et
861 1272 1083 1320 Glasguenfis
1110 1272 1297 1313 diocesum,
1318 1279 1353 1308 et
1372 1274 1515 1308 domino
1535 1275 1695 1309 Roberto

218 1331 253 1364 V
256 1331 418 1370 enatoris,
439 1330 629 1377 capellano,
650 1342 728 1364 cum
747 1328 865 1363 multis
883 1329 958 1363 aliis
971 1330 1109 1364 testibus
1123 1330 1165 1364 ad
1180 1328 1342 1377 premissa
1354 1332 1485 1365 vocatis
1504 1331 1695 1378 specialiter

220 1396 252 1423 et
273 1389 412 1435 rogatis.

320 1445 366 1479 Et
385 1458 449 1491 ego
468 1444 648 1479 Johannes
679 1444 722 1478 de
755 1443 897 1492 Hawyk
924 1443 1090 1490 presbiter
1120 1441 1342 1489 Glasguenfis
1361 1443 1511 1484 diocefis,
1540 1444 1699 1491 publicus

318 1501 528 1535 auctoritate
547 1500 718 1547 imperiali
736 1501 904 1540 notarius,
924 1499 1090 1546 preduffis
1109 1497 1385 1545 subdelegationi
1411 1506 1445 1534 et
1472 1498 1698 1534 connniffioni

321 1557 547 1602 omnibusque
565 1556 640 1590 aliis
659 1562 693 1590 et
710 1555 850 1602 singulis
870 1556 952 1590 dnm
971 1554 1013 1589 fic
1027 1561 1067 1589 nt
1081 1555 1296 1602 premittitur
1309 1562 1498 1601 agerentur
1512 1562 1547 1590 et
1560 1557 1697 1597 fierent,

320 1625 469 1647 unacum
489 1613 741 1659 prenominatis
759 1612 909 1651 testibus,
937 1611 1076 1658 presens
1093 1611 1153 1651 fui,
1184 1623 1292 1656 eaque
1310 1610 1352 1645 fic
1370 1612 1445 1645 fieri
1464 1612 1535 1646 vidi
1553 1618 1588 1646 et
1605 1613 1701 1647 audi-

319 1669 354 1703 vi
373 1675 407 1703 et
425 1669 491 1703 hoc
509 1667 648 1715 presens
666 1668 845 1715 publicum
862 1667 1130 1701 instrumentum
1158 1666 1238 1700 inde
1269 1667 1402 1701 confeci
1432 1666 1596 1714 signoque
1622 1681 1701 1703 meo

320 1724 485 1759 consueto
504 1724 643 1771 signavi,
672 1730 816 1771 rogatus
848 1730 881 1758 et
912 1721 1104 1769 requisitus,
1134 1723 1169 1755 in
1200 1722 1304 1757 fidem
1324 1729 1358 1757 et
1376 1723 1609 1758 testimonium
1630 1737 1701 1758 om-

320 1781 417 1815 nium
436 1779 689 1828 premifforuin.

227 1951 337 1985 Aliud
357 1951 623 1986 instrumentum
643 1951 685 1985 de
704 1950 839 1985 eodeni.

229 2064 285 2098 IN
313 2064 405 2098 DEI
434 2063 649 2099 NOMINE
678 2063 808 2097 Amen.
862 2061 929 2095 Per
959 2061 1025 2095 hoc
1054 2060 1193 2108 presens
1227 2060 1407 2108 publicum
1435 2060 1700 2096 instrumentum

228 2122 363 2155 cunffis
382 2127 496 2168 pateat
516 2120 697 2155 evidenter
716 2119 811 2165 quod
830 2130 922 2152 anno
941 2117 982 2151 ab
1001 2117 1242 2152 incarnatione
1262 2116 1412 2151 Domini
1431 2122 1474 2150 ΜΟ
1493 2122 1600 2151 0000ο
1618 2117 1701 2157 viii⁰‚

228 2178 420 2212 indictione
448 2178 571 2224 prima,
601 2174 724 2210 lnenfis
752 2174 840 2209 Maii
869 2174 924 2208 die
951 2178 997 2213 x³,
1025 2174 1249 2221 pontificatus
1276 2171 1472 2208 sanctissimi
1502 2174 1538 2207 in
1567 2172 1702 2208 Christo

230 2234 336 2280 patris
354 2246 392 2267 ac
411 2233 544 2268 domini
560 2232 666 2267 nostri
682 2232 815 2266 domini
831 2230 1014 2265 Benedicti
1034 2230 1151 2264 divina
1162 2229 1383 2277 providentia
1400 2242 1488 2276 pape
1506 2229 1592 2262 xiiitii
1610 2241 1702 2262 anno

229 2345 434 2380 constitutus
454 2345 663 2380 venerabilis
682 2345 734 2378 vir
761 2344 923 2378 dominus
943 2343 1062 2377 Simon
1090 2343 1132 2376 de
1162 2341 1386 2376 Mundavilla
1416 2340 1592 2385 utriufilue
1614 2339 1702 2386 juris
