1839 2652
738 258 809 293 DE
837 254 1106 291 PASSELET.
1596 254 1663 291 177

182 414 318 449 Littera
336 413 470 448 directa
487 412 697 448 Vicecomiti
715 412 757 446 de
776 410 989 446 Dunbertan
1006 421 1069 456 per
1089 406 1206 441 David
1224 418 1343 452 regem
1363 404 1489 439 Scotie.

182 526 357 561 DAVID
386 526 454 561 Dei
473 527 585 573 gratia
602 538 664 559 rex
684 524 883 559 Scottorum
903 522 998 556 fideli
1028 520 1144 555 nostro
1164 519 1358 554 Malcolmo
1378 518 1550 564 Flemyng
1567 517 1656 551 vice-

180 583 300 617 comiti
319 583 361 617 de
381 582 592 616 Dunbertan
611 580 766 615 salutem.
821 579 925 619 Quia,
953 583 993 612 ut
1021 577 1254 624 concepimus,
1282 575 1469 609 recolende
1487 573 1655 608 memorie

180 639 342 673 dominus
360 638 565 685 progenitor
583 637 697 671 noster
715 633 876 670 concellit
894 633 1059 680 religiosis
1076 634 1159 667 viris
1178 632 1309 666 Abbati
1324 638 1358 666 et
1376 630 1567 665 conventui
1585 642 1657 664 mo-

179 696 316 730 nasterii
335 696 377 730 de
397 694 543 729 Paffelet
560 695 653 741 quod
673 705 793 727 omnes
811 697 904 726 terre
922 690 980 724 sue
1000 690 1088 723 infra
1102 695 1217 736 partes
1232 689 1274 722 de
1290 688 1458 722 Levenax
1472 686 1655 721 existentes

177 751 286 786 libere
314 751 498 786 existerent
524 751 566 784 ab
597 749 806 784 omnimodis
825 746 1077 786 exaestionibus,
1106 745 1276 791 talliagiis,
1306 744 1491 791 carriagiis,
1520 742 1654 791 impofi-

178 808 330 842 tionibus
349 821 388 842 ac
411 808 485 841 aliis
504 807 667 841 oneribus
685 803 946 851 quibuscunque
965 803 1223 850 imperpetuum
1241 816 1249 844 ;
1280 802 1463 836 Solventes
1482 800 1654 834 duntaxat

176 865 356 899 annuatim
375 864 528 910 quinque
546 862 679 897 coldras
697 862 807 895 farine
825 872 1015 894 avenarum
1041 859 1085 893 ad
1116 859 1348 892 munitionem
1375 857 1472 891 castri
1491 857 1533 891 de
1553 856 1655 890 Dun-

176 922 300 955 bertan
330 933 393 967 pro
425 920 526 954 terris
554 919 721 966 predifitis
738 917 830 951 suis:
860 917 975 963 Igitur
1005 916 1182 963 predifi'oes
1210 913 1388 960 religiosos
1406 914 1499 947 viros
1525 914 1561 946 in
1586 912 1653 946 suis

175 977 393 1012 libertatibus
413 976 577 1023 prediGtis
596 975 715 1009 fovere
733 974 902 1013 volentes,
931 972 1029 1006 vobis
1055 972 1202 1006 firmiter
1220 971 1430 1018 precipimus
1449 976 1483 1003 et
1512 969 1652 1002 manda-

175 1046 263 1074 mus,
283 1033 446 1079 quatinus
464 1032 641 1079 predic-“tos
659 1029 836 1077 religiosos
855 1030 947 1063 viros
966 1034 1001 1063 et
1019 1041 1140 1063 eorum
1161 1034 1271 1062 terras
1289 1027 1475 1074 predicstas,
1497 1025 1654 1059 homines

174 1095 284 1124 terras
302 1089 545 1128 inhabitantes,
576 1093 610 1122 et
628 1093 744 1121 cetera
762 1086 854 1120 bona
872 1090 906 1119 et
934 1085 1059 1119 catalla
1085 1085 1175 1119 infra
1206 1083 1353 1123 easdem,
1384 1082 1650 1121 manuteneatiS,

174 1146 319 1180 foveatis
338 1151 372 1179 et
391 1145 585 1180 defendatis
602 1145 638 1178 in
656 1143 723 1177 suis
741 1141 959 1177 libertatibus
976 1141 1193 1189 supradietis,
1219 1154 1284 1175 nec
1302 1140 1344 1174 ab
1363 1138 1438 1187 ipsis
1456 1139 1512 1173 vel
1531 1151 1654 1173 eorum

173 1203 374 1238 hominibus
392 1204 502 1237 dictas
521 1208 630 1237 terras
660 1201 735 1235 suas
764 1199 1048 1239 inhabitantibus,
1068 1198 1199 1244 aliquas
1230 1198 1460 1244 imponentes,
1489 1195 1651 1241 talliagia‚

174 1260 353 1306 carriagia,
382 1258 437 1293 vel
469 1259 536 1293 alia
569 1270 776 1305 quecunque
805 1269 914 1290 onera
943 1253 1171 1300 quovismodo
1200 1253 1356 1299 exigatis,
1390 1251 1582 1286 dummodo
1608 1251 1651 1284 ad

174 1317 406 1351 munitionem
424 1315 573 1362 predicti
593 1314 690 1349 castri
708 1312 814 1347 nostri
841 1312 883 1346 de
913 1310 1127 1345 Dunbertan
1154 1310 1330 1357 predic-‘cas
1348 1309 1500 1355 quinque
1519 1307 1652 1341 celdras

173 1373 284 1407 farine
302 1384 492 1406 avenarum
511 1371 693 1405 annuatim
711 1368 921 1417 persolvant,
950 1372 985 1401 et
1011 1366 1077 1400 hoc
1100 1378 1170 1399 non
1191 1366 1366 1399 omittant.
1420 1364 1464 1398 In
1483 1363 1581 1410 cnjus
1600 1364 1650 1398 rei

174 1428 419 1468 testimonium,
439 1426 666 1474 presentibus,
687 1425 761 1473 post
779 1425 1029 1459 exhibitionem
1045 1422 1236 1457 earundem
1255 1434 1361 1469 penes
1379 1421 1556 1468 predictos
1574 1419 1652 1454 reli-

173 1483 286 1532 giosos
303 1484 396 1519 viros
414 1483 687 1523 remanentibus,
715 1481 861 1528 figillum
880 1479 1035 1514 nostrum
1054 1478 1223 1513 secretum
1243 1477 1370 1525 apponi
1397 1477 1542 1511 fecimus
1560 1476 1652 1523 apud

177 1541 249 1576 Are
268 1539 427 1575 vicefimo
446 1540 502 1574 <lie
520 1540 606 1576 Julii
624 1552 717 1573 anno
736 1538 836 1585 regni
854 1536 960 1571 nostri
978 1534 1147 1570 tricesimo
1166 1534 1300 1580 quinto.

174 1711 259 1746 Alia
275 1710 394 1745 littera
410 1710 626 1745 inhibitionis
645 1710 735 1757 regis
754 1709 873 1744 David
891 1710 933 1744 ad
953 1709 1208 1744 Vicecomitem
1226 1708 1268 1742 de
1288 1707 1513 1742 Dunbertan.

175 1823 350 1858 DAVID
369 1823 440 1858 Dei
457 1823 569 1870 gratia
586 1835 649 1858 rex
668 1823 869 1857 Scottorum
888 1822 1018 1856 dilecto
1038 1827 1072 1856 et
1102 1821 1197 1856 fideli
1212 1821 1328 1856 nostro
1357 1820 1552 1855 Malcolmo
1574 1819 1604 1854 F
1606 1819 1652 1854 le-

173 1892 282 1927 myng
298 1880 494 1914 vicecomiti
513 1879 629 1913 nostro
648 1879 690 1913 de
711 1878 922 1913 Dunbertan
940 1878 1096 1913 salutem.
1152 1878 1245 1913 Cum
1264 1878 1346 1912 alias
1364 1877 1462 1911 vobis
1473 1877 1510 1910 in
1524 1877 1649 1911 itinere

174 1935 290 1970 nostro
308 1936 401 1982 apud
422 1935 496 1970 Are
514 1934 747 1982 scripserimus
777 1948 841 1982 pro
860 1934 1122 1970 conservatione
1141 1934 1317 1981 cujusdam
1337 1933 1594 1981 compositionis
1612 1945 1652 1966 ac

174 1992 354 2032 libertatis,
381 1998 541 2038 tempore
560 1991 705 2026 celebris
724 1991 893 2025 memorie
904 1992 1138 2038 progenitoris
1156 1991 1272 2029 nostri,
1294 1990 1492 2024 hominibus
1511 1989 1650 2035 religio-

174 2046 291 2081 sorum
310 2048 465 2081 virorum
487 2047 634 2081 Abbatis
653 2053 687 2081 et
706 2053 901 2081 conventus
928 2047 1125 2082 monasterii
1152 2048 1194 2081 de
1216 2045 1362 2080 Paffelet
1389 2046 1479 2079 infra
1509 2045 1650 2079 comita-

174 2111 250 2139 tum
270 2105 312 2139 de
332 2104 499 2138 Levenax
516 2105 751 2139 habitantibus
769 2103 937 2144 concesse,
965 2109 1071 2151 prout
1096 2103 1234 2150 plenius
1252 2103 1454 2136 continetur
1471 2101 1507 2135 in
1526 2101 1650 2135 litteris

175 2160 327 2208 ejusdem
346 2160 579 2207 progenitoris
599 2160 715 2200 nostri,
738 2160 936 2194 Reddendo
955 2160 1036 2193 inde
1054 2160 1235 2193 annuatim
1254 2171 1318 2205 pro
1337 2158 1534 2192 munitione
1553 2158 1650 2192 castri

175 2216 282 2251 nostri
299 2216 341 2250 de
362 2216 574 2250 Dunbertan
591 2216 741 2263 predicti
760 2216 913 2262 quinque
932 2215 1065 2250 celdras
1094 2215 1205 2249 farine
1223 2226 1414 2248 avenarum
1432 2219 1569 2248 tantum
1586 2228 1651 2262 pro

176 2272 386 2306 omnimodis
403 2271 477 2305 aliis
495 2272 682 2313 oneribus,
712 2277 747 2305 et
765 2271 840 2318 jam
867 2272 910 2306 de
929 2284 1021 2305 novo
1052 2271 1096 2304 ad
1122 2270 1273 2304 nostram
1300 2271 1462 2317 pervenit
1490 2272 1650 2307 notitiam

175 2328 268 2374 quod
284 2340 345 2362 vos
363 2333 398 2362 et
415 2327 483 2369 alii,
500 2327 647 2375 serjandi
665 2326 733 2362 five
751 2327 894 2361 ministri
911 2326 1023 2367 vestri,
1044 2332 1167 2361 contra
1184 2332 1343 2361 tenorem
1362 2327 1558 2363 litterarum
1577 2329 1652 2363 nos-

909 2394 926 2416 z
