1839 2652
192 274 262 316 ‘276
589 271 903 308 REGISTRUM
933 273 1269 310 MONASTERII

196 369 407 404 obstantibus
438 368 573 408 litteris,
602 368 848 409 instrumentis,
871 369 1096 415 juramentis,
1124 372 1233 417 penis,
1262 373 1593 416 renunciationibus,
1614 375 1671 410 ob-

194 424 418 471 ligationibus
437 429 472 458 et
498 423 821 457 confirmationibus
849 423 1068 471 supradifi'cis‚
1097 426 1155 461 seu
1185 432 1256 462 tam
1287 428 1395 463 felicis
1426 431 1676 465 recordationis

195 480 364 514 Bonifacii
385 479 478 526 Pape
498 480 558 513 viii
576 493 645 525 qua
662 485 806 513 cavetur
836 492 880 514 ne
912 481 988 526 quis
1006 487 1106 516 extra
1122 481 1217 517 suam
1237 483 1412 518 civitatem
1442 490 1476 518 et
1505 486 1673 521 diocesem

195 534 255 570 nifi
273 536 309 568 in
328 535 430 569 certis
449 535 602 582 exceptis
621 534 750 569 caslbuS
768 535 999 582 adjudicium
1031 544 1207 579 evocetur,
1235 538 1294 573 seu
1324 552 1369 574 ne
1391 540 1528 587 judices
1553 554 1573 575 a
1598 541 1677 576 sede

196 592 352 638 deputati
371 591 530 637 predicta
548 597 648 625 extra
665 591 822 625 civitates
841 597 876 625 et
905 592 1055 627 dioceses
1074 594 1110 627 in
1128 594 1251 639 quibus
1270 595 1428 642 deputati
1446 596 1576 631 fuerint
1594 610 1675 631 con-

196 654 251 681 tra
269 646 494 692 quoscunque
512 647 713 694 procedere,
741 645 808 681 five
827 647 894 681 alio
913 649 969 682 vel
988 649 1062 683 aliis
1080 650 1172 684 vices
1189 650 1264 684 suas
1291 653 1521 693 committere,
1542 659 1602 688 aut
1619 653 1678 687 ali-

196 716 281 749 quos
300 703 394 737 ultra
411 715 517 737 unam
537 703 664 737 dietam
684 716 703 736 a
721 703 790 737 fine
810 702 949 738 diocefis
964 706 1158 739 eorundem
1170 707 1308 741 trahere
1323 706 1534 754 presumant,
1554 714 1589 743 et
1607 715 1676 743 tam

196 759 238 793 de
257 758 390 793 duabus
410 759 510 793 dietis
528 759 564 792 in
584 758 724 793 confilio
743 760 910 805 generali,
932 761 1124 796 dummodo
1142 762 1234 796 ultra
1252 764 1391 797 tertiam
1411 764 1537 798 dietam
1556 765 1679 811 aliquis

197 821 296 849 extra
314 814 407 849 suani
427 814 602 849 civitatem
622 820 656 848 et
668 814 839 849 diocesem
854 816 1065 851 aufitoritate
1079 817 1291 864 presentium
1303 831 1375 853 non
1389 820 1558 860 trahatur,
1575 833 1678 866 quam

197 871 271 905 aliis
289 869 550 916 quibuscunque
568 870 872 905 constitutionibus
890 885 910 905 a
927 871 1221 918 predecefforibus
1248 874 1370 908 nostris
1399 875 1568 910 Romanis
1593 888 1678 923 pon-

196 926 347 961 tificibus
365 927 477 966 editis,
506 932 577 961 tam
596 927 638 960 de
652 927 831 973 judicibus
851 927 1018 973 delegatis
1036 942 1140 974 quam
1157 929 1311 976 personis
1339 930 1432 964 ultra
1462 936 1595 965 certum
1615 944 1677 966 nu-

198 996 332 1018 merum
353 996 415 1030 per
433 983 565 1017 litteras
591 982 792 1029 apostolicas
823 983 867 1017 ad
889 983 1061 1030 judicium
1088 998 1160 1019 non
1179 987 1356 1027 vocandis,
1386 992 1445 1021 aut
1463 987 1537 1021 aliis
1564 988 1674 1027 editis,

197 1053 263 1086 que
282 1040 390 1074 vestre
417 1039 552 1087 pofl'ent
578 1041 614 1074 in
646 1041 709 1074 hac
731 1046 830 1087 parte
857 1040 1093 1087 jurisdictioni
1123 1046 1183 1075 aut
1210 1042 1369 1088 potestati
1400 1042 1539 1089 ejusque
1565 1043 1676 1077 libero

198 1097 366 1131 exercitio
385 1096 650 1142 quomodolibet
669 1096 812 1131 obviare
828 1111 837 1139 ;
866 1096 923 1131 seu
943 1097 965 1131 {i
983 1097 1153 1143 aliquIbus
1180 1099 1413 1132 communiter
1431 1099 1487 1133 vel
1506 1098 1639 1133 divisim
1657 1113 1677 1134 a

198 1153 292 1186 dieta
322 1151 360 1186 fit
389 1151 466 1186 sede
498 1152 674 1186 indultum
707 1153 800 1198 quod
832 1152 1139 1192 excommunicari,
1167 1151 1325 1199 suspendi
1344 1153 1399 1187 vel
1431 1153 1591 1188 interdici
1617 1154 1676 1189 seu

199 1214 297 1242 extra
315 1208 371 1241 vel
390 1207 482 1241 ultra
501 1214 596 1241 certa
613 1208 690 1242 loca
708 1208 935 1255 adjudicium
957 1208 1094 1242 evocari
1112 1220 1183 1241 non
1202 1207 1326 1254 possint
1352 1221 1414 1255 per
1432 1209 1565 1243 litteras
1582 1210 1676 1256 apos-

199 1264 322 1298 tolicas
340 1277 413 1297 non
430 1264 596 1298 facientes
614 1264 754 1310 plenam
775 1270 809 1298 et
827 1262 1017 1311 expressam
1033 1275 1072 1297 ac
1086 1263 1128 1297 de
1142 1263 1250 1297 verbo
1264 1264 1307 1297 ad
1320 1264 1466 1298 verbum
1481 1265 1524 1298 de
1537 1265 1675 1299 indulto

198 1319 395 1366 hujufinodi
414 1325 449 1353 et
467 1332 589 1353 eorum
608 1319 772 1366 personis,
801 1320 896 1360 locis,
926 1319 1104 1353 ordinibus
1135 1324 1169 1353 et
1200 1319 1397 1353 nominibus
1415 1321 1563 1366 propriis
1582 1333 1676 1355 men-

199 1377 343 1416 tionem,
373 1381 406 1409 et
426 1375 579 1422 qualibet
597 1375 663 1409 alia
682 1376 775 1410 dicte
793 1375 879 1410 sedis
899 1375 1118 1421 indulgentia
1134 1375 1288 1421 generali
1309 1375 1363 1408 vel
1390 1374 1536 1422 speciali,
1566 1376 1675 1423 cujus-

198 1445 335 1478 cunque
353 1432 485 1466 tenoris
503 1431 633 1472 existat,
663 1445 726 1478 per
743 1445 859 1478 quam,
889 1431 1104 1478 presentibus
1136 1444 1207 1465 non
1239 1429 1426 1478 expressam
1448 1432 1502 1466 vel
1521 1432 1675 1466 totaliter

196 1501 269 1523 non
287 1488 461 1528 insertam,
490 1488 600 1522 vestre
613 1488 867 1535 jurisdictionis
886 1488 1070 1534 explicatio
1097 1488 1132 1521 in
1155 1487 1217 1521 1130
1235 1493 1333 1534 parte
1352 1487 1465 1521 valeat
1483 1488 1674 1533 quomodo-

196 1545 280 1579 libet
299 1545 471 1591 impediri,
495 1545 551 1579 vel
569 1545 611 1579 de
630 1558 698 1590 qua
715 1544 880 1591 cujulque
900 1550 974 1578 toto
994 1550 1117 1578 tenore
1137 1544 1179 1578 de
1198 1544 1305 1578 verbo
1324 1545 1366 1578 ad
1385 1544 1529 1578 verbum
1548 1545 1675 1580 haben-

199 1601 242 1634 da
259 1600 298 1634 fit
317 1601 352 1633 in
371 1600 494 1634 nostris
511 1600 636 1634 litteris
655 1601 786 1634 mentio
818 1599 981 1646 specialis.
1035 1600 1203 1634 Ceterum
1234 1600 1396 1634 volumus
1427 1606 1461 1634 et
1490 1600 1674 1647 apostolica

197 1656 408 1691 au&ox·itate
439 1656 656 1690 decrevimus
686 1656 780 1702 quod
810 1656 955 1701 quilibet
973 1655 1121 1690 vestrum
1152 1655 1313 1702 prosequi
1343 1656 1457 1690 valeat
1485 1657 1671 1691 articulum

197 1713 300 1746 etiam
318 1724 380 1759 per
398 1712 504 1746 alium
523 1712 735 1752 inchoatum,
765 1711 922 1757 quamvis
952 1711 1044 1745 idem
1075 1711 1241 1745 inchoans
1269 1711 1368 1745 nullo
1398 1712 1503 1746 fuerit
1530 1712 1672 1759 impedi-

195 1774 315 1803 mento
335 1768 502 1802 canonico
533 1768 732 1814 impeditus,
765 1767 929 1813 quodque
948 1780 967 1800 a
986 1767 1065 1801 data
1083 1766 1294 1814 presentium
1312 1766 1351 1801 fit
1369 1768 1467 1801 vobis
1487 1773 1520 1802 et
1538 1769 1672 1803 unicui-

197 1838 263 1870 que
281 1824 432 1858 vestrum
450 1825 486 1858 in
504 1822 669 1871 premisfis
688 1823 848 1858 omnibus
868 1829 901 1857 et
920 1835 1042 1856 eorum
1068 1821 1219 1869 lingulis,
1248 1824 1355 1869 ceptis
1386 1829 1420 1858 et
1450 1836 1522 1857 non
1549 1825 1668 1871 ceptis,

195 1886 365 1928 perpetua
391 1880 538 1926 potestas
568 1885 602 1914 et
626 1879 824 1927 jurisdictio
851 1879 1017 1913 attributa
1047 1885 1086 1913 ut
1113 1879 1149 1912 in
1179 1891 1221 1912 eo
1239 1879 1360 1924 vigore
1379 1892 1487 1926 eaque
1505 1880 1669 1915 firmitate

195 1934 324 1983 possitis
350 1936 386 1969 in
416 1934 582 1982 premiffis
614 1935 774 1970 omnibus
805 1941 839 1969 et
870 1947 990 1969 eorum
1021 1934 1162 1980 lingulis
1193 1934 1300 1980 ceptis
1331 1940 1365 1969 et
1393 1948 1466 1970 non
1492 1937 1600 1983 ceptis
1634 1942 1668 1970 et

194 2006 259 2040 pro
293 1992 459 2039 predffifis
493 1992 693 2039 procedere,
727 2004 765 2025 ac
795 1990 818 2024 fi
849 1987 1007 2037 premiffa
1038 1991 1154 2024 onmia
1189 1996 1223 2024 et
1252 1988 1385 2036 lingula
1418 2004 1534 2025 coram
1570 1991 1668 2026 vobis

197 2054 296 2096 cepta
323 2046 462 2082 fuiffent
493 2054 527 2082 et
552 2048 749 2095 jurisdiCtio
779 2046 889 2081 vestra
912 2052 946 2080 et
976 2044 1155 2092 cujussibet
1181 2045 1330 2079 vestrum
1349 2047 1385 2080 in
1402 2046 1571 2093 prediGtis
1595 2060 1667 2081 om-

195 2105 296 2139 nibus
327 2110 361 2138 et
394 2103 533 2150 lingulis
560 2117 622 2151 per
654 2103 855 2138 citationem
890 2101 945 2136 vel
981 2101 1123 2135 modum
1160 2101 1265 2135 alium
1300 2108 1506 2148 perpetuata
1539 2102 1666 2149 legitti-

197 2173 292 2194 mum
311 2158 499 2202 extitiffet3
529 2159 772 2194 constitutione
791 2170 997 2204 quacunque
1017 2157 1192 2191 contraria
1221 2170 1292 2191 non
1312 2157 1476 2192 obstante.
1531 2158 1665 2192 Datum

198 2216 366 2250 Avinion'
398 2228 419 2249 v
453 2215 630 2249 Kalendas
663 2214 750 2249 Maii
785 2214 1007 2261 pontificatus
1042 2212 1147 2247 nostri
1181 2226 1273 2247 anno
1309 2215 1448 2248 octavo.
1500 2213 1666 2249 Afferens

197 2271 289 2305 idem
324 2272 484 2305 dominus
521 2271 622 2305 Prior
659 2271 701 2305 cle
730 2270 966 2317 Longoponte
994 2275 1028 2303 et
1067 2282 1184 2304 coram
1220 2269 1319 2304 nobis
1353 2276 1437 2304 tunc
1464 2282 1663 2317 proponens

196 2327 288 2372 quod
319 2340 397 2361 011111
426 2327 600 2374 predifitas
627 2327 760 2361 litteras
793 2325 993 2372 apostolicas
1021 2338 1083 2372 per
1112 2326 1229 2372 plures
1260 2331 1294 2360 et
1324 2325 1471 2361 diversas
1502 2331 1536 2361 et
1565 2325 1664 2361 valde
