1839 2652
768 250 839 286 DE
866 250 1136 286 PASSELET.
1603 255 1671 289 149

191 349 355 385 Johanne
371 348 551 389 Belhous’,
572 359 652 383 cum
670 347 789 382 multis
806 348 891 388 aliis,
911 347 1051 382 testibus
1069 347 1114 382 ad
1131 346 1291 395 premiffa
1317 346 1449 381 vocatis
1478 345 1671 394 specialiter

193 410 229 440 et
245 405 386 452 rogatis.

291 461 339 496 Et
356 473 422 507 ego
442 460 621 495 Robertus
638 460 681 494 de
702 459 888 507 Hopprew
904 458 1071 507 presbiter
1099 458 1321 506 Glasguenfis
1339 458 1490 500 diocefis,
1510 458 1670 505 publicus

286 516 473 564 apostolica
489 517 700 551 auctoritate
718 516 886 556 notarius,
915 515 997 561 quia
1013 514 1277 563 suprascriptam
1296 516 1449 550 litteram
1462 515 1669 562 originalem

287 574 324 608 in
341 585 554 620 pargameno
580 571 741 619 scriptam
759 572 796 606 in
813 584 921 606 manu
939 584 1017 606 mea
1042 572 1140 606 tenui
1159 578 1194 606 et
1211 572 1359 619 palpavi,
1387 585 1427 606 ac
1445 571 1488 605 de
1506 571 1614 606 verbo
1632 571 1669 605 in

287 629 433 664 verbum
451 629 521 675 legi
538 634 573 662 et
591 628 778 674 diligenter
796 627 1002 667 examinavi,
1035 640 1108 661 non
1139 627 1259 668 rasam,
1291 641 1365 662 non
1388 628 1564 669 abolitam,
1597 641 1670 662 non

286 685 523 724 cancellatam‚
552 696 626 718 non
643 684 811 723 vitiatam,
843 696 916 717 non
933 681 1135 729 suspectam,
1165 682 1223 717 sed
1250 684 1346 717 omni
1373 683 1513 730 prorsus
1531 685 1616 719 vitio
1635 691 1670 720 et

284 739 475 787 suspicione
487 744 674 780 carentem,
695 738 875 785 sigillatam
893 744 1063 785 quantum
1082 739 1165 772 mihi
1177 740 1314 785 aparuit
1328 752 1413 773 vero
1426 746 1460 774 et
1471 741 1668 776 indubitato

282 794 392 842 figillo
410 795 587 841 quondam
606 794 793 841 Reginaldi
812 795 874 829 filii
893 795 1077 830 Sumerled
1102 796 1235 829 domini
1254 796 1422 843 Inchegal
1441 798 1476 831 in
1495 811 1575 832 cera
1591 798 1670 833 alba

285 850 457 898 impreffo,
477 852 514 885 in
525 851 623 898 cujus
641 850 740 897 figilli
754 851 871 885 medio
884 864 926 885 ex
937 864 1009 885 una
1022 849 1120 898 parte
1135 850 1267 898 sculpta
1283 852 1350 887 fuit
1363 866 1435 887 una
1451 855 1550 888 navis
1564 855 1669 901 plena

283 906 482 941 hominibus
506 920 685 941 armorum
704 913 739 942 et
757 920 800 942 ex
825 906 892 941 alia
919 913 1018 954 parte
1036 920 1162 954 ymago
1191 908 1341 942 hominis
1364 911 1488 944 armati
1518 909 1669 946 sedentis

283 961 386 1009 super
403 975 531 1009 equum
551 976 628 997 cum
647 963 764 1010 gladio
783 963 919 997 vibrato
937 963 973 996 in
992 975 1098 997 manu
1116 963 1175 997 sua
1191 978 1200 1006 ;
1228 964 1308 998 ideo
1339 965 1381 999 de
1399 966 1508 1000 verbo
1538 967 1574 1000 in
1592 979 1668 1001 ver-

283 1017 368 1053 bum
385 1018 481 1052 illam
495 1031 558 1066 per
575 1019 681 1053 alium
700 1019 784 1053 mihi
802 1019 911 1053 fidum
930 1018 1110 1054 transcribi
1129 1020 1194 1054 feci
1215 1026 1250 1054 et
1268 1021 1410 1068 copiari,
1431 1027 1465 1056 et
1480 1022 1667 1058 collatione

283 1073 377 1108 fafita
394 1086 474 1108 cum
492 1074 643 1121 presenti
660 1073 891 1122 transsumpto
909 1076 951 1109 ad
965 1075 1098 1109 litteras
1112 1076 1311 1122 originales,
1327 1077 1460 1112 nullam
1476 1080 1590 1126 reperi
1605 1080 1667 1114 dis-

284 1130 500 1164 cordantiam
514 1129 572 1165 seu
592 1129 856 1178 discrepantiam
874 1144 941 1177 que
961 1132 995 1164 in
1014 1131 1131 1177 aliquo
1149 1138 1286 1166 mutare
1314 1139 1374 1167 aut
1392 1134 1509 1169 valere
1537 1137 1668 1182 poterit

284 1185 521 1228 intellectuum
537 1186 616 1220 ideo
630 1187 686 1221 hic
698 1200 753 1222 me
767 1200 845 1221 mea
857 1188 1000 1234 propria
1011 1200 1117 1221 manu
1132 1187 1317 1235 subscripsi,
1331 1188 1534 1236 lignumque
1548 1205 1664 1227 meum

287 1239 425 1275 solitum
444 1247 479 1275 et
496 1241 700 1276 consuetum
718 1242 872 1289 apposui,
904 1244 940 1277 in
966 1243 1071 1277 fidem
1103 1249 1138 1278 et
1167 1244 1402 1280 testimonium
1422 1248 1576 1282 veritatis
1595 1262 1667 1283 om-

284 1297 381 1331 nium
401 1302 435 1332 et
451 1296 667 1344 singulorum
684 1296 937 1347 premifforum,
957 1305 1101 1346 rogatus
1118 1301 1248 1347 pariter
1267 1306 1301 1335 et
1319 1300 1511 1347 requisitus.

187 1466 463 1501 Instrumentum
478 1467 617 1503 ecclefie
633 1468 753 1503 Sancti
768 1468 797 1503 F
799 1468 904 1509 inani,
924 1468 1015 1502 inter
1028 1467 1204 1503 Abbatem
1220 1474 1255 1503 et
1268 1476 1483 1506 conventum
1495 1472 1538 1508 de
1554 1472 1665 1509 Paffe-

185 1523 256 1557 leto
274 1528 310 1558 et
326 1522 528 1558 Johannem
546 1524 758 1560 Lawmund.

186 1634 244 1669 IN
270 1634 364 1670 DEI
390 1634 607 1670 NOMINE
626 1635 757 1671 Amen.
809 1636 953 1672 Tenore
972 1637 1076 1685 hujus
1093 1638 1224 1686 publici
1241 1640 1461 1677 instrumenti
1479 1643 1522 1677 ad
1539 1656 1663 1692 perpe-

184 1697 280 1725 tuam
298 1691 416 1727 future
434 1692 485 1726 rei
502 1693 720 1734 memoriam,
750 1706 795 1729 ne
821 1693 918 1742 lapsu
936 1694 1101 1729 decursus
1118 1701 1318 1744 temporum
1336 1711 1356 1733 a
1374 1701 1543 1735 memoria
1561 1701 1664 1749 depe-

184 1752 259 1782 reat
276 1747 372 1794 quod
390 1748 542 1783 caritatis
559 1749 690 1783 intuitu
706 1750 771 1797 piis
788 1750 873 1785 locis
891 1756 926 1786 et
945 1750 1016 1786 Dei
1046 1751 1207 1787 ministris
1236 1754 1292 1801 pie
1323 1761 1507 1802 erogatum
1525 1757 1573 1792 est
1590 1756 1663 1793 suc-

185 1801 306 1838 ceffive
339 1816 402 1850 per
439 1804 564 1839 Christi
592 1805 724 1845 fideles,
760 1811 795 1841 et
828 1806 923 1853 quod
956 1820 1020 1854 per
1053 1808 1207 1855 posteros
1242 1822 1364 1845 eorum
1399 1812 1555 1847 fidelium
1590 1813 1663 1849 suc-

184 1858 339 1900 cessores,
360 1860 396 1894 in
410 1860 550 1895 laudem
565 1861 637 1896 Dei
650 1862 902 1909 omnipotentis
916 1869 951 1898 et
965 1864 1074 1898 divini
1089 1865 1204 1900 cultus
1217 1874 1458 1913 augmentum,
1479 1870 1662 1905 confirma-

184 1921 271 1956 tum,
299 1915 504 1951 roboratum
523 1922 558 1951 et
575 1915 754 1952 novissime
779 1920 1010 1966 approbatum
1041 1926 1076 1956 et
1103 1923 1313 1957 ratificatum
1339 1924 1456 1965 fuerit,
1489 1932 1660 1972 quatenus

184 1970 244 2017 ipfi
262 1970 333 2005 Dei
350 1971 494 2006 ministri
511 1973 662 2019 quietius
684 1973 774 2020 juste
792 1974 929 2021 quefitis
946 1977 1089 2023 pacifice
1106 1979 1294 2024 gaudeant,
1328 1980 1477 2015 Cumffis
1495 1987 1565 2015 tam
1582 1996 1660 2029 pre-

183 2024 337 2060 sentibus
352 2039 456 2072 quam
472 2027 599 2062 futuris
616 2035 733 2075 pateat
750 2030 932 2066 evidenter
950 2038 984 2067 et
1001 2032 1041 2067 fit
1057 2039 1182 2068 notum
1213 2036 1307 2081 quod
1332 2048 1425 2070 anno
1443 2037 1485 2070 ab
1503 2038 1660 2074 incarna-

184 2081 280 2115 tione
287 2080 434 2115 Domini
446 2082 1298 2135 millefimoquadringentesimosexagefimosexto,
1310 2090 1433 2125 menfis
1441 2092 1591 2139 Augusti
1603 2095 1659 2131 die

185 2149 268 2171 vero
281 2137 415 2182 quinto,
424 2138 617 2174 indictione
624 2140 758 2175 decima
769 2148 901 2187 quarta,
910 2145 1133 2191 pontificatus
1146 2144 1342 2180 sanctiffimi
1354 2147 1390 2181 in
1404 2148 1540 2184 Christo
1551 2152 1659 2197 patris

185 2199 219 2226 et
237 2192 371 2226 domini
388 2192 494 2227 nostri
512 2194 644 2228 domini
658 2195 757 2229 Pauli
771 2197 889 2232 divina
901 2201 1123 2246 providentia
1133 2213 1221 2248 pape
1232 2201 1373 2237 secundi
1387 2216 1480 2239 anno
1491 2204 1656 2249 secundo,

185 2249 220 2282 in
250 2247 404 2282 nostrum
436 2249 654 2284 notariorum
685 2251 906 2297 publicorum
934 2254 1139 2301 testiumque
1168 2256 1467 2306 infrascriptorum
1484 2261 1658 2308 presentia

185 2303 391 2339 venerabilis
408 2304 445 2339 in
464 2304 600 2340 Christo
618 2311 717 2352 pater
737 2306 914 2344 Henricus
940 2310 1159 2358 permiflione
1186 2313 1304 2351 divina
1331 2315 1434 2352 abbas
1460 2319 1657 2355 monasterii
