1839 2652
761 284 832 320 DE
861 282 1130 319 PASSELET.
1619 284 1688 316 133

198 381 354 422 testibus,
368 381 512 416 domino
528 381 686 417 Waltero
704 381 777 416 filio
797 382 907 416 Alani
925 380 1112 416 senescallo
1131 384 1165 414 et
1178 378 1368 426 justiciario
1391 378 1518 419 Scotie,
1536 377 1680 412 domino

197 438 358 473 Radulfo
377 438 558 486 capellano
577 438 711 473 domini
731 438 852 485 Regis,
868 437 1039 484 Dufgallo
1054 437 1126 471 filio
1143 434 1267 482 Moysl,
1290 435 1461 482 Dufgallo
1480 434 1553 469 filio
1572 434 1681 482 Syvin

195 494 219 530 J
221 495 363 529 ohanne
382 494 635 529 constabulario
654 495 697 530 de
717 495 890 535 Dunnon,
911 493 1092 541 Gilpatrik
1109 493 1182 527 filio
1201 491 1353 533 Gilcrist,
1376 497 1410 526 et
1428 491 1547 526 multis
1564 490 1651 525 aliis.

199 662 432 698 Confirmatio
451 662 590 698 ecclefie
609 663 652 697 de
673 662 844 710 Kyllinan
863 674 926 709 per
945 661 1136 709 Engufium
1154 662 1265 696 filium
1285 661 1464 696 Duncani.

197 774 437 810 OMNIBUS
469 774 596 809 Christi
613 774 774 808 fidelibus
799 773 939 820 presens
956 773 1122 820 scriptum
1140 771 1263 807 visuris
1292 773 1349 807 vel
1366 774 1538 808 audituris
1557 773 1680 820 Engus

196 831 287 865 filius
306 831 475 865 Duncani
504 830 567 864 filii
598 830 628 864 F
629 830 770 864 erkardi
798 829 943 864 salutem
973 829 1010 863 in
1040 829 1199 863 Domino
1217 828 1475 876 sempiternam.
1528 829 1680 864 Noverit

194 886 397 921 univerfitas
415 885 526 921 vestra
545 899 599 921 me
615 884 794 933 inspexisse
813 891 945 920 cartam
965 885 1117 932 predi6fi
1136 885 1307 919 Duncani
1324 885 1432 932 patris
1451 885 1519 920 mei
1534 891 1568 919 et
1588 885 1679 920 Lau-

194 943 313 977 manni
325 943 461 989 nepotis
476 941 587 989 ipfius,
608 941 724 988 figillis
743 955 866 976 eorum
880 940 1086 988 fingnatam,
1100 954 1174 975 non
1188 940 1309 981 rasam,
1330 954 1403 975 non
1416 941 1593 982 abolitam,
1613 954 1678 976 nec

193 998 230 1031 in
256 998 372 1044 aliqua
401 1003 500 1044 parte
530 997 581 1032 sui
611 998 780 1038 vitiatam,
812 998 849 1032 in
877 998 943 1032 1100
971 997 1078 1032 verba
1093 1011 1102 1032 z
1137 997 1380 1032 OMNIBUS
1410 997 1528 1032 san&e
1560 998 1680 1032 matris

193 1054 333 1090 000101ἰο
360 1055 439 1089 filiis
465 1061 537 1089 tam
563 1053 780 1103 presentibus
806 1068 910 1101 quam
942 1054 1070 1088 futuris
1102 1053 1300 1088 Duncanus
1329 1053 1421 1088 filius
1448 1054 1618 1089 Ferkardi
1645 1060 1679 1089 et

193 1111 423 1147 Laumannus
449 1112 541 1147 filius
561 1111 746 1146 Malcolmi
771 1124 884 1158 nepos
900 1110 1055 1157 ejusdem
1083 1109 1251 1144 Duncani
1278 1115 1437 1145 eternam
1455 1112 1492 1144 in
1519 1110 1679 1145 Domino

192 1167 349 1203 salutem.
403 1169 525 1204 Sciatis
543 1181 607 1203 nos
626 1166 765 1208 dediffe‚
794 1165 988 1202 coneeflifl'e
1018 1173 1052 1201 et
1079 1167 1143 1201 hac
1168 1166 1321 1214 presenti
1348 1173 1444 1201 carta
1462 1167 1578 1201 nostra
1596 1180 1677 1202 con-

192 1223 339 1260 firmaffe
359 1224 440 1260 Deo
460 1230 495 1260 et
513 1225 644 1260 saneto
662 1223 797 1260 Jacobo
824 1229 859 1258 et
887 1223 1018 1258 saneto
1039 1223 1176 1258 Mirino
1203 1223 1246 1258 de
1274 1221 1421 1258 Passelet
1447 1229 1483 1258 et
1500 1224 1680 1258 monachis

192 1280 323 1316 ibidem
342 1281 424 1316 Deo
443 1281 684 1321 servientibus,
704 1281 741 1314 in
759 1293 884 1327 puram
903 1285 938 1314 et
956 1284 1164 1327 perpetuam
1183 1278 1417 1321 elemosinam,
1439 1279 1615 1314 ecelefiam
1634 1280 1677 1314 de

195 1337 365 1384 Kyllinan
383 1350 463 1371 cum
483 1336 645 1371 omnibus
656 1336 756 1384 justis
774 1336 996 1383 pertinentiis
1014 1335 1093 1376 suis,
1121 1341 1155 1370 et
1175 1349 1255 1370 cum
1274 1341 1350 1370 toto
1363 1336 1446 1383 jure
1465 1336 1561 1383 quod
1578 1336 1678 1370 nobis

192 1394 228 1427 in
247 1394 368 1428 eadem
388 1393 528 1428 ecclelia
545 1393 726 1440 competiit
737 1393 874 1427 ratione
892 1397 1111 1440 patronatus.
1164 1392 1338 1426 Dedimus
1353 1392 1457 1427 etiam
1477 1392 1525 1426 eis
1544 1398 1578 1427 et
1596 1405 1678 1427 con-

192 1448 349 1484 ceffimus
368 1450 463 1484 illam
480 1455 699 1484 nummatam
717 1455 810 1484 terre
838 1449 881 1484 de
903 1449 1043 1483 Kilmor
1061 1461 1128 1495 que
1141 1448 1238 1495 jacet
1255 1448 1358 1496 super
1377 1448 1577 1496 Louchgilp
1597 1461 1676 1483 euni

191 1506 325 1553 capella
343 1506 472 1540 Sanete
492 1505 609 1540 Marie
626 1506 663 1540 in
679 1506 801 1540 eadem
816 1511 911 1540 terra
925 1505 1081 1539 fundata.
1134 1504 1303 1539 Preterea
1314 1504 1528 1539 contulimus
1546 1510 1581 1539 et
1594 1517 1677 1539 con-

191 1561 347 1597 ceffimus
366 1561 505 1604 eisdem,
525 1562 657 1597 intuitu
671 1562 820 1610 pletatis,
840 1562 916 1596 illas
932 1567 1003 1596 tres
1022 1561 1181 1595 dimidias
1195 1567 1393 1596 nummatas
1407 1566 1501 1596 terre
1513 1574 1598 1607 quas
1612 1574 1676 1596 nos

191 1625 226 1653 et
243 1618 475 1654 anteceffores
504 1618 612 1653 nostri
639 1619 733 1666 apud
767 1619 916 1653 Kilmun
942 1617 1139 1658 habuimus,
1174 1630 1253 1652 cum
1280 1616 1432 1664 piscariis
1458 1623 1493 1652 et
1512 1617 1675 1652 omnibus

190 1675 265 1710 aliis
277 1675 376 1722 justis
393 1676 615 1723 pertinentiis
632 1674 700 1710 suis
719 1680 754 1710 et
768 1674 893 1715 divifis,
908 1679 944 1710 et
962 1687 1041 1709 cum
1060 1679 1137 1708 toto
1150 1673 1232 1721 jure
1248 1674 1343 1720 quod
1361 1674 1461 1708 nobis
1479 1674 1515 1708 in
1537 1673 1677 1708 ecelesia

191 1731 233 1766 de
262 1731 411 1767 Kilmun
437 1732 618 1779 competiit
635 1732 772 1767 ratione
798 1736 1030 1779 patronatus:
1060 1729 1275 1764 Tenendum
1304 1736 1339 1765 et
1367 1730 1567 1765 habendum
1586 1731 1674 1765 adeo

189 1786 298 1822 libere
317 1793 351 1822 et
368 1788 485 1835 quiete
502 1786 587 1823 ficut
604 1788 687 1823 alias
706 1787 909 1823 elemosinas
935 1787 984 1822 eis
1002 1787 1098 1821 datas
1116 1786 1260 1821 liberius
1278 1792 1312 1821 et
1330 1787 1480 1833 quietius
1498 1792 1621 1821 tenent
1640 1792 1675 1821 et

189 1842 371 1891 poffident.
426 1841 531 1879 Hanc
547 1843 714 1891 fiquideni
733 1845 961 1879 donationem
987 1849 1022 1879 et
1048 1843 1301 1879 conceffionem
1328 1857 1394 1891 ego
1423 1844 1545 1891 Engus
1562 1850 1673 1878 ratam

189 1899 320 1935 habens
338 1905 373 1935 et
390 1900 538 1942 firmam,
558 1901 725 1948 pred16fis
744 1900 876 1935 Abbati
894 1906 929 1935 et
947 1902 1139 1936 conventui
1157 1901 1276 1935 omnia
1292 1899 1462 1948 premiffa,
1482 1913 1548 1948 pro
1566 1913 1622 1935 me
1641 1907 1675 1934 et

189 1955 377 1990 heredibus
394 1956 480 1990 meis
498 1962 670 2003 quatenus
687 1970 752 1991 nos
770 1957 982 2004 contingunt
1008 1957 1064 1991 vel
1091 1958 1297 2004 contingere
1315 1963 1494 2005 poterunt,
1524 1957 1599 1991 Illis
1618 1970 1675 1990 ex-

191 2012 299 2058 ceptis
316 2025 383 2057 que
401 2012 446 2046 ad
470 2012 671 2059 predie'mm
690 2012 938 2047 Laumannum
956 2013 1012 2048 vel
1030 2013 1176 2048 heredes
1202 2012 1280 2047 suos
1298 2013 1477 2060 pertinent
1495 2013 1550 2046 vel
1568 2013 1674 2059 perti-

191 2079 277 2102 nere
294 2073 462 2115 poterunt
480 2068 523 2102 de
540 2067 719 2115 premissis,
747 2069 915 2110 concedo,
943 2075 979 2103 et
996 2069 1061 2103 hac
1085 2068 1237 2116 presenti
1264 2074 1360 2103 carta
1382 2081 1460 2102 inea
1477 2068 1647 2102 confirmo
1664 2081 1673 2102 :

193 2122 366 2157 Tenenda
383 2129 418 2157 et
435 2123 595 2158 habenda
611 2124 871 2172 imperpetuum
888 2125 925 2159 in
942 2138 1067 2172 puram
1090 2130 1124 2158 et
1142 2129 1349 2171 perpetuam
1369 2122 1600 2164 elemosinam,
1632 2123 1675 2158 ab

192 2178 287 2213 omni
305 2177 451 2212 seculari
467 2178 619 2220 servitio,
639 2180 824 2215 exatffione
843 2186 878 2214 et
896 2181 1069 2215 demanda
1085 2180 1196 2214 libera
1213 2185 1247 2214 et
1259 2180 1386 2225 quieta,
1405 2180 1493 2214 adeo
1511 2179 1620 2215 libere
1639 2186 1674 2214 et

192 2235 308 2281 quiete
326 2233 410 2269 ficut
427 2234 543 2280 aliqua
560 2234 746 2277 elemofina
763 2235 800 2269 in
817 2248 928 2282 regno
947 2236 1063 2270 Scotie
1081 2235 1224 2270 liberius
1250 2241 1284 2270 et
1303 2235 1453 2281 quietius
1470 2241 1612 2271 tenetur
1637 2243 1674 2272 et

192 2290 392 2338 poffidetur.
444 2290 492 2324 Et
509 2303 575 2337 ego
593 2296 628 2325 et
645 2291 792 2325 heredes
809 2292 877 2326 mei
894 2289 1066 2339 premiffa,
1086 2296 1257 2337 quatenus
1275 2291 1320 2326 ad
1338 2304 1401 2326 nos
1418 2293 1596 2339 portinent
1614 2293 1671 2327 vel

194 2347 370 2395 pertinere
387 2351 567 2396 poterunt,
594 2347 761 2395 prediffis
781 2346 911 2382 Abbati
942 2352 976 2382 et
1004 2347 1197 2382 conventui
1224 2353 1264 2382 ut
1289 2347 1518 2396 prescriptum
1546 2349 1602 2391 est,
1634 2350 1671 2384 in
