1870 2683
215 291 287 322 400
618 285 932 323 REGISTRUM
960 286 1297 323 MONASTERII

218 388 274 417 tus
289 383 331 417 de
345 383 596 417 Cardelechan’
614 383 790 428 quondam
806 382 981 430 burgenfis
995 384 1075 418 ville
1090 384 1309 430 Glasguenfis
1328 384 1471 420 salutem
1483 387 1519 420 in
1532 387 1690 421 Domino

218 437 472 485 {empiternaim
526 438 702 478 Quoniam
723 452 765 473 ex
783 439 846 473 usu
874 440 968 475 venit
986 447 1021 475 et
1032 440 1115 488 jura
1133 442 1257 476 volunt
1275 448 1314 476 ut
1332 455 1372 476 ea
1389 455 1456 488 que
1480 443 1690 477 rationabili-

217 499 271 527 ter
289 499 323 527 et
342 493 458 527 debito
477 494 582 527 modo
601 494 690 528 fiunt
717 495 752 528 in
783 494 914 541 scriptis
933 497 1136 543 redigantur
1163 498 1207 531 ad
1236 498 1395 532 notitiam
1425 504 1459 532 et
1487 499 1689 532 memoriam

218 548 446 594 posterorum,
475 549 556 583 hinc
582 549 629 583 est
656 550 749 595 quod
775 549 986 586 universitati
1006 552 1115 587 vestre
1145 553 1360 599 presentibus
1389 559 1511 587 notum
1540 554 1628 587 facio
1655 560 1690 588 et

214 602 394 649 lingnifico
409 617 465 638 me
479 605 521 638 ad
534 610 666 639 tantam
680 606 893 652 paupertatis
912 607 1063 654 inopiam
1083 607 1255 643 deveniffe
1274 610 1378 655 quod,
1398 609 1467 643 fine
1486 610 1688 644 venditione

214 659 372 705 burgagii
391 661 459 694 mei
477 661 571 706 quod
591 661 706 707 aliquo
725 667 882 708 tempore
902 663 936 696 in
956 664 1115 710 prediem
1135 665 1245 711 burgo
1260 665 1363 699 habui
1381 665 1417 699 in
1435 666 1512 699 vico
1531 665 1590 711 qui
1609 666 1689 700 dici-

214 720 271 748 tur
282 716 378 749 vicus
390 715 622 762 pischatorum
642 717 795 764 deprope
813 724 957 764 pontem
977 720 1019 754 de
1039 720 1143 760 Clud,
1164 720 1206 755 de
1224 727 1428 767 paupertate
1447 733 1523 755 mea
1540 721 1689 755 relevari

214 782 286 804 non
303 772 402 817 potui
421 784 485 806 nec
503 772 608 806 vitam
628 779 885 820 competentem
900 774 1076 819 [habere],
1097 776 1258 810 omnibus
1272 776 1371 810 bonis
1391 776 1574 810 mobilibus
1592 777 1688 823 prius

213 827 362 861 venditis
377 833 410 861 et
425 826 593 874 expolitis,
612 834 645 862 et
659 841 703 863 ne
717 829 848 863 factum
865 842 979 864 meum
998 831 1114 877 aliquo
1129 838 1286 878 tempore
1299 832 1527 879 calumpniari
1543 833 1683 879 poterit,

213 883 325 917 forma
336 883 425 930 juris
443 884 479 917 in
499 885 660 918 omnibus
679 885 868 925 observata,
897 885 1103 932 burgagium
1122 900 1239 921 meum
1267 889 1549 934 prenominatum
1569 901 1686 923 coram

213 941 463 974 communitate
481 939 700 986 burgenfium
721 941 802 974 ville
820 943 1062 987 prenominate
1080 942 1195 983 semel,
1215 942 1366 976 secundo
1386 948 1420 977 et
1450 944 1555 977 tertio
1574 944 1686 991 [post]

211 995 397 1029 intervalla
414 996 561 1036 dierum,
582 996 766 1030 heredibus
780 997 865 1030 meis
879 1009 940 1043 pre
956 998 1117 1032 omnibus
1131 998 1302 1044 legittime
1318 999 1429 1045 optuli
1448 1000 1581 1040 venale,
1603 999 1686 1034 ficut

207 1052 289 1097 jura
307 1051 431 1085 volunt
449 1057 484 1085 et
502 1052 657 1098 exigunt,
687 1052 744 1097 qui
764 1065 843 1086 cum
861 1065 933 1086 non
952 1053 1120 1088 haberent
1146 1054 1241 1088 unde
1260 1055 1458 1100 predictum
1478 1055 1684 1102 burgagium

211 1120 413 1155 comparare
431 1114 604 1155 poterant,
636 1121 701 1154 ego
721 1108 837 1143 Adam
857 1109 1037 1156 predststus
1055 1107 1251 1143 neceffitate
1271 1109 1467 1157 compulsus
1485 1124 1552 1156 que
1571 1112 1683 1158 legem

211 1178 283 1200 non
301 1166 443 1212 patitur,
464 1179 542 1200 cum
561 1166 702 1200 aliunde
722 1179 793 1200 non
811 1167 974 1201 haberem
993 1165 1088 1199 unde
1106 1165 1176 1198 vite
1195 1178 1271 1199 mee
1289 1165 1455 1199 alimenta
1473 1165 1533 1199 nifi
1551 1168 1685 1202 mendi-

210 1222 322 1256 cando
337 1222 530 1267 adquirere,
551 1222 747 1268 predi6him
768 1222 986 1268 burgagium,
1007 1234 1124 1255 coram
1143 1222 1394 1255 communitate
1413 1222 1494 1256 ville
1513 1223 1681 1268 predifflffl,

210 1278 245 1310 in
264 1276 390 1323 placito
409 1275 469 1310 suo
496 1277 614 1310 habito
633 1277 688 1310 die
709 1276 835 1310 Martis
854 1278 1012 1323 proxima
1029 1277 1072 1310 ad
1091 1276 1211 1310 festum
1244 1277 1363 1311 Sancti
1383 1277 1569 1312 Cuthberti
1600 1279 1684 1326 epis-

209 1333 287 1380 copi
306 1339 339 1367 et
358 1331 557 1366 confefforis
588 1333 624 1366 in
655 1331 913 1379 quadragesima
929 1333 1011 1367 anni
1038 1333 1149 1379 gratie
1169 1332 1206 1366 M*¹
1226 1333 1278 1368 cci
1297 1333 1391 1367 lxxx*
1411 1334 1451 1374 vi,
1483 1347 1547 1380 pro
1566 1348 1621 1369 me
1648 1342 1683 1370 et

208 1389 393 1423 heredibus
412 1389 507 1429 meis,
540 1387 705 1434 religiofis
734 1389 817 1422 viris
847 1389 977 1424 Abbati
1005 1395 1040 1424 et
1070 1390 1260 1423 conventui
1291 1390 1333 1423 de
1361 1389 1493 1424 Passeto
1523 1390 1679 1432 concefli,

207 1445 348 1479 vendidi
376 1449 410 1478 et
437 1444 594 1490 quietum
613 1444 756 1479 clamavi
777 1445 1034 1491 imperpetuum
1062 1458 1140 1479 cum
1172 1445 1268 1478 omni
1287 1445 1369 1491 jure
1400 1446 1494 1491 quod
1523 1447 1606 1480 mihi
1625 1447 1680 1481 vel

207 1501 392 1535 heredibus
410 1501 495 1534 meis
513 1501 568 1534 vel
587 1501 689 1534 alicui
707 1501 775 1534 alio
795 1501 830 1534 in
848 1501 1007 1547 predi&o
1026 1501 1195 1547 burgagio
1210 1514 1287 1535 cum
1300 1502 1519 1548 pertinentiis
1537 1503 1679 1537 nomine

206 1557 322 1591 nostro
341 1557 518 1603 competit,
550 1558 728 1603 competiit
748 1557 802 1591 vel
821 1557 937 1602 aliquo
956 1562 1114 1603 tempore
1140 1563 1338 1603 competere
1365 1558 1494 1603 poterit
1522 1558 1679 1604 imposte-

206 1626 283 1648 rum
303 1613 418 1659 aliquo
430 1613 512 1660 jure
530 1613 585 1647 vel
598 1613 732 1660 judicio
752 1612 1046 1659 contingentibus,
1071 1618 1215 1658 propter
1233 1613 1406 1657 quandam
1424 1613 1571 1659 pecunie
1589 1612 1678 1648 sum-

205 1683 298 1704 mam
316 1670 399 1703 mihi
418 1669 562 1703 solutam
581 1683 589 1711 ;
619 1682 721 1715 quam
740 1669 879 1715 quidem
897 1668 1045 1715 pecunie
1062 1667 1230 1702 summam
1249 1668 1360 1702 fateor
1378 1681 1433 1702 me
1451 1669 1554 1714 plene
1574 1676 1608 1704 et
1627 1671 1678 1704 in-

205 1733 303 1772 tegre
322 1724 495 1772 recepflse,
517 1731 550 1759 et
569 1726 605 1759 in
622 1725 810 1759 utilitatem
828 1738 939 1759 meam
959 1730 993 1758 et
1011 1724 1180 1758 heredum
1199 1736 1358 1758 meorum
1378 1723 1444 1759 effe
1463 1726 1674 1761 conversam.

206 1783 252 1817 Et
271 1782 474 1816 renunciavi
493 1780 646 1828 exprefl'e
664 1794 728 1828 pro
747 1794 802 1815 me
833 1787 866 1815 et
896 1780 1080 1814 heredibus
1099 1781 1183 1815 meis
1211 1788 1245 1815 et
1273 1782 1429 1827 quolibet
1459 1782 1612 1817 nostrum
1639 1784 1674 1818 in

204 1840 271 1873 hoc
288 1839 381 1872 facto
401 1838 560 1871 omnibus
579 1837 703 1871 litteris
720 1836 940 1883 generalibus
958 1842 993 1870 et
1018 1836 1219 1882 specialibus
1245 1850 1264 1871 a
1291 1850 1501 1884 quocunque
1518 1839 1595 1872 foro
1613 1840 1674 1873 im-

203 1895 347 1941 petratis
361 1894 417 1927 vel
431 1894 667 1940 impetrandis,
688 1899 722 1927 et
741 1893 835 1927 omni
854 1892 1024 1927 beneficio
1036 1892 1126 1938 juris
1141 1894 1299 1927 canonici
1317 1900 1352 1927 et
1370 1893 1490 1933 civilis,
1511 1900 1546 1927 et
1564 1896 1673 1928 omni-

203 1951 267 1984 bus
285 1950 359 1983 aliis
376 1962 443 1995 que
462 1954 585 1983 contra
602 1955 761 1983 tenorem
779 1948 882 1995 hujus
908 1948 1127 1982 instrumenti
1155 1948 1244 1982 obici
1272 1955 1440 1995 poterunt
1457 1950 1512 1984 vel
1531 1952 1671 1997 opponi.

206 2005 352 2053 Infiiper
370 2004 529 2052 subposui
548 2011 582 2039 et
600 2005 755 2051 subpono
782 2017 837 2038 me
869 2010 903 2038 et
932 2004 1078 2038 heredes
1109 2017 1204 2038 meos
1235 2011 1269 2038 et
1299 2005 1488 2050 quemlibet
1518 2005 1672 2041 nostrum

198 2062 434 2109 jurii'dietioni
452 2066 487 2095 et
503 2061 704 2095 cohercioni
724 2061 856 2094 domini
876 2059 1035 2107 Episcopi
1055 2059 1275 2106 Glasguenfis
1294 2066 1328 2095 et
1351 2061 1425 2107 ejus
1443 2061 1597 2095 officialis
1615 2064 1673 2108 qui

204 2131 267 2164 pro
286 2124 443 2164 tempore
462 2117 578 2157 fuerit,
606 2122 645 2151 ut
672 2117 773 2150 ambo
800 2116 855 2150 vel
883 2116 972 2150 alter
997 2115 1149 2162 ipsorum
1179 2114 1304 2162 poffint
1334 2117 1389 2151 vel
1420 2116 1519 2163 possit
1550 2131 1613 2152 nos
1639 2125 1674 2153 et

203 2173 391 2219 quemlibet
408 2172 562 2206 nostrum
581 2172 624 2206 ad
643 2171 917 2206 observationem
936 2171 1040 2218 hujus
1058 2171 1274 2206 instrumenti
1292 2173 1328 2206 in
1352 2173 1507 2218 quolibet
1525 2175 1672 2209 articulo

204 2241 265 2275 per
284 2228 463 2262 censuram
482 2227 736 2262 ecclesiasticam
756 2228 799 2262 de
817 2228 921 2274 plano
953 2234 987 2262 et
1017 2226 1085 2262 fine
1111 2227 1253 2274 strepitu
1273 2228 1432 2275 judiciali
1450 2230 1668 2276 compellere,

205 2298 248 2319 ex
264 2283 335 2318 sola
353 2283 566 2330 inspefifione
585 2284 687 2330 hujus
705 2283 935 2318 instrumenti.
988 2283 1034 2317 Et
1051 2296 1096 2318 ne
1109 2296 1189 2318 ceca
1203 2283 1378 2318 oblivione
1397 2285 1560 2331 depereat
1577 2286 1670 2330 quod

203 2352 319 2375 corani
337 2340 586 2374 communitate
605 2340 764 2386 predi&a
781 2339 913 2373 fa&um
934 2339 982 2374 est
1000 2347 1035 2374 et
1052 2340 1283 2386 recognitum,
1310 2341 1422 2386 gratia
1447 2340 1586 2386 majoris
1607 2342 1669 2376 tes-
