1870 2683
209 289 281 324 346
612 283 927 320 REGISTRUM
955 285 1294 322 MONASTERII

213 391 248 419 et
266 386 308 419 de
329 382 477 418 Rusnith
498 380 647 421 ecclesie,
674 381 834 428 predicte
853 380 1004 422 diocefis,
1032 382 1077 416 ad
1101 381 1213 429 ipsum
1232 384 1478 418 monasterium
1495 385 1689 432 spectantes

207 443 296 488 juris
314 443 517 486 patronatus
535 437 648 477 vestri,
676 437 713 470 in
731 435 811 471 usus
830 436 959 471 vestros
977 438 1154 478 cederent,
1175 438 1223 473 ita
1241 440 1335 485 quod
1353 440 1389 473 in
1408 440 1455 474 eis
1472 440 1610 487 pofl'etis
1628 456 1689 489 per

214 496 409 543 capellanos
427 494 583 540 ydoneos
602 493 714 527 facere
733 492 908 533 deserviri,
936 499 1043 540 prout
1060 494 1097 528 in
1115 494 1240 529 litteris
1259 496 1340 530 inde
1359 496 1528 531 confectis
1553 497 1690 544 plenius

215 552 340 586 dicitur
359 550 531 584 contineri
547 564 556 592 3
584 548 696 595 ficque
715 561 777 583 vos
796 549 832 583 in
850 549 1016 596 predictis
1035 549 1155 585 Sancti
1183 550 1333 592 Nicolai,
1362 552 1404 586 de
1432 552 1577 587 Nelston
1596 558 1630 587 et
1648 554 1690 588 de

216 606 365 641 Rusnith
385 605 531 640 eccleliis
549 605 671 640 fecistis
688 618 752 652 per
770 606 914 651 triginta
932 606 1085 652 quinque
1104 619 1214 641 annos
1233 612 1267 641 et
1285 607 1433 654 amplius
1446 621 1509 655 per
1522 608 1691 643 seculares

214 663 421 710 capellanos,
441 661 566 708 absque
584 660 844 709 presentatione
860 662 1080 703 vicariorum,
1102 668 1137 697 et
1155 663 1268 697 adhuc
1286 662 1355 698 fine
1374 663 1435 698 lite
1452 664 1563 699 facitis
1581 664 1692 700 deser-

213 721 289 754 viri.
340 719 417 753 Nos
435 720 550 765 itaque
568 718 686 752 vestris
703 717 1011 765 supplicationibus
1028 719 1196 760 inclinati,
1218 719 1476 754 ordinationem
1495 720 1691 767 hujusmodi

214 776 359 823 provide
377 776 505 810 fac-Tam
524 781 558 810 et
575 789 595 809 a
613 774 768 822 partibus
785 774 907 821 sponte
925 780 1101 822 receptam
1130 788 1170 810 ac
1196 776 1338 823 pacifice
1366 775 1450 811 ficut
1477 777 1692 823 premittitur

215 831 442 872 observatam,
462 838 571 866 ratam
591 837 625 865 et
643 831 779 865 firmam
796 829 974 872 habentes,
994 844 1070 866 eam
1089 832 1299 866 auctoritate
1311 832 1497 879 apostolica
1510 833 1692 867 confirma-

216 902 292 922 mus
311 896 344 922 et
364 888 530 935 presentis
548 887 663 934 scripti
681 886 876 934 patrocinio
895 887 1162 922 communimus.
1198 887 1299 922 Nulli
1318 901 1402 935 ergo
1421 889 1565 923 omnino
1583 889 1692 923 homi-

216 958 299 979 num
320 946 420 979 liceat
439 946 526 979 hanc
546 944 707 990 paginam
725 943 839 977 nostre
857 943 1131 977 confirmationis
1150 943 1340 990 infringere
1359 944 1416 979 vel
1434 945 1465 979 ei
1482 943 1566 979 ausu
1584 951 1692 980 teine-

216 1002 308 1035 rario
327 1002 511 1035 contraire.
566 1001 601 1035 Si
614 1001 689 1046 quis
701 1005 818 1034 autem
833 999 900 1032 hoc
913 1004 1121 1045 attemptare
1138 999 1392 1046 presumpserit,
1412 1001 1689 1047 indignationem

217 1058 466 1104 omnipotentis
485 1057 555 1091 Dei
574 1062 608 1091 et
626 1057 809 1091 beatorum
829 1054 924 1088 Petri
952 1060 985 1088 et
1015 1054 1115 1089 Pauli
1133 1055 1367 1102 apostolorum
1395 1056 1467 1103 ejus
1493 1056 1526 1091 se
1552 1058 1692 1091 noverit

217 1113 448 1148 incurliirum.
502 1113 634 1147 Datum
669 1109 798 1146 Perufii
827 1123 849 1143 x
880 1109 1057 1144 Kalendas
1086 1110 1195 1151 Junii‚
1226 1111 1449 1158 pontificatus
1474 1112 1580 1146 nostri
1598 1126 1691 1147 anno

216 1171 341 1217 primo.
395 1169 549 1203 Domum
569 1168 722 1215 sequitur
750 1167 867 1201 littera
894 1166 1170 1201 confirmationis
1203 1167 1338 1202 Decani
1367 1174 1401 1202 et
1431 1169 1573 1215 capituli
1593 1169 1692 1204 Glas-

217 1226 352 1272 guenfis
371 1224 567 1272 hujusmodi
586 1223 646 1259 sub
664 1230 799 1259 tenore.

586 1338 692 1379 [Hanc
708 1338 964 1368 confirmationem
978 1336 1047 1366 vide
1062 1336 1159 1375 supra,
1176 1346 1203 1374 p.
1221 1335 1309 1377 326]

219 1453 356 1494 Quibus
371 1454 511 1499 quidem
530 1453 654 1487 litteris
672 1452 771 1486 nobis
790 1451 950 1486 exhibitis
978 1456 1012 1484 et
1042 1449 1177 1484 ostenfis
1205 1456 1245 1484 ut
1270 1451 1496 1498 premittitur,
1530 1451 1605 1486 Nos
1634 1453 1693 1499 Sy-

219 1522 298 1543 mon
319 1516 441 1543 cantor
460 1515 493 1543 et
513 1508 666 1543 officialis
684 1509 874 1555 predictus,
895 1507 1116 1541 attendentes
1134 1506 1421 1553 supplicationem
1439 1508 1608 1554 prefatam
1627 1508 1692 1543 effe

218 1564 403 1599 consonam
423 1565 561 1605 rationi,
589 1564 730 1611 prefatis
748 1564 872 1598 litteris
890 1577 953 1610 per
971 1576 1034 1597 nos
1053 1576 1132 1597 cum
1151 1564 1247 1597 0111111
1266 1563 1447 1610 diligentia
1464 1563 1550 1605 vifis,
1577 1565 1693 1612 palpa-

217 1621 270 1660 tis,
304 1621 506 1655 examinatis
537 1626 571 1654 et
598 1620 798 1660 intellectis,
830 1618 963 1665 illisque
981 1621 1221 1655 indubitanter
1239 1622 1384 1668 repertis
1402 1622 1502 1662 veris,
1535 1623 1690 1669 integris,

217 1689 290 1711 non
308 1678 445 1717 vitiatis,
466 1689 538 1710 non
557 1676 729 1723 corruptis
747 1688 812 1710 nec
830 1677 866 1710 in
884 1676 998 1722 aliqua
1014 1675 1064 1710 sui
1082 1681 1180 1723 parte
1198 1676 1372 1723 suspectis,
1393 1677 1551 1712 volentes
1569 1678 1692 1725 proba-

218 1733 370 1768 tionibus
389 1733 548 1768 veridicis
565 1732 748 1767 subvenire
766 1745 811 1767 ne
836 1733 968 1780 justitia
985 1740 1104 1781 pereat
1123 1739 1157 1768 et
1176 1734 1302 1768 veritas
1327 1733 1527 1770 succumbat
1544 1734 1690 1776 falsitati,

219 1790 330 1824 citatis
349 1789 510 1824 omnibus
529 1794 562 1823 et
579 1787 720 1835 fingulis
738 1802 887 1835 quorum
907 1789 1064 1824 interfuit
1092 1795 1127 1824 et
1154 1790 1213 1824 sua
1239 1796 1448 1836 putaverant
1479 1790 1638 1826 intereffe
1657 1793 1693 1825 in

217 1845 325 1879 valvis
343 1844 481 1879 ecclefie
501 1843 722 1891 Glasguenfis
739 1850 903 1891 tanquam
923 1846 960 1879 in
977 1845 1056 1879 albo
1069 1847 1236 1893 pretorio,
1257 1847 1442 1881 intervallo
1458 1848 1540 1882 octo
1555 1848 1691 1882 dierum

218 1902 266 1935 eis
284 1900 450 1947 assignato
470 1906 504 1935 et
523 1899 680 1935 concefl'o
699 1901 743 1935 ad
762 1902 1013 1948 opponendum
1041 1901 1065 1936 fi
1094 1902 1177 1948 quid
1206 1915 1386 1950 opponere
1419 1903 1554 1939 vellent
1585 1917 1691 1949 quare

216 1957 413 2004 hujusmodi
441 1957 556 1992 littere
576 1957 766 2004 exemplari
784 1970 856 1991 non
875 1957 1042 1992 deberent
1059 1972 1068 2000 3
1097 1971 1167 2004 quo
1186 1959 1241 1993 die
1259 1959 1468 1994 adveniente
1489 1973 1567 1994 cum
1586 1960 1691 1994 nichil

217 2026 279 2060 per
297 2014 493 2060 quempiam
513 2013 691 2060 objefflmm
710 2013 766 2048 vel
785 2012 979 2061 oppofitum
997 2014 1063 2048 filit
1080 2020 1224 2061 propter
1254 2015 1348 2061 quod
1367 2014 1564 2062 hujusmodi
1582 2015 1692 2062 publi-

218 2070 307 2104 catio
326 2069 522 2104 litterarum
542 2075 575 2104 et
592 2067 835 2117 tranfl'umptio
853 2069 929 2104 fieri
955 2082 1029 2104 non
1059 2070 1213 2111 deberet,
1241 2077 1281 2105 ut
1311 2071 1374 2105 hec
1392 2070 1462 2118 ipsa
1481 2071 1691 2118 exemplaria

218 2127 362 2160 eandem
381 2127 638 2167 auc-“toritatem,
670 2126 775 2160 fidem
794 2126 971 2160 indubiam
990 2131 1024 2160 et
1042 2126 1242 2161 firmitatem
1260 2132 1300 2160 ut
1318 2127 1387 2174 ipsa
1406 2127 1587 2174 originalia
1605 2127 1691 2161 obti-

218 2189 352 2222 nerent,
374 2182 471 2217 cause
490 2183 690 2229 cognitione
708 2188 747 2217 ut
764 2183 979 2230 premittitur
996 2181 1097 2230 super
1115 2183 1182 2217 hoc
1195 2183 1416 2230 precedente,
1437 2183 1688 2223 mandavimus,

219 2243 253 2271 et
270 2238 413 2272 fecimus
430 2239 640 2273 auctoritate
659 2239 835 2272 ordinaria
851 2238 911 2272 sub
928 2236 1037 2285 figillo
1055 2239 1150 2273 curie
1169 2238 1282 2273 nostre
1309 2239 1513 2273 officialatus
1539 2251 1601 2285 per
1627 2238 1689 2272 cir-

219 2293 455 2340 cumspeetum
474 2295 586 2329 virum
605 2294 803 2341 magistrum
821 2294 844 2330 J
846 2295 1020 2329 ohannem
1051 2295 1094 2329 de
1124 2295 1255 2329 Reston
1285 2295 1451 2329 vicarium
1480 2300 1688 2341 perpetuum

220 2348 357 2384 ecclesie
374 2351 598 2396 parrochialis
629 2352 671 2385 de
702 2351 850 2397 Dunlop
869 2350 1022 2385 nostrum
1040 2349 1188 2391 scribam,
1210 2350 1464 2396 infrascriptum
1489 2349 1687 2384 solemniter
