1839 2652
191 268 239 303 90
587 261 903 298 REGISTRUM
932 260 1270 296 MONASTERII

195 366 289 395 terre
307 359 365 394 sne
383 359 516 393 clericis
534 363 569 392 et
585 358 681 392 laicis
698 358 854 392 salutem.
907 357 1025 392 Sciant
1042 355 1218 404 presentes
1236 361 1270 391 et
1287 356 1396 390 futuri
1410 369 1465 391 me
1489 354 1681 392 conceffiffe

198 423 233 452 et
251 422 346 452 carta
363 428 440 450 mea
458 413 673 449 confirmasse
693 414 773 448 Deo
793 419 828 448 et
847 413 978 447 saneto
997 412 1131 448 Jacobo
1151 417 1185 446 et
1204 412 1335 446 Saneto
1359 411 1496 447 Mirino
1512 413 1554 447 de
1570 411 1681 447 Paffe-

197 473 248 508 let
266 478 300 507 et
318 471 496 506 monachis
519 470 646 505 ibidem
666 470 747 504 Deo
774 468 1003 504 servientibus
1031 473 1140 502 totam
1172 473 1301 502 terram
1326 468 1418 502 inter
1438 468 1627 515 Aldpatrik
1647 474 1681 503 et

201 529 357 576 Espdayr
375 540 476 574 quain
499 527 675 561 Walterus
692 527 784 560 filius
804 525 913 559 Alani
932 525 980 559 eis
1000 525 1107 564 dedit,
1135 536 1198 571 per
1216 524 1330 558 reetas
1360 524 1482 559 divisas
1500 530 1681 559 contentas

199 585 236 619 in
255 590 350 619 carta
367 583 426 618 sua
444 582 571 618 eisdem
589 583 767 617 monachis
786 582 867 616 inde
886 581 989 621 faeta,
1021 586 1055 615 et
1082 593 1161 615 cum
1189 580 1407 615 libertatibus
1427 586 1461 615 et
1479 580 1685 615 aifiamentis

199 641 357 675 maremii
375 645 410 674 et
428 640 576 674 aliorum
594 652 661 685 que
680 639 909 673 continentur
928 637 964 670 in
983 637 1105 671 eadem
1133 641 1229 670 carta
1256 635 1358 682 ipfius
1378 636 1536 671 Walteri.
1589 636 1683 671 Con-

200 695 277 731 cessi
295 697 398 731 etiam
419 696 467 730 eis
483 701 592 730 totam
613 701 742 729 terram
762 695 853 728 inter
873 693 982 727 Mach
1014 698 1049 726 et
1078 692 1279 726 Caledouer
1311 693 1551 727 deforessatam
1577 706 1680 739 quam

199 753 293 787 idem
312 752 490 786 walterus
508 752 555 786 eis
574 752 680 792 dedit,
711 757 745 785 et
775 762 880 787 unam
900 754 1035 796 partem
1055 753 1148 782 terre
1176 761 1220 782 ex
1253 748 1415 783 orientali
1433 755 1532 796 parte
1550 750 1683 784 molen-

201 809 273 843 dini
292 809 334 842 de
355 806 502 842 Pail'elet
532 821 634 854 quam
666 808 714 841 eis
744 806 896 840 similiter
915 805 1022 844 dedit,
1052 817 1115 851 per
1142 805 1257 838 re6³cas
1291 803 1413 839 divisas
1440 811 1622 839 contentas
1647 806 1684 839 in

202 870 297 899 carta
314 863 384 898 sua.
436 862 595 898 Conceffi
626 864 730 897 etiam
761 863 809 897 eis
839 867 969 896 terram
1001 873 1104 906 quam
1136 860 1230 894 idem
1250 859 1427 894 &Valterus
1455 861 1503 895 eis
1521 859 1684 896 conceflit

202 921 296 968 apud
315 920 453 955 Renfru
471 920 506 953 in
524 920 673 954 liberum
690 918 910 965 burgagium,
946 924 980 950 et
1009 917 1215 950 marelnium
1236 921 1270 950 et
1288 916 1398 950 focale
1417 917 1466 951 eis
1484 923 1518 951 et
1538 917 1684 952 homini-

203 978 266 1012 bus
285 990 407 1011 eorum
426 977 462 1010 in
480 976 605 1010 foresto
624 976 697 1023 ejus
725 975 767 1009 de
782 972 981 1009 Senecastre
997 972 1081 1006 ficut
1099 973 1135 1006 in
1154 978 1249 1006 carta
1267 972 1341 1019 ejus
1360 974 1584 1008 continetur:
1613 973 1682 1008 Te-

202 1034 336 1068 nendas
354 1034 388 1067 in
408 1033 551 1067 liberam
569 1038 604 1067 et
622 1045 744 1079 puram
764 1037 798 1066 et
816 1035 1020 1078 perpetuam
1040 1027 1273 1068 elffinofinam,
1303 1041 1382 1063 cuin
1401 1030 1518 1075 quieta
1535 1030 1684 1064 claman-

202 1089 252 1124 tia
269 1090 466 1136 calumpnie
484 1101 588 1135 quam
606 1089 699 1122 idem
718 1087 896 1121 WValterus
922 1085 1043 1119 habuit
1072 1085 1107 1118 in
1140 1084 1330 1132 Clohhary,
1364 1091 1398 1119 et
1426 1098 1505 1120 cum
1524 1086 1683 1121 libertate

202 1145 352 1180 faciendi
369 1145 576 1192 piscaturam
599 1144 704 1191 juxta
730 1143 898 1190 oppidum
919 1141 960 1174 de
982 1140 1121 1174 Renfru
1141 1154 1185 1174 ex
1213 1146 1362 1187 utraque
1391 1148 1490 1188 parte
1520 1155 1620 1188 aque,
1650 1147 1684 1177 et

204 1214 284 1236 cum
302 1200 464 1236 omnibus
482 1200 556 1234 aliis
573 1199 791 1234 libertatibus
822 1204 856 1233 et
886 1196 1092 1231 ailianlentis
1111 1197 1285 1231 contentis
1303 1197 1339 1230 in
1358 1203 1453 1231 carta
1469 1197 1571 1244 ipfius
1590 1198 1684 1232 Wal-

204 1258 282 1298 teri,
303 1258 350 1292 ita
367 1257 475 1291 libere
494 1262 528 1290 et
546 1256 674 1301 quiete,
701 1255 857 1302 plenarie
876 1260 910 1288 et
928 1252 1122 1286 honorifice
1148 1251 1234 1286 ficut
1252 1258 1346 1287 carta
1365 1252 1517 1300 ejusdem
1537 1253 1684 1288 Walteri

204 1314 286 1347 inde
304 1313 397 1347 fausta
414 1312 580 1359 prediffis
598 1311 777 1345 monachis
794 1310 937 1344 testatur
952 1323 960 1343 ι
989 1309 1093 1344 Salvo
1111 1308 1250 1343 servitio
1278 1323 1369 1344 meo.
1421 1310 1580 1345 Testibus
1599 1310 1684 1345 Wil-

205 1370 297 1404 elmo
317 1369 360 1403 de
379 1367 514 1402 Boscho
533 1367 740 1401 cancellario
768 1379 858 1406 meo,
892 1366 1058 1400 lVilehno
1077 1366 1120 1400 de
1138 1364 1298 1406 Valons’‚
1320 1366 1474 1400 Ricardo
1503 1367 1575 1401 filio
1608 1366 1685 1401 Hu-

203 1427 340 1473 guonis,
359 1425 518 1460 Herinco
528 1423 735 1464 MaresealP,
757 1422 937 1457 Herberto
950 1423 993 1457 de
1009 1422 1168 1463 Camera,
1188 1422 1348 1469 magistro
1364 1422 1523 1457 Martino
1535 1423 1682 1463 medico,

204 1483 299 1530 apud
317 1481 512 1527 Edinburg’
531 1480 666 1515 decimo
685 1479 740 1514 die
760 1478 922 1525 Augusti.

208 1649 440 1685 Confirmatio
459 1648 592 1683 domini
611 1648 809 1683 Alexandri
826 1647 889 1681 filii
908 1645 1066 1686 Walteri,
1088 1645 1130 1679 de
1149 1645 1310 1680 omnibus
1328 1645 1430 1680 terris
1448 1651 1482 1680 et
1500 1646 1658 1681 ecclefiis.

210 1760 543 1798 ALEXANDER
573 1760 665 1794 filius
684 1759 830 1794 lValteri
861 1756 1064 1793 senescallus
1095 1757 1211 1792 Scotie
1242 1757 1404 1792 omnibus
1432 1758 1631 1793 hominibus
1649 1764 1684 1794 et

209 1817 327 1852 amicis
344 1815 411 1850 suis
429 1821 499 1850 tam
519 1814 734 1862 presentibus
752 1827 854 1861 qnam
873 1814 999 1848 futuris
1016 1813 1172 1848 salutem.
1226 1813 1346 1848 Sciatis
1364 1827 1439 1855 nos,
1460 1827 1553 1849 anno
1571 1816 1681 1861 gratie

209 1870 389 1907 millefimo
415 1869 648 1905 ducentofimo
679 1868 959 1917 quinquagefimo
987 1869 1138 1903 secundo
1170 1869 1344 1903 dominica
1373 1870 1486 1917 prima
1512 1871 1683 1905 adventus

210 1927 371 1967 Domini,
391 1927 484 1974 apud
504 1925 650 1960 Paffelet
668 1926 883 1967 constitutos,
901 1939 921 1959 a
938 1925 1116 1959 monachis
1133 1925 1256 1959 nostris
1276 1925 1452 1967 recellifl'e,
1482 1940 1562 1961 cum
1579 1927 1683 1962 licen-

210 1985 260 2019 tia
277 1989 312 2018 et
329 1983 575 2017 benedictione
594 1983 798 2023 eorundem,
817 1988 857 2017 ut
875 1980 995 2015 limina
1012 1981 1103 2015 beati
1121 1981 1243 2016 Jacobi
1264 1982 1423 2030 Apostoli
1443 1983 1478 2017 in
1496 1983 1684 2017 devotione

212 2045 246 2075 et
263 2039 544 2087 peregrinatione
562 2038 680 2073 sanfiha
697 2038 869 2073 vifitemus
884 2053 892 2081 ;
922 2044 956 2073 et
973 2039 1054 2085 quia
1072 2039 1198 2073 decens
1217 2039 1263 2073 est
1281 2045 1315 2073 et
1334 2040 1515 2074 honestum
1530 2045 1570 2074 ut
1583 2053 1680 2087 pere-

213 2095 306 2142 grini
323 2094 367 2129 ad
385 2107 492 2142 opera
509 2093 743 2129 misericordie
761 2100 796 2129 et
813 2095 950 2142 pietatis
976 2094 1205 2141 attingantur,
1238 2095 1340 2130 dictis
1367 2096 1546 2130 monachis
1563 2096 1686 2130 nostris

214 2157 285 2186 tam
302 2149 518 2197 presentibus
536 2163 639 2197 quam
657 2150 783 2185 futuris
800 2149 1035 2190 conceffimus,
1066 2155 1099 2185 et
1130 2150 1194 2186 hac
1224 2157 1319 2186 carta
1335 2151 1485 2199 presenti
1504 2152 1686 2187 confirma-

215 2207 339 2246 vimus,
359 2207 395 2240 in
413 2206 557 2241 liberam
577 2212 612 2241 et
628 2212 833 2254 perpetuam
851 2205 1081 2247 elemosinam,
1116 2219 1237 2241 omnes
1265 2208 1471 2242 donationes
1490 2220 1575 2254 quas
1592 2211 1686 2242 ante-

217 2260 362 2297 ceffores
379 2261 485 2296 nostri
503 2262 550 2296 eis
568 2262 727 2297 fecerunt
746 2263 869 2309 quibus
900 2262 984 2297 dic‘ti
1016 2263 1175 2298 monachi
1195 2263 1305 2299 vestiti
1333 2269 1434 2298 erant
1456 2269 1491 2298 et
1516 2263 1613 2298 iailiti
1632 2263 1687 2297 die

216 2317 320 2366 hujus
338 2318 611 2353 confirmationis
629 2319 677 2354 eis
695 2318 820 2354 collate
836 2333 846 2362 3
874 2318 1036 2355 videlicet
1054 2319 1097 2354 de
1118 2318 1276 2361 eoelestis
1296 2319 1449 2360 decimis,
1476 2319 1589 2360 terris,
1617 2317 1687 2366 pas-
