1870 2683
766 254 837 290 DE
870 255 1139 290 PASSELET.
1623 263 1695 295 433

307 353 411 388 ritate
428 351 536 398 regali
553 351 721 392 notarius,
741 352 821 397 quia
838 351 1003 398 premiflis
1022 352 1182 386 omnibus
1201 357 1235 386 et
1252 351 1392 399 fingulis
1408 353 1490 387 dum
1502 352 1545 388 fic
1559 360 1598 388 ut
1612 367 1688 401 pre-

308 409 458 442 mittitur
476 408 686 447 dicerentur,
720 413 908 453 agerentur
927 413 960 441 et
978 408 1103 442 fierent
1123 409 1303 452 [interfui]
1323 422 1431 454 eaque
1449 408 1491 443 fic
1509 410 1585 444 fieri
1603 411 1685 451 vidi,

307 463 389 498 scivi
417 468 451 498 et
478 463 594 497 audivi
611 476 651 497 ac
681 463 717 496 in
743 469 862 497 notam
890 463 964 509 cepi
983 477 1026 497 ex
1044 477 1112 509 qua
1130 464 1195 498 hoc
1213 464 1352 511 presens
1370 465 1546 511 publicum
1566 466 1687 500 instru-

308 524 467 554 mentum
484 531 590 553 manu
607 519 749 553 alterius
768 519 918 553 fideliter
936 517 1098 565 scriptum
1125 520 1270 559 confeci,
1299 520 1471 566 publicavi
1490 526 1524 556 et
1543 522 1578 555 in
1597 522 1686 555 hanc

307 574 481 621 publicam
510 574 658 608 formam
688 573 984 608 instrumentalem
1017 575 1146 620 redegi,
1178 574 1342 621 signoque
1374 582 1409 610 et
1439 577 1582 611 nomine
1600 578 1685 612 meis

309 630 364 664 hic
382 643 438 664 me
455 628 697 664 subscribendo
714 628 854 674 signavi,
883 630 919 662 in
947 630 1063 670 fidem,
1094 630 1201 664 robur
1219 636 1253 664 et
1272 631 1505 666 testimonium
1532 633 1686 667 veritatis

306 686 467 720 omnium
484 690 520 719 et
536 684 750 731 fingulorum
769 682 1021 731 premifl'orum,
1042 691 1184 732 rogatus
1202 692 1238 720 et
1256 686 1446 732 requisitus.

213 854 321 890 Carta
339 854 446 888 Alani
465 853 624 888 Steward
652 853 694 888 de
725 853 927 887 Cardonald
945 854 987 888 de
1006 866 1077 889 uno
1096 859 1298 890 tenemento
1326 857 1362 891 in
1393 858 1422 891 le
1453 857 1621 893 Stokwell
1641 859 1682 893 de

213 909 367 956 Glasgw.

212 1020 452 1056 OMNIBUS
470 1022 559 1056 hanc
576 1025 706 1055 cartam
725 1020 845 1056 visuris
862 1021 919 1056 vel
936 1022 1106 1057 audituris
1126 1023 1304 1058 Robertus
1330 1023 1548 1070 permistione
1567 1026 1684 1059 divina

211 1078 314 1112 abbas
330 1078 527 1113 monasterii
546 1078 588 1112 de
608 1076 742 1111 Pafleto
761 1082 795 1112 et
813 1077 964 1124 ejusdem
979 1078 1045 1112 loci
1061 1085 1267 1120 conventus,
1289 1080 1419 1114 ordinis
1439 1080 1684 1121 Cluniacenfis,

212 1134 433 1181 Glasguenfis
451 1133 601 1174 diocefis‚
621 1134 765 1168 salutem
783 1134 819 1167 in
839 1134 996 1169 Domino
1015 1134 1269 1182 sempiternam.
1322 1136 1501 1171 Noveritis
1520 1150 1594 1178 nos,
1611 1137 1685 1172 nos-

211 1191 274 1226 tris
291 1196 326 1225 et
343 1190 448 1225 nostri
466 1190 662 1224 monasterii
678 1190 829 1225 utilitate
857 1196 890 1225 et
917 1192 1102 1225 commodo
1121 1204 1159 1226 ac
1177 1192 1340 1238 proficuis
1359 1194 1513 1239 undique
1530 1192 1683 1240 provifis,

212 1252 247 1282 et
264 1247 301 1281 in
318 1246 434 1280 nostro
452 1246 611 1280 unanimi
628 1245 734 1292 pleno
753 1247 905 1293 capitulo
924 1248 1161 1293 capitulariter
1179 1254 1393 1294 congregato
1420 1249 1586 1296 predictis
1605 1262 1684 1283 con-

211 1302 374 1343 fideratis,
395 1300 533 1342 dediffe,
553 1299 746 1336 conceffiffe
765 1308 799 1336 et
817 1303 860 1336 ad
878 1303 1109 1337 feodifirmam
1129 1302 1283 1338 dimififfe
1296 1310 1329 1338 et
1341 1304 1404 1338 hac
1421 1304 1572 1351 presenti
1590 1310 1685 1339 carta

210 1358 325 1393 nostra
339 1355 568 1398 confirmasse,
600 1371 739 1392 necnon
766 1358 851 1405 ipsas
870 1359 1107 1399 donationem,
1139 1357 1390 1402 concessiqnem
1422 1374 1461 1395 ac
1491 1361 1684 1395 feodifirme

211 1413 439 1448 dimiffionem
457 1414 521 1448 hac
538 1413 688 1460 presenti
706 1420 801 1449 carta
818 1414 932 1449 nostra
949 1428 1013 1462 pro
1027 1415 1129 1449 firmo
1147 1415 1405 1462 imperpetuum
1420 1415 1582 1457 habuiffe,
1602 1429 1684 1451 con-

210 1469 357 1505 firmaffe
385 1475 420 1504 et
447 1469 625 1505 ratificaffe
644 1471 795 1517 eleganti
814 1477 848 1505 et
867 1471 1062 1505 honorabili
1080 1472 1155 1507 viro
1176 1472 1294 1505 Alano
1314 1472 1473 1507 Steward
1491 1473 1533 1507 de
1553 1473 1685 1507 Cardo-

210 1527 303 1566 nald‚
332 1526 517 1560 heredibus
534 1525 601 1560 suis
632 1532 666 1560 et
696 1526 878 1573 affignatis,
911 1533 1021 1561 totam
1049 1533 1083 1561 et
1110 1528 1282 1574 integram
1300 1528 1451 1562 nostram
1470 1534 1599 1563 terram
1617 1528 1685 1564 five

209 1582 364 1616 nostrum
382 1587 622 1616 tenementum
649 1582 770 1629 jacens
800 1583 835 1616 in
868 1583 980 1629 burgo
1000 1589 1034 1618 et
1052 1584 1190 1618 civitate
1210 1583 1423 1631 Glasgwenfi
1440 1598 1550 1632 prope
1569 1586 1683 1620 vicum

208 1643 371 1673 vocatum
390 1637 420 1672 le
439 1637 620 1677 StokwelL
648 1638 684 1672 in
702 1637 735 1673 se
753 1639 937 1673 continens
954 1652 1059 1673 unam
1079 1639 1200 1673 rodam
1219 1645 1312 1674 terre
1330 1640 1494 1686 burgalis,
1522 1641 1684 1676 videlicet

207 1693 266 1729 sex
283 1694 384 1728 ulnas
401 1698 494 1728 terre
512 1693 665 1740 burgalis
683 1694 719 1728 in
737 1694 853 1729 fronte
872 1695 1036 1729 anteriori
1056 1695 1157 1742 super
1188 1708 1410 1731 communem
1429 1698 1520 1732 viam
1551 1698 1682 1744 regiam

207 1762 317 1797 prope
335 1750 365 1784 le
383 1749 554 1784 Stokwell
573 1762 616 1784 ex
633 1755 731 1797 parte
749 1751 956 1785 occidentali
975 1764 1018 1785 ex
1037 1764 1119 1792 una,
1149 1757 1184 1786 et
1210 1757 1339 1786 terram
1356 1751 1423 1787 five
1442 1758 1683 1788 tenementum

208 1806 294 1840 dieti
314 1805 421 1839 Alani
441 1805 599 1840 Steward
626 1818 669 1840 ex
694 1812 793 1853 parte
811 1807 959 1849 australi,
990 1813 1024 1842 et
1053 1814 1183 1842 terram
1200 1806 1266 1842 five
1285 1813 1526 1843 tenementum
1546 1809 1684 1844 Thome

210 1861 297 1896 Hall
315 1874 358 1896 ex
375 1867 474 1908 parte
490 1861 633 1902 boreali,
666 1868 701 1896 et
718 1868 847 1897 terram
865 1862 932 1898 five
950 1869 1192 1898 tenementum
1212 1864 1407 1898 Alexandri
1427 1864 1509 1899 Scot
1527 1878 1569 1899 ex
1587 1871 1684 1912 parte

208 1917 379 1957 orientali,
399 1917 554 1964 partibus
571 1917 613 1951 ab
631 1917 750 1952 altera.
803 1918 1016 1954 Tenendum
1035 1925 1069 1953 et
1087 1920 1286 1954 habendum
1304 1925 1418 1955 totum
1446 1926 1480 1955 et
1506 1921 1683 1967 integrum

206 1972 405 2019 predictum
420 1976 662 2006 tenementum
674 1972 795 2019 jacens
807 1974 842 2007 in
855 1973 967 2021 burgo
982 1981 1017 2010 et
1029 1976 1168 2010 civitate
1187 1976 1341 2023 Glasgw‚
1359 1990 1436 2011 cum
1452 1978 1681 2023 pertinentiis,

206 2028 342 2075 prefato
362 2027 480 2062 Alano
500 2027 670 2069 Steward,
691 2029 875 2064 heredibus
889 2030 956 2065 suis
975 2036 1009 2065 et
1027 2030 1209 2078 affignatis‚
1230 2033 1272 2066 de
1285 2032 1384 2066 nobis
1400 2032 1538 2067 Abbate
1553 2038 1588 2067 et
1602 2046 1682 2067 con-

206 2089 316 2119 ventu
334 2084 376 2118 de
396 2083 529 2118 Passeto
548 2090 583 2118 et
600 2083 845 2120 succefforibus
862 2086 984 2121 nostris
1010 2088 1046 2121 in
1075 2088 1271 2122 feodifirma
1288 2088 1496 2122 hereditarie
1516 2089 1684 2136 imperpe-

206 2146 318 2181 tuum,
338 2145 443 2187 prout
455 2140 551 2186 jacet
568 2141 605 2174 in
623 2141 843 2187 longitudine
862 2148 897 2176 et
914 2143 1110 2184 latitudine,
1130 2157 1193 2190 per
1211 2156 1332 2178 omnes
1350 2144 1463 2178 rectas
1481 2144 1556 2178 suas
1575 2151 1683 2180 metas

205 2197 375 2242 antiquam,
395 2208 503 2231 novas
521 2202 556 2231 et
575 2196 707 2237 divisas,
727 2210 806 2232 cum
825 2198 934 2233 libero
946 2200 1093 2234 introitu
1112 2206 1147 2234 et
1165 2201 1272 2241 exitu,
1293 2213 1331 2234 ac
1345 2213 1425 2234 cum
1437 2201 1598 2235 omnibus
1609 2201 1683 2235 aliis

205 2257 240 2288 et
257 2252 397 2299 fingulis
410 2252 638 2294 libertatibus,
659 2254 974 2295 commoditatibus,
994 2256 1159 2302 proficuis
1177 2262 1212 2291 et
1229 2255 1434 2290 aifiamentis
1452 2269 1491 2291 ac
1503 2256 1601 2303 justis
1615 2256 1682 2292 suis

204 2309 424 2357 pertinentiis
441 2308 701 2357 quibuscunque
719 2315 790 2345 tam
809 2323 880 2345 non
900 2312 1087 2346 nominatis
1113 2325 1215 2358 quam
1244 2312 1442 2354 nominatis,
1475 2318 1546 2347 tam
1564 2312 1682 2348 subtus

918 2369 940 2401 3
959 2379 970 2401 1
