1839 2652
729 277 800 312 DE
830 275 1101 312 PASSELET.
1585 280 1655 318 287

175 430 333 465 Donatio
352 429 490 465 ecclefie
509 430 551 465 de
571 428 724 477 Largyff
733 443 795 477 per
813 429 1010 464 VValterum
1028 428 1254 464 senescallum
1274 428 1407 462 Scotie.

177 542 457 577 UNIVERSIS
485 542 603 577 san6te
633 542 753 576 matris
783 540 921 575 ecclesie
951 541 1031 574 filiis
1061 539 1256 587 presentem
1286 544 1415 573 cartam
1449 539 1571 574 visuris
1597 539 1655 574 vel

177 598 347 633 audituris
366 598 543 632 VValterus
561 596 767 632 senescallus
787 597 902 631 Scotie
922 602 1079 630 eternam
1094 597 1130 630 in
1149 596 1309 630 Domino
1327 594 1484 630 salutem.
1538 596 1656 630 Nove-

177 654 251 688 ritis
270 667 325 688 me
345 654 495 688 caritatis
513 654 654 694 intuitu,
688 659 722 687 et
740 666 804 699 pro
822 652 932 686 salute
963 653 1079 686 anime
1109 665 1187 687 mee
1215 658 1249 686 et
1278 651 1454 699 Marjorie
1481 653 1657 698 quondam

177 709 297 757 sponse
315 722 402 750 mee,
423 722 563 743 necnon
590 715 624 743 et
654 722 718 755 pro
738 708 845 742 salute
864 707 1117 742 antecefforum
1137 721 1297 742 meorum
1316 721 1355 742 ac
1373 709 1477 742 etiam
1497 709 1655 743 omnium

177 766 333 800 fidelium
349 765 608 805 defunfflmrum,
631 762 769 804 dediffe‚
798 762 991 798 conceflifl'e
1019 770 1053 798 et
1071 764 1135 798 hac
1152 763 1304 811 presenti
1323 770 1418 798 carta
1435 778 1513 799 mea
1531 765 1656 799 confir-

178 819 280 855 maffe
300 821 380 855 Deo
399 826 434 855 et
453 821 583 855 San6'm
601 820 747 860 Jacobo,
781 820 912 854 saneto
934 819 1067 854 Mirino
1101 825 1135 854 et
1168 820 1296 854 Sancite
1316 820 1498 868 Milburge
1517 822 1559 856 de
1580 822 1656 856 Pas-

177 876 260 911 selet
278 882 312 911 et
331 876 506 911 Omnibus
525 876 673 917 Sancffis,
703 882 739 911 et
765 876 944 910 monachis
963 876 1091 910 ibidem
1112 876 1198 910 Deo
1226 876 1454 912 servientibus
1481 884 1515 912 et
1532 879 1658 926 imper-

177 938 320 979 petuum
336 931 524 973 servituris,
545 931 719 967 eccleliam
735 933 778 966 de
797 930 949 978 Largyss
959 933 994 966 in
1008 945 1132 978 puram
1147 938 1182 966 et
1200 939 1407 980 perpetuam
1423 933 1654 975 elemosinam,

177 1001 256 1023 cum
269 989 429 1023 omnibus
444 989 596 1029 decimis,
613 988 895 1028 obventionibus,
913 988 1146 1022 oblationibus
1159 994 1193 1022 et
1209 989 1382 1024 fructibus
1396 990 1657 1037 quibuscunque

178 1045 221 1079 ad
240 1045 368 1079 dietam
383 1044 562 1080 ecclesiam
582 1045 839 1092 pertinentibus
865 1045 921 1079 vel
940 1058 1080 1091 quoquo
1101 1045 1205 1079 modo
1224 1050 1285 1080 aut
1305 1045 1387 1093 jure
1406 1047 1583 1093 pertinere
1601 1060 1658 1081 va-

178 1100 340 1141 lentibus,
369 1114 389 1135 a
415 1102 470 1136 die
498 1101 613 1136 obitus
641 1102 774 1136 domini
794 1101 949 1136 Wilelmi
976 1101 1159 1148 Lyndesay
1178 1102 1327 1136 re6toris
1347 1102 1499 1149 ejusdem
1520 1102 1658 1138 ecclefie

179 1157 235 1191 vel
253 1170 273 1191 a
291 1157 345 1191 die
358 1156 607 1203 refignationis,
627 1158 860 1205 promotionis
878 1157 936 1192 seu
955 1157 1112 1191 cessionis
1130 1157 1366 1205 cujuscunque
1386 1164 1420 1193 et
1437 1160 1507 1194 fine
1525 1161 1658 1194 annalis

181 1213 333 1260 ejusdem
352 1212 457 1259 usque
476 1214 513 1248 in
531 1213 794 1261 sempiternum,
816 1227 895 1249 cum
914 1219 990 1248 tota
1004 1219 1098 1247 terra
1116 1215 1274 1261 predhste
1288 1214 1427 1250 ecclesie
1444 1216 1656 1262 pertinente,

180 1270 217 1303 in
234 1282 302 1315 qua
317 1270 410 1303 dffi'ca
424 1269 573 1310 ecclelia,
590 1283 610 1304 a
621 1276 779 1316 tempore
799 1283 819 1304 a
836 1283 905 1316 quo
920 1282 992 1303 non
1006 1275 1101 1303 extat
1116 1271 1296 1311 memoria,
1318 1276 1392 1305 erat
1408 1271 1528 1306 dotata
1541 1278 1576 1306 et
1590 1273 1659 1319 say-

181 1324 251 1365 fita,
284 1331 319 1359 et
337 1338 416 1359 cum
435 1325 596 1359 omnibus
626 1326 701 1359 aliis
719 1326 1025 1360 commoditatibus
1044 1331 1079 1360 et
1097 1325 1303 1360 ailiamentis
1321 1327 1365 1361 ad
1385 1328 1532 1362 eandem
1552 1329 1659 1363 eccle-

181 1379 261 1415 fiam
273 1381 363 1428 juste
381 1382 649 1427 pertinentibus.
702 1381 911 1416 Tenendam
933 1388 967 1415 et
995 1381 1190 1416 habendam
1210 1383 1341 1417 dietam
1361 1382 1549 1424 ecclesiam,
1580 1398 1657 1419 cum

183 1437 344 1471 omnibus
370 1436 587 1471 libertatibus
618 1442 653 1471 et
682 1436 889 1472 aifiamentis
919 1443 989 1471 tam
1021 1450 1093 1471 non
1119 1438 1309 1472 nominatis
1335 1452 1439 1485 quam
1459 1440 1657 1480 nominatis,

182 1493 349 1540 predififis
367 1493 546 1527 monachis
564 1498 598 1527 et
617 1506 738 1527 eorum
757 1492 1013 1534 fiiccefforibus,
1042 1494 1297 1540 impet-petuam
1329 1501 1363 1529 et
1389 1508 1514 1542 puram
1533 1496 1660 1530 elemo-

183 1547 299 1589 finam,
320 1549 408 1583 adeo
426 1548 545 1589 libere,
565 1550 692 1594 quiete,
712 1550 854 1596 pacifice
873 1556 906 1584 et
924 1552 1130 1591 honorifice,
1163 1565 1183 1585 a
1213 1552 1268 1586 die
1288 1553 1403 1587 obitus
1423 1554 1508 1588 dic‘ci
1527 1554 1660 1588 domini

185 1604 351 1645 wilelmi,
379 1603 629 1651 resignationis,
658 1606 890 1652 promotionis
916 1608 975 1642 seu
1003 1606 1158 1642 ceffionis
1186 1608 1422 1656 cujuscunque
1449 1615 1484 1644 et
1510 1611 1580 1645 fine
1611 1610 1659 1645 sui

184 1661 328 1701 annalis,
359 1659 444 1695 ficut
461 1661 577 1707 aliqua
601 1660 742 1696 ecclefia
759 1674 838 1696 cum
865 1665 1086 1709 pretinentiis
1112 1664 1284 1710 aliquibus
1311 1665 1478 1712 religiofis
1496 1667 1532 1701 in
1550 1680 1660 1713 regno

185 1718 300 1754 Scot'e
317 1731 380 1766 per
397 1719 547 1765 aliquem
564 1724 753 1766 patronum
771 1719 925 1761 liberius,
952 1721 1103 1766 quietius
1121 1726 1156 1755 et
1175 1721 1464 1757 honorificentius
1482 1724 1518 1757 in
1536 1736 1660 1770 puram

185 1780 220 1810 et
237 1780 442 1822 perpetuam
461 1774 680 1810 elemosinam
700 1775 802 1809 datur
828 1775 888 1810 seu
906 1777 1086 1811 confertur
1112 1777 1170 1811 vel
1197 1778 1271 1812 dari
1290 1779 1421 1825 poterit
1439 1779 1557 1826 aliquo
1575 1786 1661 1814 teni-

185 1843 270 1878 pore
288 1830 344 1865 vel
362 1831 572 1865 confirmari.
623 1831 702 1877 Ego
725 1831 899 1866 Walterus
926 1838 960 1867 et
986 1833 1132 1868 heredes
1159 1834 1227 1867 mei
1253 1835 1532 1881 prenominatam
1555 1836 1661 1870 eccle-

186 1885 267 1920 fiam
285 1886 327 1920 de
346 1884 499 1933 Largyff
517 1899 597 1921 cum
625 1887 786 1921 omnibus
816 1887 883 1922 suis
907 1888 1005 1935 justis
1035 1890 1256 1936 pertinentiis
1285 1896 1357 1925 tam
1383 1904 1455 1926 non
1474 1893 1662 1927 nominatis

187 1954 291 1987 quam
309 1942 496 1976 nominatis
523 1943 689 1989 prediffis
718 1943 883 1989 religiosis
910 1950 945 1978 et
972 1958 1094 1979 eorum
1124 1944 1372 1981 succefforibus
1402 1948 1658 1995 imperpetuum

187 1997 501 2038 warantizabimus,
530 1998 801 2044 acquietabimus
828 2005 863 2034 et
880 2000 1036 2046 plenarie
1064 2002 1293 2036 defendemus
1311 2009 1436 2037 contra
1454 2016 1575 2038 omnes
1601 2005 1660 2039 ho-

189 2053 300 2087 mines
318 2059 353 2087 et
370 2053 525 2088 feminas.
577 2054 623 2088 In
641 2054 740 2101 cujus
758 2056 807 2089 rei
825 2055 1061 2090 testimonium
1087 2057 1283 2103 presentem
1309 2064 1440 2092 cartam
1467 2058 1566 2105 figilli
1593 2063 1660 2095 mei

189 2108 408 2156 impreffione
425 2110 570 2144 munivi.
624 2110 704 2144 Hiis
722 2110 872 2152 testibus,
901 2112 1065 2146 videlicet
1091 2113 1241 2147 dominis
1270 2113 1403 2148 Jacobo
1431 2115 1473 2149 de
1494 2115 1660 2163 Cunyng-

188 2165 280 2206 ham,
311 2164 505 2199 Malcolmo
525 2165 737 2207 Flandrenfi,
770 2172 805 2201 et
824 2167 943 2202 Alano
971 2168 1013 2202 de
1033 2167 1231 2209 Glasfurth,
1252 2169 1428 2211 militibus,
1459 2171 1590 2207 Giliseo
1618 2175 1660 2209 de

189 2220 341 2262 Estwod,
362 2221 523 2257 Roberto
541 2221 699 2269 Sympill,
724 2227 759 2257 et
777 2223 896 2259 Adam
913 2223 986 2259 filio
1006 2223 1186 2265 Huthred,
1207 2230 1241 2259 et
1259 2225 1333 2259 aliis
1350 2227 1479 2262 multis.
