<?xml version="1.0" encoding="UTF-8"?>
<!DOCTYPE html PUBLIC "-//W3C//DTD XHTML 1.0 Transitional//EN"
    "http://www.w3.org/TR/xhtml1/DTD/xhtml1-transitional.dtd">
<html xmlns="http://www.w3.org/1999/xhtml" xml:lang="en" lang="en">
 <head>
  <title>
</title>
<meta http-equiv="Content-Type" content="text/html;charset=utf-8" />
  <meta name='ocr-system' content='tesseract 3.04.00' />
  <meta name='ocr-capabilities' content='ocr_page ocr_carea ocr_par ocr_line ocrx_word'/>
</head>
<body>
  <div class='ocr_page' id='page_1' title='image "./registrummonaste00mait_0132.png"; bbox 0 0 1839 2652; ppageno 0'>
   <div class='ocr_carea' id='block_1_1' title="bbox 190 246 1258 290">
    <p class='ocr_par' dir='ltr' id='par_1_1' title="bbox 190 246 1258 290">
     <span class='ocr_line' id='line_1_1' title="bbox 190 246 1258 290; baseline 0 -7"><span class='ocrx_word' id='word_1_1' title='bbox 190 252 238 290; x_wconf 66' lang='lat'>72</span> <span class='ocrx_word' id='word_1_2' title='bbox 577 246 892 283; x_wconf 89' lang='lat' dir='ltr'>REGISTRUM</span> <span class='ocrx_word' id='word_1_3' title='bbox 920 247 1258 283; x_wconf 90' lang='lat' dir='ltr'>MONASTERII</span> 
     </span>
    </p>
   </div>
   <div class='ocr_carea' id='block_1_2' title="bbox 191 343 1676 1119">
    <p class='ocr_par' dir='ltr' id='par_1_2' title="bbox 191 343 1676 1119">
     <span class='ocr_line' id='line_1_2' title="bbox 192 343 1671 391; baseline 0 -12"><span class='ocrx_word' id='word_1_4' title='bbox 192 345 361 379; x_wconf 85' lang='lat' dir='ltr'><strong>ditionem</strong></span> <span class='ocrx_word' id='word_1_5' title='bbox 379 349 413 378; x_wconf 88' lang='lat' dir='ltr'>et</span> <span class='ocrx_word' id='word_1_6' title='bbox 431 343 703 379; x_wconf 86' lang='lat' dir='ltr'>conventionem</span> <span class='ocrx_word' id='word_1_7' title='bbox 720 343 757 377; x_wconf 89' lang='lat' dir='ltr'>in</span> <span class='ocrx_word' id='word_1_8' title='bbox 774 343 843 377; x_wconf 91' lang='lat' dir='ltr'>alio</span> <span class='ocrx_word' id='word_1_9' title='bbox 860 348 1020 391; x_wconf 89' lang='lat' dir='ltr'>tempore</span> <span class='ocrx_word' id='word_1_10' title='bbox 1030 344 1151 380; x_wconf 88' lang='lat' dir='ltr'>venire</span> <span class='ocrx_word' id='word_1_11' title='bbox 1165 343 1382 379; x_wconf 88' lang='lat' dir='ltr'>voluerimus</span> <span class='ocrx_word' id='word_1_12' title='bbox 1395 343 1452 380; x_wconf 86' lang='lat' dir='ltr'>vel</span> <span class='ocrx_word' id='word_1_13' title='bbox 1469 344 1671 385; x_wconf 87' lang='lat' dir='ltr'>reclamare,</span> 
     </span>
     <span class='ocr_line' id='line_1_3' title="bbox 192 399 1671 448; baseline -0.001 -13"><span class='ocrx_word' id='word_1_14' title='bbox 192 414 257 436; x_wconf 88' lang='lat' dir='ltr'>nos</span> <span class='ocrx_word' id='word_1_15' title='bbox 275 400 377 435; x_wconf 62' lang='lat' dir='ltr'>dietis</span> <span class='ocrx_word' id='word_1_16' title='bbox 404 399 536 435; x_wconf 84' lang='lat' dir='ltr'><strong>Abbati</strong></span> <span class='ocrx_word' id='word_1_17' title='bbox 565 404 600 434; x_wconf 89' lang='lat' dir='ltr'>et</span> <span class='ocrx_word' id='word_1_18' title='bbox 628 399 829 440; x_wconf 89' lang='lat' dir='ltr'>conventui,</span> <span class='ocrx_word' id='word_1_19' title='bbox 857 400 1000 435; x_wconf 90' lang='lat' dir='ltr'>nomine</span> <span class='ocrx_word' id='word_1_20' title='bbox 1019 412 1121 448; x_wconf 91' lang='lat' dir='ltr'>pene,</span> <span class='ocrx_word' id='word_1_21' title='bbox 1149 400 1274 446; x_wconf 85' lang='lat' dir='ltr'>viginti</span> <span class='ocrx_word' id='word_1_22' title='bbox 1292 399 1397 434; x_wconf 89' lang='lat' dir='ltr'>libras</span> <span class='ocrx_word' id='word_1_23' title='bbox 1414 400 1671 447; x_wconf 82' lang='lat' dir='ltr'>sterlingorum,</span> 
     </span>
     <span class='ocr_line' id='line_1_4' title="bbox 191 454 1670 503; baseline -0.001 -12"><span class='ocrx_word' id='word_1_24' title='bbox 191 463 272 491; x_wconf 89' lang='lat' dir='ltr'>ante</span> <span class='ocrx_word' id='word_1_25' title='bbox 290 457 359 490; x_wconf 89' lang='lat' dir='ltr'>litis</span> <span class='ocrx_word' id='word_1_26' title='bbox 376 454 565 502; x_wconf 80' lang='lat' dir='ltr'>ingrefl&#39;um</span> <span class='ocrx_word' id='word_1_27' title='bbox 583 455 640 490; x_wconf 90' lang='lat' dir='ltr'>vel</span> <span class='ocrx_word' id='word_1_28' title='bbox 657 460 845 501; x_wconf 83' lang='lat' dir='ltr'>antequam</span> <span class='ocrx_word' id='word_1_29' title='bbox 871 456 908 490; x_wconf 88' lang='lat' dir='ltr'>in</span> <span class='ocrx_word' id='word_1_30' title='bbox 933 456 1000 491; x_wconf 88' lang='lat' dir='ltr'>alia</span> <span class='ocrx_word' id='word_1_31' title='bbox 1029 456 1126 491; x_wconf 84' lang='lat' dir='ltr'>curia</span> <span class='ocrx_word' id='word_1_32' title='bbox 1142 468 1265 491; x_wconf 88' lang='lat' dir='ltr'>vocem</span> <span class='ocrx_word' id='word_1_33' title='bbox 1293 455 1482 491; x_wconf 83' lang='lat' dir='ltr'>habeamus</span> <span class='ocrx_word' id='word_1_34' title='bbox 1499 456 1670 503; x_wconf 86' lang='lat' dir='ltr'>litigandi,</span> 
     </span>
     <span class='ocr_line' id='line_1_5' title="bbox 194 510 1674 560; baseline -0.001 -13"><span class='ocrx_word' id='word_1_35' title='bbox 194 514 237 547; x_wconf 87' lang='lat' dir='ltr'>de</span> <span class='ocrx_word' id='word_1_36' title='bbox 254 512 362 559; x_wconf 90' lang='lat' dir='ltr'>plano</span> <span class='ocrx_word' id='word_1_37' title='bbox 381 517 416 546; x_wconf 92' lang='lat' dir='ltr'>et</span> <span class='ocrx_word' id='word_1_38' title='bbox 434 511 558 558; x_wconf 84' lang='lat' dir='ltr'>absque</span> <span class='ocrx_word' id='word_1_39' title='bbox 588 511 733 558; x_wconf 85' lang='lat' dir='ltr'>strepitu</span> <span class='ocrx_word' id='word_1_40' title='bbox 754 511 922 559; x_wconf 85' lang='lat' dir='ltr'>judiciali,</span> <span class='ocrx_word' id='word_1_41' title='bbox 951 513 1055 560; x_wconf 88' lang='lat' dir='ltr'>plene</span> <span class='ocrx_word' id='word_1_42' title='bbox 1080 510 1328 560; x_wconf 87' lang='lat' dir='ltr'><strong>persolvemus.</strong></span> <span class='ocrx_word' id='word_1_43' title='bbox 1380 511 1427 546; x_wconf 88' lang='lat' dir='ltr'>Et</span> <span class='ocrx_word' id='word_1_44' title='bbox 1444 512 1488 547; x_wconf 89' lang='lat' dir='ltr'>ad</span> <span class='ocrx_word' id='word_1_45' title='bbox 1505 512 1674 559; x_wconf 88' lang='lat' dir='ltr'>majorem</span> 
     </span>
     <span class='ocr_line' id='line_1_6' title="bbox 192 566 1674 616; baseline 0 -14"><span class='ocrx_word' id='word_1_46' title='bbox 192 567 423 609; x_wconf 80' lang='lat' dir='ltr'>securitatem,</span> <span class='ocrx_word' id='word_1_47' title='bbox 442 568 545 602; x_wconf 67' lang='lat' dir='ltr'>tactis</span> <span class='ocrx_word' id='word_1_48' title='bbox 562 566 797 608; x_wconf 71' lang='lat' dir='ltr'>sacrosanffls‚</span> <span class='ocrx_word' id='word_1_49' title='bbox 828 568 979 603; x_wconf 86' lang='lat' dir='ltr'>fideliter</span> <span class='ocrx_word' id='word_1_50' title='bbox 1005 568 1123 616; x_wconf 88' lang='lat' dir='ltr'>juravi</span> <span class='ocrx_word' id='word_1_51' title='bbox 1139 568 1230 603; x_wconf 85' lang='lat' dir='ltr'>hanc</span> <span class='ocrx_word' id='word_1_52' title='bbox 1248 568 1518 603; x_wconf 87' lang='lat' dir='ltr'>conventionem</span> <span class='ocrx_word' id='word_1_53' title='bbox 1536 568 1573 602; x_wconf 93' lang='lat' dir='ltr'>in</span> <span class='ocrx_word' id='word_1_54' title='bbox 1590 581 1674 614; x_wconf 93' lang='lat' dir='ltr'>quo-</span> 
     </span>
     <span class='ocr_line' id='line_1_7' title="bbox 193 622 1675 672; baseline -0.001 -13"><span class='ocrx_word' id='word_1_55' title='bbox 193 625 278 659; x_wconf 91' lang='lat' dir='ltr'>libet</span> <span class='ocrx_word' id='word_1_56' title='bbox 303 624 451 659; x_wconf 87' lang='lat' dir='ltr'>articulo</span> <span class='ocrx_word' id='word_1_57' title='bbox 480 623 662 659; x_wconf 87' lang='lat' dir='ltr'>observare</span> <span class='ocrx_word' id='word_1_58' title='bbox 688 623 846 667; x_wconf 85' lang='lat' dir='ltr'>illesam;</span> <span class='ocrx_word' id='word_1_59' title='bbox 874 624 1002 672; x_wconf 89' lang='lat' dir='ltr'>subjeci</span> <span class='ocrx_word' id='word_1_60' title='bbox 1027 638 1082 660; x_wconf 91' lang='lat' dir='ltr'>me</span> <span class='ocrx_word' id='word_1_61' title='bbox 1103 623 1341 672; x_wconf 68' lang='lat' dir='ltr'>jurisdictioni</span> <span class='ocrx_word' id='word_1_62' title='bbox 1366 624 1499 658; x_wconf 91' lang='lat' dir='ltr'>domini</span> <span class='ocrx_word' id='word_1_63' title='bbox 1526 622 1675 671; x_wconf 86' lang='lat' dir='ltr'>episcopi</span> 
     </span>
     <span class='ocr_line' id='line_1_8' title="bbox 194 679 1676 728; baseline -0.001 -14"><span class='ocrx_word' id='word_1_64' title='bbox 194 679 416 727; x_wconf 82' lang='lat' dir='ltr'>Glasguenfis</span> <span class='ocrx_word' id='word_1_65' title='bbox 433 679 493 715; x_wconf 90' lang='lat' dir='ltr'>seu</span> <span class='ocrx_word' id='word_1_66' title='bbox 511 680 585 727; x_wconf 90' lang='lat' dir='ltr'>ejus</span> <span class='ocrx_word' id='word_1_67' title='bbox 603 679 759 715; x_wconf 86' lang='lat' dir='ltr'>officialis</span> <span class='ocrx_word' id='word_1_68' title='bbox 776 680 833 715; x_wconf 83' lang='lat' dir='ltr'>vel</span> <span class='ocrx_word' id='word_1_69' title='bbox 851 680 1085 715; x_wconf 84' lang='lat' dir='ltr'>archidiaconi</span> <span class='ocrx_word' id='word_1_70' title='bbox 1103 681 1162 727; x_wconf 92' lang='lat' dir='ltr'>qui</span> <span class='ocrx_word' id='word_1_71' title='bbox 1187 693 1252 728; x_wconf 90' lang='lat' dir='ltr'>pro</span> <span class='ocrx_word' id='word_1_72' title='bbox 1278 685 1437 728; x_wconf 89' lang='lat' dir='ltr'>tempore</span> <span class='ocrx_word' id='word_1_73' title='bbox 1462 680 1603 721; x_wconf 87' lang='lat' dir='ltr'>fuerint,</span> <span class='ocrx_word' id='word_1_74' title='bbox 1635 684 1676 713; x_wconf 91' lang='lat' dir='ltr'>ut</span> 
     </span>
     <span class='ocr_line' id='line_1_9' title="bbox 193 735 1673 784; baseline -0.001 -13"><span class='ocrx_word' id='word_1_75' title='bbox 193 736 281 771; x_wconf 88' lang='lat' dir='ltr'>alter</span> <span class='ocrx_word' id='word_1_76' title='bbox 299 749 421 771; x_wconf 91' lang='lat' dir='ltr'>eorum</span> <span class='ocrx_word' id='word_1_77' title='bbox 440 735 540 784; x_wconf 88' lang='lat' dir='ltr'>posfit</span> <span class='ocrx_word' id='word_1_78' title='bbox 558 749 613 770; x_wconf 89' lang='lat' dir='ltr'>me</span> <span class='ocrx_word' id='word_1_79' title='bbox 640 742 674 771; x_wconf 90' lang='lat' dir='ltr'>et</span> <span class='ocrx_word' id='word_1_80' title='bbox 699 737 894 784; x_wconf 67' lang='lat' dir='ltr'>predictam</span> <span class='ocrx_word' id='word_1_81' title='bbox 926 736 1133 784; x_wconf 85' lang='lat' dir='ltr'>Marjoriam</span> <span class='ocrx_word' id='word_1_82' title='bbox 1159 735 1316 783; x_wconf 83' lang='lat' dir='ltr'>sponsam</span> <span class='ocrx_word' id='word_1_83' title='bbox 1342 749 1455 771; x_wconf 90' lang='lat' dir='ltr'>meam</span> <span class='ocrx_word' id='word_1_84' title='bbox 1474 741 1509 771; x_wconf 90' lang='lat' dir='ltr'>et</span> <span class='ocrx_word' id='word_1_85' title='bbox 1526 735 1673 771; x_wconf 83' lang='lat' dir='ltr'>heredes</span> 
     </span>
     <span class='ocr_line' id='line_1_10' title="bbox 193 791 1675 840; baseline -0.001 -13"><span class='ocrx_word' id='word_1_86' title='bbox 193 792 327 827; x_wconf 88' lang='lat' dir='ltr'>nostros</span> <span class='ocrx_word' id='word_1_87' title='bbox 344 798 414 827; x_wconf 86' lang='lat' dir='ltr'>tam</span> <span class='ocrx_word' id='word_1_88' title='bbox 434 793 479 827; x_wconf 88' lang='lat' dir='ltr'>ad</span> <span class='ocrx_word' id='word_1_89' title='bbox 496 792 706 827; x_wconf 89' lang='lat' dir='ltr'>solutionem</span> <span class='ocrx_word' id='word_1_90' title='bbox 731 806 821 840; x_wconf 89' lang='lat' dir='ltr'>pene</span> <span class='ocrx_word' id='word_1_91' title='bbox 847 792 871 827; x_wconf 93' lang='lat' dir='ltr'><strong>fi</strong></span> <span class='ocrx_word' id='word_1_92' title='bbox 897 793 1136 828; x_wconf 81' lang='lat' dir='ltr'>committatur</span> <span class='ocrx_word' id='word_1_93' title='bbox 1166 805 1270 839; x_wconf 88' lang='lat' dir='ltr'>quam</span> <span class='ocrx_word' id='word_1_94' title='bbox 1298 791 1575 827; x_wconf 90' lang='lat' dir='ltr'>observationem</span> <span class='ocrx_word' id='word_1_95' title='bbox 1602 803 1675 825; x_wconf 93' lang='lat' dir='ltr'>om-</span> 
     </span>
     <span class='ocr_line' id='line_1_11' title="bbox 195 847 1675 896; baseline -0.001 -14"><span class='ocrx_word' id='word_1_96' title='bbox 195 849 293 883; x_wconf 91' lang='lat' dir='ltr'>nium</span> <span class='ocrx_word' id='word_1_97' title='bbox 311 847 565 896; x_wconf 85' lang='lat' dir='ltr'>premifforum,</span> <span class='ocrx_word' id='word_1_98' title='bbox 585 861 648 896; x_wconf 86' lang='lat' dir='ltr'>per</span> <span class='ocrx_word' id='word_1_99' title='bbox 666 848 845 884; x_wconf 80' lang='lat' dir='ltr'>censuram</span> <span class='ocrx_word' id='word_1_100' title='bbox 864 848 1130 889; x_wconf 76' lang='lat' dir='ltr'>ecclesiasticam,</span> <span class='ocrx_word' id='word_1_101' title='bbox 1159 848 1378 896; x_wconf 85' lang='lat' dir='ltr'>compellere,</span> <span class='ocrx_word' id='word_1_102' title='bbox 1411 849 1506 883; x_wconf 90' lang='lat' dir='ltr'>omni</span> <span class='ocrx_word' id='word_1_103' title='bbox 1525 847 1675 895; x_wconf 84' lang='lat' dir='ltr'>appella-</span> 
     </span>
     <span class='ocr_line' id='line_1_12' title="bbox 193 903 1674 952; baseline 0 -14"><span class='ocrx_word' id='word_1_104' title='bbox 193 905 289 939; x_wconf 85' lang='lat' dir='ltr'>tione</span> <span class='ocrx_word' id='word_1_105' title='bbox 308 910 342 939; x_wconf 93' lang='lat' dir='ltr'>et</span> <span class='ocrx_word' id='word_1_106' title='bbox 360 905 640 939; x_wconf 48' lang='lat' dir='ltr'>contradictione</span> <span class='ocrx_word' id='word_1_107' title='bbox 668 918 710 939; x_wconf 88' lang='lat' dir='ltr'>ex</span> <span class='ocrx_word' id='word_1_108' title='bbox 733 911 832 952; x_wconf 88' lang='lat' dir='ltr'>parte</span> <span class='ocrx_word' id='word_1_109' title='bbox 858 905 974 940; x_wconf 87' lang='lat' dir='ltr'>nostra</span> <span class='ocrx_word' id='word_1_110' title='bbox 998 903 1187 952; x_wconf 67' lang='lat' dir='ltr'>postpositis</span> <span class='ocrx_word' id='word_1_111' title='bbox 1213 910 1248 939; x_wconf 90' lang='lat' dir='ltr'>et</span> <span class='ocrx_word' id='word_1_112' title='bbox 1273 903 1447 951; x_wconf 74' lang='lat' dir='ltr'>suspensis·</span> <span class='ocrx_word' id='word_1_113' title='bbox 1500 904 1544 939; x_wconf 89' lang='lat' dir='ltr'>In</span> <span class='ocrx_word' id='word_1_114' title='bbox 1570 904 1674 952; x_wconf 84' lang='lat' dir='ltr'>hujus</span> 
     </span>
     <span class='ocr_line' id='line_1_13' title="bbox 193 959 1674 1008; baseline 0 -14"><span class='ocrx_word' id='word_1_115' title='bbox 193 961 245 996; x_wconf 89' lang='lat' dir='ltr'>rei</span> <span class='ocrx_word' id='word_1_116' title='bbox 263 960 507 1001; x_wconf 87' lang='lat' dir='ltr'>testimonium,</span> <span class='ocrx_word' id='word_1_117' title='bbox 527 959 675 1007; x_wconf 77' lang='lat' dir='ltr'>sigillum</span> <span class='ocrx_word' id='word_1_118' title='bbox 694 974 811 996; x_wconf 89' lang='lat' dir='ltr'>meum</span> <span class='ocrx_word' id='word_1_119' title='bbox 829 961 979 1008; x_wconf 85' lang='lat' dir='ltr'>presenti</span> <span class='ocrx_word' id='word_1_120' title='bbox 997 961 1124 1008; x_wconf 89' lang='lat' dir='ltr'>scripto</span> <span class='ocrx_word' id='word_1_121' title='bbox 1138 960 1290 1008; x_wconf 88' lang='lat' dir='ltr'>apposui.</span> <span class='ocrx_word' id='word_1_122' title='bbox 1344 960 1424 994; x_wconf 86' lang='lat' dir='ltr'>Hiis</span> <span class='ocrx_word' id='word_1_123' title='bbox 1443 960 1592 1001; x_wconf 88' lang='lat' dir='ltr'>testibus,</span> <span class='ocrx_word' id='word_1_124' title='bbox 1613 961 1674 995; x_wconf 92' lang='lat' dir='ltr'>do-</span> 
     </span>
     <span class='ocr_line' id='line_1_14' title="bbox 193 1016 1674 1065; baseline -0.001 -14"><span class='ocrx_word' id='word_1_125' title='bbox 193 1017 290 1051; x_wconf 88' lang='lat' dir='ltr'>mino</span> <span class='ocrx_word' id='word_1_126' title='bbox 310 1016 475 1050; x_wconf 64' lang='lat' dir='ltr'>lVilelmo</span> <span class='ocrx_word' id='word_1_127' title='bbox 495 1017 685 1063; x_wconf 81' lang='lat' dir='ltr'>capellano,</span> <span class='ocrx_word' id='word_1_128' title='bbox 719 1017 838 1052; x_wconf 85' lang='lat' dir='ltr'>David</span> <span class='ocrx_word' id='word_1_129' title='bbox 857 1017 1001 1065; x_wconf 84' lang='lat' dir='ltr'>Syward</span> <span class='ocrx_word' id='word_1_130' title='bbox 1032 1017 1170 1057; x_wconf 88' lang='lat' dir='ltr'>clerico,</span> <span class='ocrx_word' id='word_1_131' title='bbox 1206 1016 1365 1051; x_wconf 85' lang='lat' dir='ltr'>Roberto</span> <span class='ocrx_word' id='word_1_132' title='bbox 1385 1016 1427 1050; x_wconf 91' lang='lat' dir='ltr'>de</span> <span class='ocrx_word' id='word_1_133' title='bbox 1449 1016 1556 1058; x_wconf 89' lang='lat' dir='ltr'>Kent,</span> <span class='ocrx_word' id='word_1_134' title='bbox 1578 1016 1674 1051; x_wconf 84' lang='lat' dir='ltr'>Wal-</span> 
     </span>
     <span class='ocr_line' id='line_1_15' title="bbox 192 1072 1671 1119; baseline 0.001 -12"><span class='ocrx_word' id='word_1_135' title='bbox 192 1079 268 1107; x_wconf 87' lang='lat' dir='ltr'>tero</span> <span class='ocrx_word' id='word_1_136' title='bbox 289 1072 486 1113; x_wconf 79' lang='lat' dir='ltr'>Marscallo,</span> <span class='ocrx_word' id='word_1_137' title='bbox 509 1072 676 1119; x_wconf 79' lang='lat' dir='ltr'>Hugone,</span> <span class='ocrx_word' id='word_1_138' title='bbox 695 1073 859 1108; x_wconf 85' lang='lat' dir='ltr'>Rolando</span> <span class='ocrx_word' id='word_1_139' title='bbox 872 1074 1073 1113; x_wconf 89' lang='lat' dir='ltr'>camerario,</span> <span class='ocrx_word' id='word_1_140' title='bbox 1095 1073 1260 1107; x_wconf 89' lang='lat' dir='ltr'>Wilelmo</span> <span class='ocrx_word' id='word_1_141' title='bbox 1274 1072 1385 1119; x_wconf 83' lang='lat' dir='ltr'>Gray,</span> <span class='ocrx_word' id='word_1_142' title='bbox 1405 1078 1440 1107; x_wconf 86' lang='lat' dir='ltr'>et</span> <span class='ocrx_word' id='word_1_143' title='bbox 1454 1072 1571 1107; x_wconf 87' lang='lat' dir='ltr'>multis</span> <span class='ocrx_word' id='word_1_144' title='bbox 1585 1073 1671 1108; x_wconf 85' lang='lat' dir='ltr'>aliis.</span> 
     </span>
    </p>
   </div>
   <div class='ocr_carea' id='block_1_3' title="bbox 197 1240 1396 1287">
    <p class='ocr_par' dir='ltr' id='par_1_3' title="bbox 197 1240 1396 1287">
     <span class='ocr_line' id='line_1_16' title="bbox 197 1240 1396 1287; baseline -0.001 -12"><span class='ocrx_word' id='word_1_145' title='bbox 197 1241 354 1275; x_wconf 88' lang='lat' dir='ltr'>Donatio</span> <span class='ocrx_word' id='word_1_146' title='bbox 373 1240 563 1287; x_wconf 81' lang='lat' dir='ltr'>regalitatis</span> <span class='ocrx_word' id='word_1_147' title='bbox 580 1253 643 1287; x_wconf 86' lang='lat' dir='ltr'>per</span> <span class='ocrx_word' id='word_1_148' title='bbox 660 1240 832 1276; x_wconf 85' lang='lat' dir='ltr'>Jacobum</span> <span class='ocrx_word' id='word_1_149' title='bbox 850 1240 1041 1275; x_wconf 84' lang='lat' dir='ltr'>secundum</span> <span class='ocrx_word' id='word_1_150' title='bbox 1059 1253 1178 1287; x_wconf 82' lang='lat' dir='ltr'>regem</span> <span class='ocrx_word' id='word_1_151' title='bbox 1199 1240 1396 1276; x_wconf 86' lang='lat' dir='ltr'>Scotorum.</span> 
     </span>
    </p>
   </div>
   <div class='ocr_carea' id='block_1_4' title="bbox 191 1351 1673 2357">
    <p class='ocr_par' dir='ltr' id='par_1_4' title="bbox 191 1351 1673 2357">
     <span class='ocr_line' id='line_1_17' title="bbox 195 1351 1673 1399; baseline 0 -11"><span class='ocrx_word' id='word_1_152' title='bbox 195 1352 427 1388; x_wconf 81' lang='lat' dir='ltr'>JACOBUS</span> <span class='ocrx_word' id='word_1_153' title='bbox 458 1353 529 1387; x_wconf 80' lang='lat' dir='ltr'>Dei</span> <span class='ocrx_word' id='word_1_154' title='bbox 554 1352 668 1399; x_wconf 83' lang='lat' dir='ltr'>gratia</span> <span class='ocrx_word' id='word_1_155' title='bbox 693 1365 757 1387; x_wconf 82' lang='lat' dir='ltr'>rex</span> <span class='ocrx_word' id='word_1_156' title='bbox 784 1353 969 1387; x_wconf 84' lang='lat' dir='ltr'>Scotorum</span> <span class='ocrx_word' id='word_1_157' title='bbox 1001 1352 1161 1386; x_wconf 89' lang='lat' dir='ltr'>omnibus</span> <span class='ocrx_word' id='word_1_158' title='bbox 1190 1351 1307 1399; x_wconf 80' lang='lat' dir='ltr'>probis</span> <span class='ocrx_word' id='word_1_159' title='bbox 1337 1351 1537 1386; x_wconf 87' lang='lat' dir='ltr'>hominibus</span> <span class='ocrx_word' id='word_1_160' title='bbox 1565 1352 1673 1388; x_wconf 89' lang='lat' dir='ltr'>totius</span> 
     </span>
     <span class='ocr_line' id='line_1_18' title="bbox 194 1406 1670 1455; baseline 0.001 -12"><span class='ocrx_word' id='word_1_161' title='bbox 194 1415 287 1444; x_wconf 89' lang='lat' dir='ltr'>terre</span> <span class='ocrx_word' id='word_1_162' title='bbox 316 1408 374 1443; x_wconf 88' lang='lat' dir='ltr'>sue</span> <span class='ocrx_word' id='word_1_163' title='bbox 406 1409 540 1443; x_wconf 77' lang='lat' dir='ltr'>clericis</span> <span class='ocrx_word' id='word_1_164' title='bbox 569 1415 603 1444; x_wconf 90' lang='lat' dir='ltr'>et</span> <span class='ocrx_word' id='word_1_165' title='bbox 635 1410 729 1444; x_wconf 90' lang='lat' dir='ltr'>laicis</span> <span class='ocrx_word' id='word_1_166' title='bbox 762 1409 919 1443; x_wconf 88' lang='lat' dir='ltr'>salutem.</span> <span class='ocrx_word' id='word_1_167' title='bbox 988 1409 1108 1443; x_wconf 82' lang='lat' dir='ltr'>Sciatis</span> <span class='ocrx_word' id='word_1_168' title='bbox 1138 1421 1202 1443; x_wconf 89' lang='lat' dir='ltr'>nos</span> <span class='ocrx_word' id='word_1_169' title='bbox 1232 1407 1443 1455; x_wconf 85' lang='lat' dir='ltr'>approbaffe,</span> <span class='ocrx_word' id='word_1_170' title='bbox 1480 1406 1670 1450; x_wconf 83' lang='lat' dir='ltr'>ratificaffe,</span> 
     </span>
     <span class='ocr_line' id='line_1_19' title="bbox 194 1463 1673 1512; baseline 0.001 -13"><span class='ocrx_word' id='word_1_171' title='bbox 194 1472 229 1500; x_wconf 89' lang='lat' dir='ltr'>et</span> <span class='ocrx_word' id='word_1_172' title='bbox 259 1466 323 1500; x_wconf 87' lang='lat' dir='ltr'>hac</span> <span class='ocrx_word' id='word_1_173' title='bbox 353 1466 503 1512; x_wconf 87' lang='lat' dir='ltr'>presenti</span> <span class='ocrx_word' id='word_1_174' title='bbox 534 1471 627 1500; x_wconf 85' lang='lat' dir='ltr'>carta</span> <span class='ocrx_word' id='word_1_175' title='bbox 658 1465 773 1500; x_wconf 87' lang='lat' dir='ltr'>nostra</span> <span class='ocrx_word' id='word_1_176' title='bbox 803 1463 1029 1505; x_wconf 78' lang='lat' dir='ltr'>confirmafl&#39;e,</span> <span class='ocrx_word' id='word_1_177' title='bbox 1061 1465 1137 1499; x_wconf 87' lang='lat' dir='ltr'>illas</span> <span class='ocrx_word' id='word_1_178' title='bbox 1165 1465 1392 1500; x_wconf 88' lang='lat' dir='ltr'>donationem</span> <span class='ocrx_word' id='word_1_179' title='bbox 1424 1470 1459 1499; x_wconf 90' lang='lat' dir='ltr'>et</span> <span class='ocrx_word' id='word_1_180' title='bbox 1489 1464 1673 1500; x_wconf 87' lang='lat' dir='ltr'>conceflio-</span> 
     </span>
     <span class='ocr_line' id='line_1_20' title="bbox 194 1520 1672 1568; baseline 0.001 -13"><span class='ocrx_word' id='word_1_181' title='bbox 194 1535 273 1556; x_wconf 86' lang='lat' dir='ltr'>nem</span> <span class='ocrx_word' id='word_1_182' title='bbox 311 1534 394 1567; x_wconf 86' lang='lat' dir='ltr'>quas</span> <span class='ocrx_word' id='word_1_183' title='bbox 429 1522 606 1567; x_wconf 88' lang='lat' dir='ltr'>quondam</span> <span class='ocrx_word' id='word_1_184' title='bbox 634 1521 862 1556; x_wconf 77' lang='lat' dir='ltr'>ierenissimus</span> <span class='ocrx_word' id='word_1_185' title='bbox 893 1522 1052 1568; x_wconf 89' lang='lat' dir='ltr'>princeps</span> <span class='ocrx_word' id='word_1_186' title='bbox 1082 1521 1261 1555; x_wconf 85' lang='lat' dir='ltr'>Robertus</span> <span class='ocrx_word' id='word_1_187' title='bbox 1287 1533 1351 1555; x_wconf 89' lang='lat' dir='ltr'>rex</span> <span class='ocrx_word' id='word_1_188' title='bbox 1379 1520 1565 1555; x_wconf 88' lang='lat' dir='ltr'>Scotorum</span> <span class='ocrx_word' id='word_1_189' title='bbox 1590 1521 1672 1556; x_wconf 87' lang='lat' dir='ltr'>fecit</span> 
     </span>
     <span class='ocr_line' id='line_1_21' title="bbox 195 1576 1672 1617; baseline 0 -6"><span class='ocrx_word' id='word_1_190' title='bbox 195 1577 327 1611; x_wconf 80' lang='lat' dir='ltr'>Abbati</span> <span class='ocrx_word' id='word_1_191' title='bbox 356 1583 390 1612; x_wconf 89' lang='lat' dir='ltr'>et</span> <span class='ocrx_word' id='word_1_192' title='bbox 419 1579 609 1612; x_wconf 89' lang='lat' dir='ltr'>conventui</span> <span class='ocrx_word' id='word_1_193' title='bbox 639 1577 836 1612; x_wconf 86' lang='lat' dir='ltr'>monasterii</span> <span class='ocrx_word' id='word_1_194' title='bbox 866 1578 908 1611; x_wconf 92' lang='lat' dir='ltr'>de</span> <span class='ocrx_word' id='word_1_195' title='bbox 940 1576 1085 1617; x_wconf 84' lang='lat' dir='ltr'>PassetO,</span> <span class='ocrx_word' id='word_1_196' title='bbox 1122 1577 1164 1611; x_wconf 89' lang='lat' dir='ltr'>de</span> <span class='ocrx_word' id='word_1_197' title='bbox 1200 1577 1302 1611; x_wconf 87' lang='lat' dir='ltr'>certis</span> <span class='ocrx_word' id='word_1_198' title='bbox 1331 1577 1443 1617; x_wconf 77' lang='lat' dir='ltr'>terris,</span> <span class='ocrx_word' id='word_1_199' title='bbox 1479 1577 1672 1612; x_wconf 85' lang='lat' dir='ltr'>redditibus</span> 
     </span>
     <span class='ocr_line' id='line_1_22' title="bbox 193 1632 1671 1680; baseline 0.001 -13"><span class='ocrx_word' id='word_1_200' title='bbox 193 1639 229 1668; x_wconf 87' lang='lat' dir='ltr'>et</span> <span class='ocrx_word' id='word_1_201' title='bbox 255 1632 514 1680; x_wconf 87' lang='lat' dir='ltr'>posseffionibus</span> <span class='ocrx_word' id='word_1_202' title='bbox 541 1634 577 1667; x_wconf 90' lang='lat' dir='ltr'>in</span> <span class='ocrx_word' id='word_1_203' title='bbox 608 1634 753 1668; x_wconf 85' lang='lat' dir='ltr'>baronia</span> <span class='ocrx_word' id='word_1_204' title='bbox 783 1634 825 1667; x_wconf 92' lang='lat' dir='ltr'>de</span> <span class='ocrx_word' id='word_1_205' title='bbox 858 1633 996 1667; x_wconf 86' lang='lat' dir='ltr'>Renfru</span> <span class='ocrx_word' id='word_1_206' title='bbox 1024 1633 1233 1679; x_wconf 87' lang='lat' dir='ltr'>jacentibus,</span> <span class='ocrx_word' id='word_1_207' title='bbox 1269 1632 1360 1666; x_wconf 91' lang='lat' dir='ltr'>infra</span> <span class='ocrx_word' id='word_1_208' title='bbox 1388 1633 1671 1668; x_wconf 88' lang='lat' dir='ltr'>vicecomitatum</span> 
     </span>
     <span class='ocr_line' id='line_1_23' title="bbox 194 1687 1670 1736; baseline 0 -12"><span class='ocrx_word' id='word_1_209' title='bbox 194 1690 238 1724; x_wconf 91' lang='lat' dir='ltr'>de</span> <span class='ocrx_word' id='word_1_210' title='bbox 273 1689 426 1730; x_wconf 81' lang='lat' dir='ltr'>Lanark,</span> <span class='ocrx_word' id='word_1_211' title='bbox 463 1702 602 1724; x_wconf 88' lang='lat' dir='ltr'>necnon</span> <span class='ocrx_word' id='word_1_212' title='bbox 637 1690 680 1724; x_wconf 88' lang='lat' dir='ltr'>de</span> <span class='ocrx_word' id='word_1_213' title='bbox 713 1690 825 1730; x_wconf 84' lang='lat' dir='ltr'>terris,</span> <span class='ocrx_word' id='word_1_214' title='bbox 866 1689 1058 1724; x_wconf 88' lang='lat' dir='ltr'>redditibus</span> <span class='ocrx_word' id='word_1_215' title='bbox 1101 1694 1135 1723; x_wconf 90' lang='lat' dir='ltr'>et</span> <span class='ocrx_word' id='word_1_216' title='bbox 1177 1687 1436 1736; x_wconf 86' lang='lat' dir='ltr'>poffeffionibus</span> <span class='ocrx_word' id='word_1_217' title='bbox 1471 1688 1670 1736; x_wconf 84' lang='lat' dir='ltr'>jacentibus</span> 
     </span>
     <span class='ocr_line' id='line_1_24' title="bbox 192 1745 1670 1793; baseline 0 -13"><span class='ocrx_word' id='word_1_218' title='bbox 192 1747 230 1780; x_wconf 90' lang='lat' dir='ltr'>in</span> <span class='ocrx_word' id='word_1_219' title='bbox 260 1745 405 1780; x_wconf 85' lang='lat' dir='ltr'>baronia</span> <span class='ocrx_word' id='word_1_220' title='bbox 432 1746 475 1780; x_wconf 88' lang='lat' dir='ltr'>de</span> <span class='ocrx_word' id='word_1_221' title='bbox 505 1745 596 1793; x_wconf 88' lang='lat' dir='ltr'>Kyle</span> <span class='ocrx_word' id='word_1_222' title='bbox 627 1746 717 1780; x_wconf 84' lang='lat' dir='ltr'>infra</span> <span class='ocrx_word' id='word_1_223' title='bbox 746 1746 1027 1781; x_wconf 83' lang='lat' dir='ltr'>vicecomitatum</span> <span class='ocrx_word' id='word_1_224' title='bbox 1059 1745 1101 1779; x_wconf 91' lang='lat' dir='ltr'>de</span> <span class='ocrx_word' id='word_1_225' title='bbox 1134 1745 1220 1785; x_wconf 88' lang='lat' dir='ltr'>Are,</span> <span class='ocrx_word' id='word_1_226' title='bbox 1257 1750 1292 1779; x_wconf 93' lang='lat' dir='ltr'>et</span> <span class='ocrx_word' id='word_1_227' title='bbox 1326 1745 1369 1779; x_wconf 89' lang='lat' dir='ltr'>de</span> <span class='ocrx_word' id='word_1_228' title='bbox 1397 1745 1551 1791; x_wconf 88' lang='lat' dir='ltr'>quinque</span> <span class='ocrx_word' id='word_1_229' title='bbox 1582 1758 1670 1780; x_wconf 89' lang='lat' dir='ltr'>mar-</span> 
     </span>
     <span class='ocr_line' id='line_1_25' title="bbox 193 1801 1671 1843; baseline 0.001 -7"><span class='ocrx_word' id='word_1_230' title='bbox 193 1802 276 1836; x_wconf 86' lang='lat' dir='ltr'>catis</span> <span class='ocrx_word' id='word_1_231' title='bbox 302 1807 395 1836; x_wconf 87' lang='lat' dir='ltr'>terre</span> <span class='ocrx_word' id='word_1_232' title='bbox 422 1802 464 1836; x_wconf 92' lang='lat' dir='ltr'>de</span> <span class='ocrx_word' id='word_1_233' title='bbox 494 1802 619 1843; x_wconf 89' lang='lat' dir='ltr'>Molle,</span> <span class='ocrx_word' id='word_1_234' title='bbox 649 1807 683 1837; x_wconf 92' lang='lat' dir='ltr'>et</span> <span class='ocrx_word' id='word_1_235' title='bbox 710 1802 752 1837; x_wconf 91' lang='lat' dir='ltr'>de</span> <span class='ocrx_word' id='word_1_236' title='bbox 782 1802 947 1837; x_wconf 87' lang='lat' dir='ltr'>Huntlau</span> <span class='ocrx_word' id='word_1_237' title='bbox 973 1802 1009 1835; x_wconf 93' lang='lat' dir='ltr'>in</span> <span class='ocrx_word' id='word_1_238' title='bbox 1036 1807 1129 1836; x_wconf 86' lang='lat' dir='ltr'>terra</span> <span class='ocrx_word' id='word_1_239' title='bbox 1156 1801 1197 1835; x_wconf 90' lang='lat' dir='ltr'>de</span> <span class='ocrx_word' id='word_1_240' title='bbox 1226 1801 1441 1842; x_wconf 89' lang='lat' dir='ltr'>Hastenden,</span> <span class='ocrx_word' id='word_1_241' title='bbox 1474 1801 1565 1835; x_wconf 84' lang='lat' dir='ltr'>infra</span> <span class='ocrx_word' id='word_1_242' title='bbox 1581 1802 1671 1837; x_wconf 87' lang='lat' dir='ltr'>vice-</span> 
     </span>
     <span class='ocr_line' id='line_1_26' title="bbox 193 1857 1670 1905; baseline 0 -13"><span class='ocrx_word' id='word_1_243' title='bbox 193 1859 397 1893; x_wconf 87' lang='lat' dir='ltr'>comitatum</span> <span class='ocrx_word' id='word_1_244' title='bbox 418 1859 460 1893; x_wconf 88' lang='lat' dir='ltr'>de</span> <span class='ocrx_word' id='word_1_245' title='bbox 481 1858 689 1905; x_wconf 79' lang='lat' dir='ltr'>Roxburgh‚</span> <span class='ocrx_word' id='word_1_246' title='bbox 720 1864 754 1893; x_wconf 88' lang='lat' dir='ltr'>et</span> <span class='ocrx_word' id='word_1_247' title='bbox 773 1859 815 1893; x_wconf 86' lang='lat' dir='ltr'>de</span> <span class='ocrx_word' id='word_1_248' title='bbox 834 1859 936 1893; x_wconf 87' lang='lat' dir='ltr'>terris</span> <span class='ocrx_word' id='word_1_249' title='bbox 962 1858 1004 1892; x_wconf 92' lang='lat' dir='ltr'>de</span> <span class='ocrx_word' id='word_1_250' title='bbox 1031 1857 1131 1892; x_wconf 89' lang='lat' dir='ltr'>Orde</span> <span class='ocrx_word' id='word_1_251' title='bbox 1150 1857 1349 1904; x_wconf 87' lang='lat' dir='ltr'>jacentibus</span> <span class='ocrx_word' id='word_1_252' title='bbox 1367 1858 1458 1892; x_wconf 88' lang='lat' dir='ltr'>infra</span> <span class='ocrx_word' id='word_1_253' title='bbox 1488 1858 1670 1893; x_wconf 88' lang='lat' dir='ltr'>vicecomi-</span> 
     </span>
     <span class='ocr_line' id='line_1_27' title="bbox 191 1914 1671 1962; baseline 0 -13"><span class='ocrx_word' id='word_1_254' title='bbox 191 1920 303 1949; x_wconf 87' lang='lat' dir='ltr'>tatum</span> <span class='ocrx_word' id='word_1_255' title='bbox 322 1915 365 1949; x_wconf 90' lang='lat' dir='ltr'>de</span> <span class='ocrx_word' id='word_1_256' title='bbox 384 1914 509 1955; x_wconf 81' lang='lat' dir='ltr'>Peblis,</span> <span class='ocrx_word' id='word_1_257' title='bbox 530 1915 566 1949; x_wconf 91' lang='lat' dir='ltr'>in</span> <span class='ocrx_word' id='word_1_258' title='bbox 584 1928 690 1949; x_wconf 87' lang='lat' dir='ltr'>unam</span> <span class='ocrx_word' id='word_1_259' title='bbox 708 1915 881 1961; x_wconf 78' lang='lat' dir='ltr'>integram</span> <span class='ocrx_word' id='word_1_260' title='bbox 907 1914 1086 1948; x_wconf 87' lang='lat' dir='ltr'>baroniam</span> <span class='ocrx_word' id='word_1_261' title='bbox 1105 1914 1260 1954; x_wconf 77' lang='lat' dir='ltr'>annexis,</span> <span class='ocrx_word' id='word_1_262' title='bbox 1288 1927 1328 1949; x_wconf 85' lang='lat' dir='ltr'>ac</span> <span class='ocrx_word' id='word_1_263' title='bbox 1346 1914 1383 1948; x_wconf 92' lang='lat' dir='ltr'>in</span> <span class='ocrx_word' id='word_1_264' title='bbox 1400 1927 1524 1961; x_wconf 85' lang='lat' dir='ltr'>puram</span> <span class='ocrx_word' id='word_1_265' title='bbox 1542 1920 1578 1949; x_wconf 88' lang='lat' dir='ltr'>et</span> <span class='ocrx_word' id='word_1_266' title='bbox 1594 1928 1671 1962; x_wconf 90' lang='lat' dir='ltr'>per-</span> 
     </span>
     <span class='ocr_line' id='line_1_28' title="bbox 192 1969 1670 2018; baseline -0.001 -12"><span class='ocrx_word' id='word_1_267' title='bbox 192 1977 334 2018; x_wconf 89' lang='lat' dir='ltr'>petuam</span> <span class='ocrx_word' id='word_1_268' title='bbox 353 1970 564 2005; x_wconf 76' lang='lat' dir='ltr'>elimosinam</span> <span class='ocrx_word' id='word_1_269' title='bbox 583 1977 618 2006; x_wconf 91' lang='lat' dir='ltr'>et</span> <span class='ocrx_word' id='word_1_270' title='bbox 635 1972 672 2005; x_wconf 92' lang='lat' dir='ltr'>in</span> <span class='ocrx_word' id='word_1_271' title='bbox 689 1984 820 2006; x_wconf 88' lang='lat' dir='ltr'>meram</span> <span class='ocrx_word' id='word_1_272' title='bbox 840 1970 1057 2017; x_wconf 80' lang='lat' dir='ltr'>regalitatem</span> <span class='ocrx_word' id='word_1_273' title='bbox 1075 1969 1134 2005; x_wconf 88' lang='lat' dir='ltr'>seu</span> <span class='ocrx_word' id='word_1_274' title='bbox 1153 1970 1319 2017; x_wconf 83' lang='lat' dir='ltr'>regaliam</span> <span class='ocrx_word' id='word_1_275' title='bbox 1349 1971 1444 2005; x_wconf 64' lang='lat' dir='ltr'>dicto</span> <span class='ocrx_word' id='word_1_276' title='bbox 1462 1970 1670 2005; x_wconf 87' lang='lat' dir='ltr'>monasterio</span> 
     </span>
     <span class='ocr_line' id='line_1_29' title="bbox 192 2026 1670 2074; baseline 0 -13"><span class='ocrx_word' id='word_1_277' title='bbox 192 2028 275 2062; x_wconf 84' lang='lat' dir='ltr'>alias</span> <span class='ocrx_word' id='word_1_278' title='bbox 292 2040 356 2074; x_wconf 92' lang='lat' dir='ltr'>pro</span> <span class='ocrx_word' id='word_1_279' title='bbox 374 2033 545 2074; x_wconf 89' lang='lat' dir='ltr'>perpetuo</span> <span class='ocrx_word' id='word_1_280' title='bbox 573 2028 660 2062; x_wconf 83' lang='lat' dir='ltr'>datis</span> <span class='ocrx_word' id='word_1_281' title='bbox 687 2033 722 2062; x_wconf 88' lang='lat' dir='ltr'>et</span> <span class='ocrx_word' id='word_1_282' title='bbox 747 2026 935 2070; x_wconf 85' lang='lat' dir='ltr'>concessis;</span> <span class='ocrx_word' id='word_1_283' title='bbox 975 2027 1021 2061; x_wconf 89' lang='lat' dir='ltr'>Et</span> <span class='ocrx_word' id='word_1_284' title='bbox 1047 2026 1210 2073; x_wconf 87' lang='lat' dir='ltr'>quasdam</span> <span class='ocrx_word' id='word_1_285' title='bbox 1236 2027 1370 2062; x_wconf 85' lang='lat' dir='ltr'>litteras</span> <span class='ocrx_word' id='word_1_286' title='bbox 1395 2027 1670 2062; x_wconf 86' lang='lat' dir='ltr'>confirmationis</span> 
     </span>
     <span class='ocr_line' id='line_1_30' title="bbox 193 2082 1669 2131; baseline -0.001 -13"><span class='ocrx_word' id='word_1_287' title='bbox 193 2083 391 2118; x_wconf 86' lang='lat' dir='ltr'>sereniflimi</span> <span class='ocrx_word' id='word_1_288' title='bbox 405 2084 570 2130; x_wconf 86' lang='lat' dir='ltr'>principis</span> <span class='ocrx_word' id='word_1_289' title='bbox 588 2084 739 2131; x_wconf 84' lang='lat' dir='ltr'>ejusdem</span> <span class='ocrx_word' id='word_1_290' title='bbox 758 2084 934 2130; x_wconf 86' lang='lat' dir='ltr'>quondam</span> <span class='ocrx_word' id='word_1_291' title='bbox 950 2083 1099 2118; x_wconf 86' lang='lat' dir='ltr'>Roberti</span> <span class='ocrx_word' id='word_1_292' title='bbox 1114 2084 1216 2130; x_wconf 86' lang='lat' dir='ltr'>regis,</span> <span class='ocrx_word' id='word_1_293' title='bbox 1232 2082 1455 2118; x_wconf 75' lang='lat' dir='ltr'>antecessoris</span> <span class='ocrx_word' id='word_1_294' title='bbox 1469 2083 1587 2124; x_wconf 85' lang='lat' dir='ltr'>nostri,</span> <span class='ocrx_word' id='word_1_295' title='bbox 1601 2084 1669 2118; x_wconf 84' lang='lat' dir='ltr'>fac-</span> 
     </span>
     <span class='ocr_line' id='line_1_31' title="bbox 192 2139 1668 2188; baseline 0 -14"><span class='ocrx_word' id='word_1_296' title='bbox 192 2146 242 2174; x_wconf 88' lang='lat' dir='ltr'>tas</span> <span class='ocrx_word' id='word_1_297' title='bbox 260 2140 466 2174; x_wconf 86' lang='lat' dir='ltr'>monasterio</span> <span class='ocrx_word' id='word_1_298' title='bbox 485 2139 695 2188; x_wconf 57' lang='lat' dir='ltr'>fiipradffim</span> <span class='ocrx_word' id='word_1_299' title='bbox 724 2141 766 2175; x_wconf 91' lang='lat' dir='ltr'>de</span> <span class='ocrx_word' id='word_1_300' title='bbox 792 2140 1054 2188; x_wconf 86' lang='lat' dir='ltr'>approbatione,</span> <span class='ocrx_word' id='word_1_301' title='bbox 1087 2140 1316 2174; x_wconf 84' lang='lat' dir='ltr'>ratificatione</span> <span class='ocrx_word' id='word_1_302' title='bbox 1343 2145 1378 2174; x_wconf 92' lang='lat' dir='ltr'>et</span> <span class='ocrx_word' id='word_1_303' title='bbox 1404 2140 1668 2174; x_wconf 88' lang='lat' dir='ltr'>confirmatione</span> 
     </span>
     <span class='ocr_line' id='line_1_32' title="bbox 192 2195 1669 2244; baseline -0.001 -14"><span class='ocrx_word' id='word_1_304' title='bbox 192 2197 420 2230; x_wconf 84' lang='lat' dir='ltr'>donationum</span> <span class='ocrx_word' id='word_1_305' title='bbox 436 2202 471 2231; x_wconf 89' lang='lat' dir='ltr'>et</span> <span class='ocrx_word' id='word_1_306' title='bbox 490 2196 745 2232; x_wconf 73' lang='lat' dir='ltr'>concessionum</span> <span class='ocrx_word' id='word_1_307' title='bbox 759 2210 844 2243; x_wconf 87' lang='lat' dir='ltr'>quas</span> <span class='ocrx_word' id='word_1_308' title='bbox 857 2197 1033 2244; x_wconf 83' lang='lat' dir='ltr'>quondam</span> <span class='ocrx_word' id='word_1_309' title='bbox 1047 2196 1246 2231; x_wconf 85' lang='lat' dir='ltr'>Macolmus</span> <span class='ocrx_word' id='word_1_310' title='bbox 1261 2201 1295 2231; x_wconf 92' lang='lat' dir='ltr'>et</span> <span class='ocrx_word' id='word_1_311' title='bbox 1309 2195 1508 2231; x_wconf 87' lang='lat' dir='ltr'>Macolmus</span> <span class='ocrx_word' id='word_1_312' title='bbox 1526 2195 1669 2230; x_wconf 91' lang='lat' dir='ltr'>comites</span> 
     </span>
     <span class='ocr_line' id='line_1_33' title="bbox 192 2250 1668 2295; baseline -0.001 -9"><span class='ocrx_word' id='word_1_313' title='bbox 192 2252 234 2286; x_wconf 90' lang='lat' dir='ltr'>de</span> <span class='ocrx_word' id='word_1_314' title='bbox 253 2251 420 2286; x_wconf 86' lang='lat' dir='ltr'>Levenax</span> <span class='ocrx_word' id='word_1_315' title='bbox 438 2253 597 2288; x_wconf 89' lang='lat' dir='ltr'>fecerunt</span> <span class='ocrx_word' id='word_1_316' title='bbox 616 2254 707 2295; x_wconf 91' lang='lat' dir='ltr'>Deo,</span> <span class='ocrx_word' id='word_1_317' title='bbox 728 2254 830 2288; x_wconf 90' lang='lat' dir='ltr'>beato</span> <span class='ocrx_word' id='word_1_318' title='bbox 851 2253 997 2294; x_wconf 89' lang='lat' dir='ltr'>Mirino,</span> <span class='ocrx_word' id='word_1_319' title='bbox 1017 2266 1055 2287; x_wconf 87' lang='lat' dir='ltr'>ac</span> <span class='ocrx_word' id='word_1_320' title='bbox 1075 2253 1205 2288; x_wconf 88' lang='lat' dir='ltr'>Abbati</span> <span class='ocrx_word' id='word_1_321' title='bbox 1220 2258 1255 2288; x_wconf 90' lang='lat' dir='ltr'>et</span> <span class='ocrx_word' id='word_1_322' title='bbox 1269 2252 1458 2288; x_wconf 89' lang='lat' dir='ltr'>conventui</span> <span class='ocrx_word' id='word_1_323' title='bbox 1471 2250 1668 2286; x_wconf 87' lang='lat' dir='ltr'>monasterii</span> 
     </span>
     <span class='ocr_line' id='line_1_34' title="bbox 191 2306 1668 2357; baseline 0 -16"><span class='ocrx_word' id='word_1_324' title='bbox 191 2307 390 2355; x_wconf 71' lang='lat' dir='ltr'>supradicti,</span> <span class='ocrx_word' id='word_1_325' title='bbox 423 2314 457 2344; x_wconf 90' lang='lat' dir='ltr'>et</span> <span class='ocrx_word' id='word_1_326' title='bbox 475 2309 534 2357; x_wconf 86' lang='lat' dir='ltr'>ipfi</span> <span class='ocrx_word' id='word_1_327' title='bbox 552 2310 771 2351; x_wconf 86' lang='lat' dir='ltr'>monasterio,</span> <span class='ocrx_word' id='word_1_328' title='bbox 802 2310 845 2345; x_wconf 88' lang='lat' dir='ltr'>de</span> <span class='ocrx_word' id='word_1_329' title='bbox 863 2310 965 2345; x_wconf 85' lang='lat' dir='ltr'>terris</span> <span class='ocrx_word' id='word_1_330' title='bbox 983 2310 1026 2345; x_wconf 92' lang='lat' dir='ltr'>de</span> <span class='ocrx_word' id='word_1_331' title='bbox 1047 2309 1234 2357; x_wconf 89' lang='lat' dir='ltr'>Kilpatrik,</span> <span class='ocrx_word' id='word_1_332' title='bbox 1268 2309 1311 2344; x_wconf 92' lang='lat' dir='ltr'>de</span> <span class='ocrx_word' id='word_1_333' title='bbox 1342 2307 1591 2356; x_wconf 86' lang='lat' dir='ltr'>Cochynnach,</span> <span class='ocrx_word' id='word_1_334' title='bbox 1625 2306 1668 2341; x_wconf 93' lang='lat' dir='ltr'>de</span> 
     </span>
    </p>
   </div>
  </div>
 </body>
</html>
