1870 2683
224 309 294 340 352
622 300 940 348 REGISTRUM
970 300 1315 336 MONASTERII

228 401 384 436 videntia
400 410 488 445 pape
507 398 624 432 octavi
641 410 735 432 anno
753 398 888 444 quinto,
908 398 945 431 in
963 398 1032 431 mei
1051 397 1180 432 notarii
1197 397 1327 444 publici
1347 403 1381 432 et
1399 397 1535 432 testium
1552 399 1716 447 subscrip-

229 465 345 492 torum
360 454 532 502 presentia
544 454 815 502 circumspefitus
835 454 983 489 clericus
1002 453 1161 500 magister
1173 453 1294 488 Dauid
1311 452 1541 501 Cwnygham,
1562 455 1713 490 decanus

230 512 354 547 ruralis
373 511 562 545 decanatus
581 510 848 545 Christianitatis
867 510 909 545 de
931 509 1087 555 Ruglen,
1113 509 1271 555 equitans
1289 510 1325 544 in
1343 508 1536 544 vifitatione
1555 510 1639 545 dieti
1658 513 1714 546 de-

230 574 382 609 canatus,
416 568 560 602 veniens
578 567 622 601 ad
640 566 886 601 monasterium
908 567 951 601 de
971 565 1116 606 Passeto,
1151 564 1373 612 Glasguenfis
1403 565 1554 607 diocefis,
1584 566 1717 602 acceslit

228 623 456 672 personaliter
473 623 518 657 ad
535 628 674 669 portam
693 623 777 657 (Ιίἃί
797 622 996 671 monasterii
1014 628 1049 657 et
1066 623 1168 669 petiit
1185 623 1370 658 introitum
1395 629 1429 657 et
1446 623 1479 658 se
1498 636 1577 658 cum
1594 623 1717 658 famili-

230 680 345 714 aribus
360 685 448 714 tunc
465 678 595 713 ibidem
612 678 729 713 secum
748 678 972 714 existentibus
990 679 1027 713 in
1047 679 1142 713 dioto
1168 679 1376 714 monasterio
1394 679 1513 726 recipi.
1565 679 1613 714 Et
1631 681 1717 714 inte-

229 737 294 769 rim
313 735 509 782 comparuit
527 735 693 770 discretus
711 740 746 769 et
764 734 944 781 religiosus
963 735 1019 769 vir
1037 735 1200 770 dominus
1223 735 1403 770 Johannes
1425 733 1550 769 Mouff
1558 729 1643 770 tunc
1663 749 1716 770 ca-

229 792 398 826 merarius
416 791 501 826 (Ιὶἃὶ
519 790 727 831 monasterii,
747 789 864 824 missus
883 803 903 824 a
920 791 1112 825 venerabili
1130 797 1229 838 patre
1249 790 1408 837 Georgio
1427 790 1647 838 permiffione
1667 793 1717 826 di-

228 850 309 882 vina
326 848 449 882 abbate
468 848 554 882 dieti
566 847 762 881 monasterii
782 847 824 881 de
845 846 978 881 Passeto
999 852 1033 881 et
1051 852 1228 881 conventu
1241 847 1404 894 ejusdem,
1427 847 1559 881 ordinis
1575 847 1717 882 Clunia-

231 903 336 938 eenfis
348 910 383 938 et
402 903 541 938 diocefis
560 903 782 950 Glasguenfis
801 903 991 944 antedicta
1013 909 1047 937 et
1065 901 1214 944 afl'eruit,
1235 904 1329 949 quod
1349 903 1433 937 dieu
1453 903 1572 937 Abbas
1587 909 1621 938 et
1636 917 1717 938 con-

229 967 356 994 ventus
370 960 561 994 noluerunt
577 959 731 1006 recipere
743 958 853 1006 ipsum
870 958 1056 994 Dec'anum
1075 960 1210 994 ratione
1231 958 1431 993 visitationis
1449 965 1509 994 aut
1528 973 1571 994 ex
1583 960 1712 999 debito,

231 1031 273 1051 ex
292 1024 327 1051 et
344 1031 408 1064 pro
428 1030 469 1051 eo
488 1017 581 1063 quod
599 1015 659 1064 ipfi
678 1016 799 1051 Abbas
827 1022 860 1051 et
887 1021 1081 1050 conventus
1100 1015 1179 1050 sunt
1205 1015 1358 1062 exempti
1385 1021 1419 1050 et
1445 1016 1653 1062 privilegiati
1672 1017 1713 1050 ab

230 1075 326 1107 omni
345 1072 537 1107 vilitatione
556 1085 847 1118 quorumcunque
867 1073 1137 1111 ordinariorum,
1169 1077 1203 1105 et
1221 1071 1324 1105 etiam
1344 1070 1482 1106 ecclefie
1507 1071 1565 1106 sue
1584 1078 1618 1106 et
1636 1072 1714 1106 loca

230 1129 376 1164 ubilibet
395 1130 473 1163 sunt
491 1128 686 1168 constituta,
706 1133 747 1162 ut
765 1128 858 1162 clare
876 1133 971 1174 patet
990 1126 1206 1161 intuentibus
1222 1127 1462 1174 exemptiones
1481 1133 1515 1161 et
1532 1128 1713 1175 privilegia

230 1186 288 1219 fila
307 1187 354 1219 eis
370 1185 412 1219 de
432 1184 628 1231 hujufinodi
647 1183 898 1218 visitationibus
917 1189 951 1217 et
969 1183 1087 1217 multis
1105 1183 1179 1217 aliis
1197 1196 1216 1216 a
1234 1181 1374 1217 diverfis
1387 1182 1527 1216 summis
1541 1184 1713 1230 pontifici-

232 1242 295 1275 bus
313 1241 450 1275 indulta
468 1247 502 1275 et
521 1238 688 1274 concessa.
741 1240 788 1274 Et
814 1239 857 1274 fic
884 1240 998 1274 dictus
1017 1239 1194 1279 Decanus,
1223 1239 1345 1273 videns
1372 1239 1466 1284 quod
1483 1251 1556 1273 non
1575 1245 1713 1286 poterat

229 1304 313 1331 tunc
332 1297 439 1343 recipi
465 1297 502 1330 in
529 1297 625 1331 dic‘to
644 1295 852 1330 monasterio
871 1296 1006 1330 ratione
1025 1294 1237 1335 visitationis,
1268 1300 1455 1329 contentus
1473 1295 1588 1330 extitit
1606 1297 1713 1344 recipi

229 1355 265 1387 in
283 1353 406 1387 eodem
427 1366 470 1386 ex
487 1352 606 1386 favore
626 1352 803 1386 dietorum
824 1351 971 1385 Abbatis
983 1357 1017 1386 et
1029 1356 1234 1398 conventus.
1287 1350 1399 1398 Super
1413 1351 1537 1397 quibus
1551 1352 1712 1386 omnibus

229 1415 264 1443 et
280 1407 421 1455 singulis
439 1408 672 1456 supranotatis
691 1408 785 1442 idem
804 1408 966 1442 dominus
984 1407 1165 1442 ,Iohannes
1178 1404 1306 1441 Mouff
1316 1420 1335 1440 a
1353 1420 1410 1441 me
1422 1408 1559 1442 notario
1570 1408 1709 1455 publico

228 1464 445 1512 infrascripto
463 1463 522 1499 fibi
541 1465 617 1499 fieri
635 1465 736 1511 petiit
754 1477 797 1498 ex
814 1464 1110 1510 parterii-{torum
1130 1462 1278 1497 Abbatis
1296 1468 1331 1497 et
1349 1466 1582 1507 [conventus]
1600 1477 1710 1498 unum

227 1521 286 1555 seu
303 1522 408 1568 plura
424 1521 604 1568 publicum
616 1521 675 1555 seu
692 1520 831 1567 publica
848 1520 1117 1554 instrumentum
1131 1517 1190 1553 seu
1208 1518 1445 1553 instrumenta.
1498 1518 1594 1553 Asta
1612 1526 1710 1554 erant

228 1578 290 1612 hec
308 1577 401 1624 apud
420 1582 558 1624 portam
578 1576 663 1610 dicti
681 1576 888 1616 monasterii,
909 1576 995 1610 hora
1012 1576 1116 1609 tertia
1132 1574 1207 1621 post
1223 1574 1416 1614 meridiem,
1437 1574 1497 1608 sub
1515 1587 1619 1615 anno,
1640 1576 1706 1615 die,

227 1633 353 1673 mense,
370 1633 564 1666 indiEtione
579 1638 613 1666 et
626 1632 835 1678 pontificatu
846 1631 1088 1679 supranotatis,
1101 1630 1316 1677 presentibus
1330 1630 1457 1664 ibidem
1469 1631 1586 1677 probis
1599 1637 1631 1665 et
1647 1632 1708 1665 dis-

228 1690 329 1723 cretis
344 1689 436 1729 viris,
458 1688 621 1723 videlicet
634 1689 777 1721 domino
791 1687 951 1722 Roberto
967 1687 1172 1734 Quhytfurd
1185 1686 1357 1720 monacho
1371 1699 1411 1720 ae
1428 1691 1513 1720 tunc
1527 1686 1706 1722 cellerario

228 1746 311 1779 dieti
331 1745 539 1785 monasterii,
572 1744 733 1790 magistro
755 1743 913 1778 Henrico
933 1743 1100 1783 Newton,
1133 1743 1275 1776 domino
1303 1742 1500 1777 Cuthberto
1529 1742 1707 1790 Mulykyn

228 1807 261 1835 et
279 1801 442 1836 ,Iohanne
462 1799 671 1846 Makquhen
688 1800 798 1846 layco,
830 1812 908 1833 cum
927 1799 1045 1833 multis
1064 1798 1138 1832 aliis
1155 1797 1296 1832 testibus
1326 1799 1370 1832 ad
1398 1797 1558 1844 premiffa
1575 1801 1707 1834 vocatis

226 1856 418 1903 specialiter
437 1862 471 1891 et
489 1857 632 1903 rogatis.

324 1913 371 1947 Et
401 1926 466 1960 ego
500 1913 703 1947 Alexander
723 1912 891 1959 Clugston
918 1911 1085 1959 presbiter
1115 1911 1349 1947 Candidecase
1368 1910 1518 1952 diocesis,
1546 1911 1705 1958 publicus

321 1969 588 2003 {infitoritatibus
605 1968 777 2015 imperiali
796 1974 829 2002 et
848 1968 956 2014 regali
974 1969 1141 2008 notarius,
1162 1966 1327 2014 premissis
1340 1967 1501 2001 omnibus
1516 1972 1551 2001 et
1564 1966 1704 2013 fingulis

322 2027 404 2060 dum
424 2025 466 2059 sic
484 2031 524 2059 ut
541 2025 756 2072 premittitur
774 2030 963 2071 agerentur
981 2029 1015 2058 et
1032 2023 1158 2058 fierent
1175 2036 1247 2057 una
1265 2036 1343 2057 cum
1371 2023 1622 2070 prenominatis
1640 2023 1703 2058 tes-

320 2082 410 2117 tibus
428 2080 568 2128 presens
581 2080 809 2127 personaliter
826 2080 981 2120 interfui‚
998 2092 1107 2125 eaque
1122 2080 1240 2113 omnia
1253 2084 1288 2113 et
1302 2078 1433 2125 lingula
1446 2079 1529 2112 dum
1542 2079 1589 2113 ita
1604 2087 1702 2114 erant

320 2138 411 2184 gesta
429 2136 471 2171 fic
489 2137 565 2171 fieri
582 2137 653 2171 vidi
671 2142 706 2171 et
723 2137 842 2171 audivi
871 2149 910 2170 ac
938 2136 974 2169 in
1005 2141 1125 2169 notam
1152 2133 1285 2182 sumpfi,
1318 2147 1361 2168 ex
1387 2147 1455 2181 qua
1480 2135 1546 2168 hoc
1564 2134 1701 2181 presens

318 2194 495 2240 publicum
514 2192 782 2227 instrumentum
814 2204 921 2226 manu
950 2204 1028 2226 mea
1057 2190 1222 2238 scriptum
1252 2191 1334 2225 inde
1362 2191 1506 2230 confeci,
1537 2189 1700 2237 lignoque

319 2250 461 2283 nomine
480 2249 565 2283 meis
581 2247 688 2282 solitis
707 2253 742 2282 et
759 2248 931 2282 consuetis
947 2246 1088 2294 signavi,
1108 2253 1251 2293 rogatus
1269 2253 1304 2281 et
1323 2246 1515 2293 requifitus,
1547 2246 1584 2279 in
1611 2245 1698 2280 testi-

321 2304 477 2338 monium
495 2304 651 2339 veritatis
671 2305 828 2339 omnium
848 2309 882 2338 et
899 2302 1114 2350 singulorum
1132 2301 1384 2350 premifforum.

1247 2358 1451 2393 Alexander
1470 2356 1648 2403 Clugston.
