1839 2652
754 258 825 292 DE
858 256 1127 293 PASSELET.
1632 265 1679 300 75

202 353 245 388 de
264 353 361 394 Leia,
393 354 546 388 Ricardo
565 355 672 389 fratre
691 355 776 402 ejus,
798 354 988 401 Radulpho
1006 353 1191 401 prepofito,
1222 353 1382 388 Roberto
1400 360 1529 402 nepote
1548 355 1680 389 domiui

201 411 270 445 mei
303 410 459 450 Vl'alteri,
490 410 648 445 Roberto
681 411 784 451 Croc,
814 411 974 445 Roberto
1002 410 1075 444 filio
1107 410 1276 450 Fulberti‚
1307 410 1459 457 Symone
1478 410 1678 450 Flamench,

203 466 358 501 Ricardo
376 472 503 513 nepote
524 466 665 501 Prioris.

202 634 248 668 ln
265 639 360 668 carta
377 634 439 667 hac
458 634 685 668 continentur
703 639 796 669 mete
814 639 907 668 terre
927 635 969 668 de
990 633 1115 668 Molla.

202 744 435 780 ESCHINA
454 745 596 779 domina
613 745 656 780 de
677 745 791 780 Molla
809 746 970 780 omnibus
988 745 1106 780 sancte
1124 746 1243 781 matris
1262 746 1401 782 ecclefie
1419 747 1497 781 filiis
1514 753 1586 782 tam
1604 761 1680 796 pre-

201 800 353 835 sentibus
371 814 474 847 quam
493 802 618 835 futuris
636 800 792 836 salutem.
844 802 966 836 Sciatis
984 814 1039 836 me
1059 801 1187 837 dediffe
1206 808 1240 837 et
1258 801 1452 838 conceffiffe
1470 810 1505 838 et
1522 805 1586 839 hac
1604 818 1682 839 mea

202 863 298 892 carta
315 856 531 891 confirmafle
551 857 632 891 Deo
659 863 694 892 et
721 858 849 892 San&e
869 858 984 892 Marie
1016 864 1050 892 et
1080 857 1219 893 ecclefie
1251 859 1370 893 Saneti
1397 859 1531 900 Jacobi,
1562 860 1680 895 Saneti

205 912 328 947 Mirini
347 919 380 948 et
400 913 528 948 Samote
549 912 730 960 Milburge
750 914 792 948 de
812 913 960 949 Paffelet
978 921 1012 949 et
1045 915 1159 949 Priori
1190 920 1224 950 et
1254 916 1433 950 monachis
1451 916 1579 950 ibidem
1599 917 1681 951 Deo

203 968 443 1010 servientibus,
464 982 528 1016 pro
547 969 656 1004 salute
675 970 807 1004 domini
834 971 902 1004 mei
923 970 1077 1005 Wilelmi
1104 972 1196 1018 regis
1225 977 1260 1006 et
1279 971 1397 1006 David
1424 972 1539 1006 fratris
1557 972 1617 1013 sui,
1647 979 1681 1007 et

203 1025 337 1060 domini
354 1026 422 1060 mei
442 1025 599 1066 WValterL
629 1032 663 1060 et
689 1039 753 1073 pro
772 1026 881 1061 salute
900 1039 977 1062 mea
995 1033 1030 1062 et
1046 1028 1217 1062 heredum
1236 1028 1445 1069 nostrorum,
1475 1034 1508 1062 et
1528 1042 1591 1076 pro
1610 1030 1681 1063 ani-

202 1094 260 1116 ma
276 1082 367 1128 regis
386 1081 505 1116 David
523 1088 558 1116 et
576 1083 667 1128 regis
687 1082 869 1117 Malcolmi
889 1089 922 1117 et
941 1084 1076 1118 comitis
1097 1084 1256 1124 Henrici‚
1285 1090 1320 1119 et
1343 1085 1459 1118 anima
1479 1084 1682 1131 Margarete

202 1138 273 1172 filie
291 1151 378 1179 mee,
407 1144 441 1172 et
458 1151 522 1185 pro
541 1139 721 1173 animabus
740 1140 896 1174 omnium
915 1146 1100 1187 parentum
1120 1140 1314 1174 nostrorum
1337 1146 1371 1174 et
1388 1141 1592 1181 amicorum,
1621 1142 1683 1175 im-

202 1199 409 1241 perpetuam
428 1200 463 1228 et
481 1195 633 1240 quietam
663 1195 895 1236 elemofinam,
925 1209 1033 1230 unam
1061 1202 1256 1231 carucatam
1286 1202 1378 1230 terre
1410 1197 1445 1230 in
1476 1198 1683 1232 occidentali

202 1255 302 1297 parte
320 1250 363 1285 de
383 1250 605 1285 Blachedane
624 1251 660 1285 in
678 1252 857 1286 territorio
884 1265 962 1287 meo
991 1253 1033 1287 de
1063 1252 1187 1293 MoHa,
1214 1265 1278 1299 per
1306 1252 1440 1287 easdem
1472 1252 1595 1287 divisas
1619 1266 1683 1300 per

203 1319 288 1352 quas
306 1306 353 1340 eis
371 1306 613 1353 perambulata
638 1307 715 1348 fuit,
743 1306 871 1342 seilicet
888 1307 972 1343 ficut
991 1308 1225 1342 Stelnaburna
1243 1308 1334 1342 cadit
1351 1309 1386 1342 in
1407 1308 1619 1349 Blakburne,
1649 1315 1683 1343 et

203 1375 266 1410 per
285 1362 487 1397 Blakburne
505 1362 637 1397 sursum
655 1363 761 1410 usque
780 1365 823 1398 ad
842 1365 929 1399 duos
947 1365 1078 1411 lapides
1089 1365 1249 1411 jacentes
1264 1377 1374 1412 prope
1393 1366 1502 1412 ripam
1512 1365 1564 1399 *de
1581 1365 1684 1399 Blak-

203 1418 316 1453 burne
335 1431 379 1452 ex
397 1417 552 1465 oppofito
572 1419 696 1453 domus
726 1420 798 1455 Ulfi
817 1419 1002 1455 senescaldi
1020 1421 1057 1454 in
1076 1421 1280 1455 occidentali
1301 1426 1410 1468 parte,
1434 1427 1469 1455 et
1487 1422 1534 1455 ita
1551 1421 1683 1456 sursum

203 1474 309 1521 usque
328 1474 370 1508 ad
389 1473 508 1508 foflam
526 1487 644 1515 unam,
673 1481 708 1509 et
725 1475 832 1522 usque
850 1477 892 1510 ad
912 1477 999 1511 duos
1016 1477 1148 1524 lapides
1166 1477 1290 1512 stantes
1321 1478 1357 1511 in
1387 1478 1508 1512 eadem
1526 1476 1620 1518 soffa,
1649 1485 1683 1513 et

203 1530 245 1565 ab
263 1530 330 1564 illis
345 1530 516 1577 lapidibus
533 1530 640 1577 usque
661 1531 705 1565 ad
723 1532 825 1566 aliam
844 1531 961 1566 fofl'am
978 1533 1190 1567 cumulatam
1208 1533 1390 1580 lapidibus,
1412 1539 1446 1567 et
1464 1534 1506 1568 ab
1524 1534 1583 1568 illa
1600 1533 1683 1568 foffa

205 1586 311 1633 usque
329 1587 374 1620 ad
391 1586 493 1620 aliam
508 1585 627 1621 foffam
645 1587 772 1621 iterum
793 1589 1005 1623 cumulatam
1024 1589 1206 1636 lapidibrm,
1229 1595 1263 1623 et
1281 1589 1322 1623 ab
1342 1589 1401 1623 illa
1413 1588 1497 1623 foffa
1514 1589 1621 1636 usque
1639 1591 1684 1624 ad

207 1643 452 1683 Heselensahe,
472 1648 507 1677 et
524 1656 587 1690 per
604 1643 759 1678 semitam
774 1645 948 1690 quandam
967 1644 1086 1679 subtus
1107 1644 1341 1680 Heselensahe
1360 1659 1427 1692 que
1445 1647 1558 1680 tendit
1576 1645 1683 1692 usque

204 1700 249 1735 ad
265 1700 396 1735 vadum
413 1700 581 1734 torrentis
599 1700 642 1734 de
663 1700 896 1741 Alernbarhe,
917 1707 952 1735 et
969 1715 989 1735 a
1006 1702 1096 1736 vado
1115 1702 1176 1736 illo
1194 1703 1289 1736 ultra
1306 1702 1412 1748 usque
1431 1703 1474 1736 ad
1492 1703 1620 1737 vadum
1640 1703 1682 1737 de

206 1757 451 1796 Stelenburne,
472 1762 507 1791 et
523 1755 608 1791 ficut
627 1756 860 1791 Stelenburne
879 1757 1056 1792 descendit
1081 1759 1118 1792 in
1138 1758 1340 1793 Blakburne
1356 1773 1366 1801 ;
1398 1758 1493 1792 illam
1511 1771 1597 1793 vero
1615 1764 1684 1793 ter-

206 1826 280 1848 ram
298 1813 388 1847 infra
404 1813 580 1859 predictas
598 1811 719 1846 divisas
736 1813 908 1848 tenebunt
938 1827 1002 1861 pro
1020 1827 1092 1849 una
1109 1821 1270 1849 carucata
1286 1820 1404 1858 terre3
1433 1820 1468 1849 et
1485 1815 1521 1849 in
1539 1815 1622 1849 villa
1640 1816 1682 1850 de

208 1869 322 1904 Molla
340 1869 376 1902 in
394 1868 556 1903 orientali
573 1874 681 1915 parte,
710 1874 861 1915 quatuor
878 1882 974 1904 acras
992 1876 1026 1905 et
1044 1876 1114 1906 tres
1130 1872 1315 1918 perticatas
1341 1877 1435 1906 terre
1464 1877 1499 1906 et
1529 1884 1682 1905 commu-

206 1937 287 1960 nem
304 1924 477 1972 pasturam
495 1937 574 1959 cum
593 1924 754 1959 omnibus
772 1925 846 1959 aliis
864 1925 1080 1973 ayfiamentis
1098 1926 1249 1974 ejusdem
1266 1927 1347 1962 ville
1366 1927 1409 1961 ad
1423 1940 1529 1961 unam
1544 1940 1682 1961 caruca-

206 1987 275 2016 tam
295 1986 388 2015 terre
405 1981 661 2028 pertinentibus
677 1995 686 2024 ;
715 1980 854 2028 insuper
879 1982 1050 2029 pasturam
1069 1984 1268 2029 quingentis
1286 1983 1419 2017 ovibus.
1475 1983 1578 2017 Hanc
1596 1996 1681 2017 vero

206 2037 400 2085 predictam
416 2036 635 2071 elemofinam
649 2037 821 2072 tenebunt
839 2038 881 2073 de
900 2052 955 2074 me
974 2044 1009 2073 et
1026 2039 1212 2073 heredibus
1230 2040 1314 2073 meis
1332 2039 1440 2073 libere
1459 2047 1493 2073 et
1504 2039 1620 2084 quiete
1638 2039 1680 2073 ab

207 2092 368 2128 omnibus
386 2091 693 2127 consuetudinibus
712 2099 746 2128 et
764 2094 1004 2129 exactionibus
1023 2100 1057 2129 et
1074 2095 1116 2128 ab
1131 2095 1226 2128 omni
1240 2094 1379 2128 servitio
1390 2093 1546 2128 seculari.
1601 2094 1680 2129 Hiis

207 2148 357 2188 testibus,
373 2148 537 2183 Wilelmo
556 2149 599 2183 de
611 2149 694 2190 Vas,
716 2149 880 2184 WVilelmo
900 2151 942 2185 de
959 2150 1169 2190 Munfiehet‚
1198 2156 1232 2185 et
1253 2150 1407 2195 Ricardo
1426 2151 1469 2184 de
1489 2150 1625 2192 Nicole‚
1646 2157 1680 2186 et

208 2204 361 2239 Ricardo
380 2203 452 2237 filio
471 2203 555 2250 ejuS‚
578 2204 732 2239 Radulfo
751 2206 942 2252 capellano,
978 2206 1137 2240 Roberto
1166 2207 1345 2253 capellano
1365 2206 1470 2241 Gam’
1488 2207 1617 2241 vicario
1636 2208 1679 2242 de

208 2259 324 2294 Molla
338 2265 372 2294 et
388 2259 580 2293 Humfrido
595 2260 667 2294 filio
683 2261 767 2307 ejus,
784 2261 957 2297 Nicholao
971 2263 1043 2296 filio
1060 2263 1188 2302 Adam,
1206 2262 1291 2297 Ulfo
1303 2261 1500 2304 senescallo,
1512 2263 1678 2298 VVilelmo

207 2315 338 2356 Nobili,
352 2314 505 2349 Radulfo
513 2314 651 2356 Falahe,
661 2315 950 2359 GilbertoScoth,
960 2318 1126 2352 &Vilelmo
1134 2318 1271 2359 clerico,
1282 2318 1406 2360 Iuone,
1415 2324 1450 2354 et
1461 2319 1579 2354 multis
1591 2320 1676 2354 aliis.
