1839 2652
751 271 822 306 DE
855 268 1123 305 PASSELET.
1643 269 1689 303 65

213 372 308 401 terra
322 366 365 401 de
381 366 521 401 Aldhus
539 367 594 401 vel
613 367 728 413 aliqua
744 372 842 414 parte
861 365 972 413 ipfius,
992 365 1215 412 imposterum
1234 370 1357 399 contra
1375 364 1553 411 predictos
1573 363 1690 398 Abba-

213 428 284 456 tem
299 427 333 456 et
348 428 560 456 conventum
576 422 792 456 movebimus
804 422 1027 468 questionem,
1045 420 1105 455 sub
1119 433 1210 467 pena
1223 426 1364 454 centum
1379 420 1545 454 librarum
1561 419 1688 453 fabrice

213 476 351 511 ecclesie
371 476 591 523 Glasguenfis
609 478 711 524 plene
730 483 765 512 et
796 478 930 523 integre
958 476 1202 510 solvendarum
1234 481 1316 510 ante
1344 475 1413 509 litis
1444 474 1632 521 ingressum
1651 475 1687 508 in

212 532 328 578 aliqua
345 534 440 567 curia
458 534 697 575 movendum3
725 532 875 579 presenti
905 531 1031 578 scripto
1060 532 1307 565 nichilominus
1337 532 1374 565 in
1403 531 1464 565 suo
1483 531 1610 565 robore
1635 543 1689 565 re-

213 594 387 622 manente.
440 588 486 621 Et
504 587 642 634 insuper
660 587 818 634 subposui
837 593 871 621 et
892 586 1048 634 subpono
1076 600 1132 621 me
1164 593 1198 621 et
1225 587 1370 621 heredes
1402 587 1688 634 11100511οΡ01Ρο-

210 650 311 678 tuum
337 643 844 691 ι]’111·11’(1ἰρ“ἐί011101001101010111
873 643 1006 677 domini
1036 641 1185 689 episcopi
1216 641 1450 688 Glasguenfis,
1481 648 1515 677 et
1534 641 1685 689 ejusdem

211 700 278 734 loci
295 700 529 734 archidiaconi
547 699 570 733 fi
588 698 682 733 sedes
700 699 886 738 vacaverit,
919 704 958 732 nt
976 698 1065 731 alter
1084 697 1234 744 ipsorum
1260 696 1360 744 poffit
1386 710 1450 731 nos
1467 698 1524 732 vel
1542 698 1686 744 quemli-

209 755 268 789 bet
285 755 451 795 nostrum,
482 760 554 789 tam
572 755 615 789 ad
637 754 846 788 solutionem
876 766 966 800 pene
996 753 1019 786 11
1050 754 1300 793 committatur,
1332 766 1435 798 quam
1466 754 1510 787 ad
1528 753 1685 788 observa-

208 811 339 845 tionem
352 810 539 858 prescripte
551 809 785 850 concessionis,
807 809 1081 844 renunciationis
1099 815 1133 843 et
1151 809 1267 854 quiete
1286 809 1513 850 clamationis,
1532 822 1595 856 per
1606 822 1686 844 cen-

208 865 321 900 suram
341 865 605 907 ecclefiasticam,
636 866 857 912 compellere,
887 866 929 899 de
948 865 1052 911 plano
1071 871 1106 899 et
1122 864 1191 899 line
1210 864 1351 911 strepitu
1364 865 1534 911 judiciali,
1555 878 1597 899 ex
1615 865 1687 899 sola

209 921 423 969 inspectione
442 922 544 968 hujus
562 922 790 961 instrumenti,
811 922 910 955 nullo
929 921 1161 968 proponendo
1180 920 1333 955 obstante
1352 921 1408 955 vel
1426 921 1588 955 valituro.
1641 923 1686 956 In

208 978 306 1025 cujus
324 978 374 1012 rei
393 978 636 1018 testiinonium,
656 979 737 1024 quia
753 977 900 1024 sigillum
920 990 1036 1011 meum
1056 990 1128 1010 11011
1147 976 1193 1011 est
1210 977 1400 1017 notorium,
1426 976 1566 1023 presens
1583 976 1686 1024 scrip-

208 1039 283 1068 tum
311 1033 419 1080 sigillo
455 1034 673 1068 officialitatis
701 1035 796 1068 curie
824 1032 1056 1079 Glasguenfis,
1087 1045 1159 1066 una
1189 1045 1268 1066 cum
1296 1031 1411 1078 figillis
1431 1032 1595 1067 Nicholai
1621 1033 1683 1066 filii

209 1089 316 1124 Alani
335 1095 370 1124 et
387 1090 558 1125 Johannis
577 1090 619 1124 de
641 1090 744 1124 Knoc
775 1095 810 1124 et
827 1089 967 1123 Thome
997 1089 1040 1122 de
1070 1088 1212 1128 Fulton,
1243 1100 1383 1122 necnon
1412 1093 1446 1122 et
1476 1101 1556 1122 011111
1574 1087 1683 1134 figillo

207 1158 285 1180 meo
299 1146 453 1192 proprio,
470 1146 535 1180 feci
549 1146 718 1180 roborari.
748 1145 827 1179 Hiis
839 1144 989 1185 testibus,
1006 1145 1149 1178 domino
1165 1144 1323 1178 Waltero
1336 1143 1519 1191 Lindesay‚
1541 1144 1684 1178 domino

210 1200 407 1247 Reginaldo
427 1201 470 1235 de
490 1201 697 1241 Crauforde,
730 1201 873 1234 domino
893 1200 1035 1235 Simone
1054 1198 1274 1240 Flandrens',
1305 1199 1468 1235 ,Iohanne
1489 1200 1594 1240 Prid’‚
1616 1200 1686 1234 Ar-

206 1257 312 1291 thuro
342 1257 385 1290 de
414 1257 596 1297 Dunhou',
639 1256 800 1290 Wilelmo
832 1256 874 1290 de
905 1256 1020 1296 Knoc,
1054 1256 1173 1290 Alano
1202 1256 1245 1290 de
1275 1255 1305 1289 F
1307 1255 1419 1297 ulton,
1447 1255 1612 1292 Johanne
1640 1256 1683 1290 de

207 1312 331 1354 Schau,
353 1312 510 1347 &Valtero
529 1313 572 1348 de
593 1313 744 1353 Picnoc',
765 1318 799 1348 et
817 1313 934 1347 multis
952 1313 1037 1347 aliis.

207 1481 408 1517 Conventio
426 1481 518 1515 fafita
546 1481 638 1515 inter
658 1481 832 1515 Abbatem
862 1487 896 1515 et
924 1486 1139 1516 conventum
1171 1480 1214 1515 de
1243 1479 1390 1515 Paflelet
1417 1485 1453 1515 et
1481 1480 1681 1516 Johannem

205 1537 248 1572 de
268 1537 407 1572 Aldhus
425 1537 535 1572 filium
556 1537 713 1584 Rogerii.

205 1648 311 1684 HEC
330 1648 424 1683 EST
442 1647 756 1683 CONVENTIO
770 1648 861 1682 faeta
879 1648 970 1682 inter
989 1649 1164 1682 Abbatem
1184 1653 1218 1682 et
1236 1653 1452 1683 conventum
1471 1647 1513 1682 de
1533 1646 1681 1682 Paffelet

202 1718 246 1740 ex
262 1711 361 1752 parte
378 1718 460 1745 una,
485 1710 519 1738 et
536 1704 559 1740 J
562 1705 736 1738 ohannem
757 1704 799 1738 (10
820 1703 960 1738 Aldhus
979 1705 1089 1738 filium
1110 1704 1257 1750 Rogerii
1276 1704 1318 1738 de
1338 1704 1479 1737 Aldhus
1497 1716 1540 1738 ex
1557 1704 1677 1744 altera,

202 1761 257 1796 die
277 1760 404 1795 Martis
422 1761 582 1808 proxima
595 1766 675 1794 ante
693 1759 814 1794 festum
836 1760 943 1794 San&
955 1760 1130 1795 iNicholai
1145 1759 1305 1806 episcopi,
1329 1772 1422 1794 anno
1440 1759 1552 1805 gratie
1570 1759 1681 1794 mille-

201 1815 283 1851 fimo
302 1815 535 1851 ducentesimo
554 1815 765 1862 octogesimo
796 1822 920 1861 quarto
937 1829 946 1850 ι
975 1816 1139 1850 videlicet
1169 1816 1262 1861 quod
1290 1815 1470 1862 predictus
1499 1814 1522 1850 J
1525 1815 1679 1849 ohannes

201 1872 325 1906 eodem
345 1872 399 1906 die
418 1872 510 1918 apud
529 1871 661 1918 Glasgu
681 1873 716 1905 111
734 1872 838 1918 plena
856 1873 962 1913 curia,
991 1884 1108 1906 coram
1136 1871 1278 1905 domino
1299 1870 1464 1905 Wilelmo
1483 1871 1526 1904 de
1553 1871 1678 1917 Soulys

200 1934 285 1963 tunc
298 1927 482 1975 justitiario
502 1927 685 1961 Laudonie
705 1933 739 1961 et
753 1928 827 1961 aliis
846 1927 1075 1974 magnatibus,
1095 1940 1159 1973 pro
1178 1926 1210 1961 se
1230 1932 1264 1961 et
1282 1927 1467 1961 heredibus
1484 1925 1551 1960 suis
1569 1927 1675 1967 dedit,

200 1983 361 2019 concessit
379 1990 414 2018 et
431 1984 587 2030 quietum
606 1984 766 2018 clamavit
784 1984 950 2030 predictis
970 1983 1100 2017 Abbati
1119 1989 1153 2017 et
1171 1983 1361 2017 conventui
1379 1988 1492 2016 totum
1506 1982 1564 2028 jus
1582 1983 1677 2028 quod

199 2039 303 2073 habet
320 2039 376 2073 vel
394 2039 510 2085 aliquo
537 2044 694 2086 tempore
722 2039 842 2073 habuit
860 2039 916 2073 vel
934 2039 1060 2072 habere
1080 2039 1194 2085 potuit
1213 2039 1248 2071 in
1266 2043 1360 2072 terra
1384 2037 1426 2071 de
1446 2037 1586 2071 Aldhus
1602 2051 1612 2080 ;
1642 2044 1677 2072 et

199 2095 349 2142 predicti
368 2094 487 2128 Abbas
506 2100 540 2128 et
559 2101 763 2135 conventus,
793 2095 835 2129 de
855 2095 1031 2129 communi
1050 2092 1216 2128 consensu
1243 2098 1277 2127 et
1303 2091 1434 2126 assensu
1453 2092 1595 2139 capituli
1612 2092 1674 2133 sui,

199 2149 439 2185 concesserunt
464 2156 498 2184 et
524 2150 673 2197 presenti
700 2150 825 2198 scripto
844 2150 905 2184 suo
923 2150 966 2184 ad
985 2150 1119 2183 firmam
1151 2149 1325 2182 dederunt
1342 2148 1502 2194 predifi'w
1520 2147 1543 2183 J
1546 2148 1675 2182 ohanni

199 2206 293 2240 illam
311 2206 508 2252 portionem
529 2212 622 2240 terre
641 2207 677 2240 in
694 2207 873 2240 territorio
893 2206 935 2240 de
956 2205 1096 2238 Aldhus
1114 2216 1216 2249 quam
1238 2203 1407 2237 Patricius
1425 2203 1515 2237 filius
1534 2203 1676 2250 Neuyn'

199 2262 375 2308 quondam
395 2261 437 2295 de
455 2262 621 2307 predhstis
639 2262 817 2296 monachis
834 2262 949 2296 tenuit
966 2261 1009 2294 ad
1028 2260 1161 2293 firmam
1177 2273 1186 2302 3
1212 2259 1420 2293 Tenendam
1435 2265 1469 2294 et
1481 2259 1675 2294 habendam

198 2317 360 2364 predicto
378 2316 400 2352 J
403 2317 533 2350 ohanni
551 2323 626 2351 toto
645 2323 803 2363 tempore
821 2318 892 2351 vite
910 2316 979 2356 sue,
1008 2316 1124 2361 quiete
1151 2320 1186 2349 et
1203 2315 1356 2361 pacifice,
1385 2328 1465 2350 cum
1482 2315 1623 2350 bracina
1641 2320 1675 2350 et

198 2372 274 2406 aliis
291 2373 511 2421 pertinentiis
528 2372 606 2414 suis,
628 2379 772 2421 propter
789 2372 848 2407 sex
865 2372 991 2407 solidos
1010 2378 1044 2406 et
1062 2372 1144 2406 octo
1164 2371 1323 2406 denarios
1337 2371 1512 2407 bonorum
1530 2377 1565 2407 et
1583 2371 1674 2420 lega-

934 2439 949 2463 I
