1839 2652
732 257 804 292 DE
832 256 1102 292 PASSELET.
1588 263 1658 294 215

176 359 275 393 berto
293 360 328 390 et
346 354 532 390 heredibus
548 353 617 389 suis
647 354 690 388 de
721 353 818 388 dieto
837 353 1022 400 Duugallo
1051 359 1086 389 et
1112 352 1301 389 heredibus
1332 353 1399 389 suis
1426 354 1464 388 in
1490 354 1595 389 feodo
1624 360 1658 389 et

175 412 380 452 hereditate,
408 410 458 445 ita
485 410 596 445 libere
623 415 658 445 et
688 410 816 456 quiete,
856 409 1014 457 plenarie
1041 415 1076 444 et
1109 410 1303 445 honorifice
1334 410 1545 460 ficutvcarta
1571 411 1658 445 dieti

177 468 349 515 Duugalli
367 472 402 502 et
419 467 640 502 confirmatio
657 467 809 514 predicti
828 465 977 501 Comitis
995 466 1077 500 inde
1094 466 1187 500 facta
1204 467 1364 513 predie‘to
1394 467 1553 502 Roberto
1566 466 1656 514 juste

175 524 345 560 testantur
364 528 398 558 et
416 523 648 565 confirmant3
671 522 775 557 Salvo
794 522 934 558 servitio
953 523 1081 558 nostro.
1126 523 1297 565 Testibus‚
1318 524 1481 571 magistro
1501 523 1656 559 Merihel

176 580 348 628 [Matheo
360 580 397 625 Ρ]
416 578 633 618 cancellario,
655 577 813 612 WValtero
831 577 963 614 Olifart
974 579 1165 626 justiciario
1185 579 1381 621 Laudonie,
1403 580 1562 616 W'altero
1585 581 1657 614 filio

177 636 282 670 Alani
299 634 495 675 senescallo,
522 634 686 670 Johanne
706 633 889 676 Maxswel,
916 635 1082 671 ,Iohanne
1100 636 1143 670 de
1164 635 1278 683 Haya,
1304 636 1458 671 Waltero
1478 637 1655 684 Cumyng,

176 692 269 739 apud
288 690 567 731 Mulhelbrucht,
595 689 692 724 sexto
711 690 847 725 decimo
879 691 935 725 die
968 691 1099 738 Aprilis
1129 704 1223 726 anno
1251 693 1351 739 regni
1379 693 1486 727 nostri
1517 698 1659 739 quarto-

178 749 325 783 decimo.

176 917 313 952 Littera
329 915 469 950 licentie
488 920 523 948 et
548 914 704 961 plenarie
730 913 906 961 potestatis
936 914 1117 949 reficiendi
1147 915 1332 962 stangnum
1363 916 1506 964 piscarie
1536 916 1596 951 sue
1623 916 1660 949 in

176 972 308 1012 Leven,
328 984 391 1019 per
410 970 656 1005 Alexandrum
675 982 806 1016 regem.

177 1082 512 1118 ALEXANDER
539 1081 610 1116 Dei
637 1082 750 1128 gratia
783 1095 846 1117 rex
879 1082 1086 1118 Scottorum
1122 1083 1284 1119 omnibus
1314 1084 1432 1132 probis
1458 1084 1660 1119 hominibus

177 1140 285 1174 totius
302 1145 396 1174 terre
413 1137 472 1173 sue
490 1137 647 1172 salutem.
701 1137 823 1172 Sciatis
840 1151 905 1173 nos
932 1139 975 1173 de
994 1139 1136 1175 confilio
1163 1145 1367 1186 magnatum
1385 1140 1581 1176 nostrorum
1602 1141 1660 1175 de-

178 1194 259 1231 diffe
278 1195 406 1230 Abbati
425 1200 459 1229 et
477 1194 667 1229 conventui
687 1194 729 1228 de
749 1193 896 1230 Paffelet
914 1196 1053 1231 dilectis
1079 1203 1114 1231 et
1142 1196 1302 1231 fidelibus
1320 1197 1454 1238 nostris,
1481 1198 1658 1232 licentiam

177 1258 212 1287 et
228 1252 420 1299 plenariam
438 1250 642 1298 potestatem
662 1250 842 1285 reficiendi
861 1257 895 1286 et
914 1253 1099 1299 reparandi
1116 1252 1299 1299 stangnum
1317 1252 1459 1300 piscarie
1478 1252 1536 1288 sue
1554 1267 1659 1300 quam

179 1308 306 1342 habere
323 1307 480 1342 solebant
497 1306 599 1354 super
617 1319 742 1353 aquam
774 1307 817 1341 de
848 1307 971 1343 Leven
983 1309 1089 1356 juxta
1107 1309 1331 1351 Dunbertan,
1361 1315 1396 1345 et
1415 1310 1541 1344 exinde
1559 1309 1659 1345 suum

179 1364 403 1398 commodum
421 1363 570 1398 faciendi
586 1377 596 1405 ;
626 1363 683 1397 Ita
702 1369 821 1398 tamen
840 1365 934 1410 quod
952 1365 1153 1412 relinquant
1184 1366 1219 1399 in
1238 1366 1298 1400 filo
1317 1379 1405 1412 aque
1424 1365 1577 1413 ejusdem
1596 1365 1661 1413 pis-

178 1421 270 1455 carie
287 1420 436 1454 liberum
456 1419 678 1464 [introitum]
697 1425 732 1454 et
751 1420 883 1454 exitum
901 1420 1092 1456 secundum
1110 1421 1204 1468 leges
1229 1427 1264 1456 et
1295 1420 1403 1456 allisas
1422 1423 1522 1468 regni
1540 1421 1658 1456 nostri.

181 1477 226 1511 In
243 1476 342 1523 cujus
367 1477 419 1510 rei
449 1475 696 1516 testimonium,
728 1475 876 1522 figillum
894 1477 1048 1512 nostrum
1077 1478 1205 1525 apponi
1232 1478 1378 1512 fecimus
1410 1478 1491 1512 huic
1520 1477 1658 1526 scripto.

180 1532 351 1573 Testibus,
371 1531 562 1566 venerabili
575 1538 675 1579 patre
690 1531 850 1580 episcopo
870 1532 1035 1568 Wilelmo
1054 1533 1280 1580 Glasgwenfi‚
1302 1533 1460 1568 lValtero
1482 1534 1658 1581 Cumyng,

183 1588 348 1623 Wilelmo
380 1588 422 1622 de
453 1587 630 1629 Mentem,
661 1588 869 1623 Alexandro
897 1588 1105 1631 Senescallo,
1136 1589 1297 1624 Roberto
1326 1589 1368 1623 de
1403 1589 1498 1630 Roff,
1529 1596 1563 1625 et
1587 1591 1661 1625 Ro-

182 1646 280 1680 berto
299 1644 342 1678 de
362 1643 529 1685 BIerneff,
545 1644 639 1691 apud
657 1644 856 1692 Edynburg
872 1646 985 1692 primo
1005 1646 1061 1681 die
1075 1646 1099 1682 J
1101 1647 1174 1681 unii
1189 1659 1282 1680 anno
1297 1647 1396 1693 regni
1410 1647 1516 1681 nostri
1533 1647 1658 1694 primo.

184 1814 341 1848 Donatio
356 1812 539 1847 Malcolmi
551 1813 687 1847 comitis
706 1813 749 1848 de
764 1812 943 1855 Levenax,
962 1813 1065 1862 super
1079 1815 1266 1851 medietate
1280 1815 1422 1864 piscarie
1434 1817 1477 1850 de
1491 1816 1658 1851 Linbren.

183 1923 423 1960 OMNIBUS
451 1924 578 1959 Christi
607 1925 769 1959 fidelibus
801 1925 940 1972 presens
969 1926 1134 1974 scriptum
1153 1927 1275 1962 visuris
1294 1928 1349 1962 vel
1378 1928 1548 1962 audituris
1568 1927 1660 1962 Mal-
1697 1944 1698 1954 π

183 1981 317 2015 colmus
336 1993 450 2015 comes
469 1981 511 2015 de
531 1981 698 2016 Levenax
716 1981 860 2016 salutem
879 1982 916 2016 in
935 1982 1093 2017 Domino
1106 1982 1364 2031 sempiternam.
1416 1984 1566 2018 Noverit
1585 1985 1661 2018 uni-

185 2036 325 2071 verfitas
342 2037 453 2071 vestra
470 2050 525 2071 me
544 2036 683 2078 dedisse,
704 2036 897 2072 eonceffiffe
915 2044 949 2073 et
968 2039 1031 2074 hac
1049 2039 1200 2087 presenti
1228 2045 1322 2074 carta
1339 2052 1417 2074 mea
1445 2039 1660 2075 confirmafl'e

187 2094 278 2134 Deo,
309 2093 445 2128 Sanctis
463 2094 596 2130 Jacobo
615 2100 649 2129 et
669 2094 804 2129 Mirino
824 2096 867 2130 de
887 2093 1034 2130 Paffelet
1065 2101 1100 2130 et
1129 2096 1308 2129 monachis
1337 2095 1466 2130 ibidem
1485 2096 1566 2130 Deo
1593 2096 1660 2131 ser-

185 2149 360 2184 vientibus
377 2155 412 2183 et
429 2150 687 2196 imperpetuum
704 2149 892 2192 servituris,
921 2152 1144 2186 medietatem
1161 2150 1302 2198 piscarie
1321 2151 1364 2185 de
1383 2150 1660 2200 Linbrenrfiiper

185 2217 310 2251 aquam
329 2205 372 2239 de
390 2204 512 2239 Leven
529 2206 566 2239 in
586 2205 764 2247 Levenax,
793 2213 827 2241 et
844 2207 1068 2242 medietatem
1087 2207 1243 2241 omnium
1273 2206 1416 2254 piscium
1447 2213 1481 2242 et
1510 2208 1661 2243 aliorum

187 2261 344 2295 omnium
363 2261 483 2306 quein
501 2266 576 2295 tota
602 2260 746 2308 piscaria
774 2263 935 2310 prediEta
965 2264 1162 2310 capiuntur,
1190 2276 1269 2297 cum
1297 2269 1392 2298 terra
1421 2264 1591 2299 haetenus
1617 2266 1660 2300 ad

188 2315 294 2363 ipsam
311 2317 521 2364 pertinente,
548 2315 676 2352 scilicet
695 2318 788 2353 inter
804 2319 896 2353 viam
914 2319 1068 2365 regalem
1086 2318 1203 2356 versus
1221 2319 1434 2355 Dunbertan
1465 2325 1500 2356 et
1531 2321 1659 2356 di&am
