1839 2652
143 281 214 312 250
538 275 853 311 REGISTRUM
882 275 1220 311 MONASTERII

147 380 182 408 et
193 373 320 408 mando
333 377 513 418 quatenus,
527 371 602 406 vifis
613 371 840 419 presentibus,
850 372 993 406 indilate
1005 372 1106 406 dictis
1121 372 1271 407 dominis
1284 371 1414 406 Abbati
1430 377 1464 406 et
1477 385 1629 407 conven-

148 431 199 465 tui
214 430 268 464 vel
282 441 404 463 eorum
419 433 515 462 certo
530 428 751 475 procuratori
766 428 827 462 has
838 427 972 462 litteras
984 428 1098 463 secum
1118 428 1289 463 deferenti
1303 426 1362 462 seu
1374 427 1626 469 deferentibus,

148 488 282 527 statum,
302 485 452 520 saifinam
472 486 717 520 hereditariam
738 491 772 520 et
790 490 994 532 perpetuam
1021 485 1064 520 de
1083 485 1177 520 dieta
1194 485 1298 520 tertia
1314 490 1413 532 parte
1432 484 1575 531 piscarie
1595 492 1630 519 et

148 543 324 592 particulis
343 548 447 583 terre,
476 542 665 578 secundum
684 548 843 577 tenorem
863 548 956 576 carte
982 554 1060 576 mee
1091 542 1251 576 confefite
1284 547 1319 576 et
1351 539 1508 575 conceffe
1527 541 1629 576 dicitis

150 600 298 635 ‹lominis
318 599 459 639 Abbati,
480 599 671 633 conventui
689 604 723 633 et
740 597 807 632 suis
825 597 1091 633 succefforibus:
1121 603 1155 632 et
1173 598 1216 632 ad
1235 598 1301 632 hoc
1319 597 1516 631 faciendum
1533 597 1631 631 vobis

150 669 262 691 meam
281 656 471 703 plenariam
490 655 694 702 potestatem
713 656 894 690 committo
913 668 952 689 ac
970 655 1173 689 mandatum
1192 653 1351 701 speciale.
1384 653 1432 688 Et
1446 653 1482 687 in
1500 652 1632 700 lignum

151 712 347 760 hujusmodi
365 710 481 746 saifine
499 712 706 752 traditionis
729 711 878 746 vestrum
896 709 1043 758 figillum
1063 712 1099 745 in
1117 710 1268 745 secunda
1285 710 1396 745 cauda
1414 709 1489 757 post
1514 722 1631 744 meum

151 768 377 817 presentibus,
410 768 503 814 apud
520 768 700 815 prediEtos
720 767 895 802 Abbatem
915 774 949 802 et
967 773 1180 802 conventum
1199 780 1264 814 pro
1283 771 1455 814 perpetuo
1473 778 1633 813 perman-

152 826 248 866 suris,
269 825 383 860 debite
401 825 617 872 appendatis.
670 824 714 858 In
733 824 831 871 cujus
848 825 898 859 rei
917 823 1151 858 testimonium
1169 822 1319 870 sigillum
1333 835 1448 857 meum
1468 821 1635 869 presenti-

153 884 217 917 bus
235 882 282 917 est
299 880 488 929 appensum
507 881 600 928 apud
620 879 773 927 Paffeley
791 879 950 915 vicesimo
969 881 1091 927 quinto
1107 881 1162 914 die
1176 878 1298 914 menfiS
1313 879 1525 926 Septembris
1543 891 1636 912 anno

154 939 303 974 Domini
337 936 515 971 millefimo
550 936 888 983 quadringentesimo
931 936 1214 984 quinquagesimo
1248 935 1411 970 secundo.
1464 934 1635 974 Testibus,

155 997 363 1032 Alexandro
383 996 483 1042 Lyle,
514 994 678 1029 Wilelmo
698 994 798 1041 Lyle,
826 995 958 1041 patruis
977 994 1061 1027 meis
1088 991 1273 1033 carfflimis,
1303 992 1453 1026 dominis
1471 991 1636 1026 Johanne

156 1054 354 1093 Gardenar‚
396 1052 536 1086 Thoma
569 1052 612 1086 de
642 1051 801 1098 Forsyth,
828 1050 1035 1098 p1·eibiteriS‚
1064 1049 1204 1083 Thoma
1223 1049 1265 1083 de
1298 1047 1453 1088 Preston,
1482 1047 1634 1086 notario,

157 1116 277 1145 curato
297 1107 434 1143 ecclesie
452 1108 679 1155 parrochialis
707 1108 750 1141 de
782 1105 962 1147 Passeleto,
993 1105 1156 1139 wilelmo
1189 1104 1335 1151 Simpyll
1364 1104 1406 1138 de
1438 1103 1633 1142 Fowlwod,

158 1167 276 1201 Alano
297 1165 471 1204 Cochran,
492 1169 527 1198 et
546 1163 712 1198 VVilelmo
732 1162 840 1204 Glen,
861 1162 1051 1209 armigeris,
1072 1173 1151 1196 cum
1170 1161 1289 1195 multis
1307 1160 1392 1194 aliis.

160 1336 267 1370 Carta
284 1334 425 1382 piscarie
444 1334 487 1368 de
505 1334 535 1368 le
553 1332 780 1380 Crukytssiot.

160 1447 399 1483 OMNIBUS
425 1447 492 1481 hoc
510 1445 675 1493 scriptum
694 1444 815 1480 visuris
831 1444 888 1479 vel
907 1444 1077 1478 audituris
1097 1443 1277 1477 Robertus
1307 1442 1350 1476 de
1369 1441 1459 1489 Lyle
1477 1441 1639 1476 dominus

160 1503 311 1552 ejusdem
330 1503 475 1537 salutem
494 1503 530 1536 in
550 1502 709 1536 Domino
737 1501 994 1548 lempiternam.
1047 1499 1228 1534 Noveritis
1246 1511 1302 1533 me
1330 1496 1490 1533 affedaffe
1515 1504 1549 1532 et
1574 1511 1638 1545 pro

159 1566 330 1608 perpetuo
349 1559 393 1593 ad
410 1558 641 1592 feodifirmam
661 1556 816 1592 dimififfe
835 1563 870 1591 et
901 1554 1094 1591 conceffiffe
1112 1555 1304 1590 venerabili
1330 1555 1366 1589 in
1394 1553 1531 1589 Christo
1549 1554 1639 1601 patri

160 1630 199 1651 ac
218 1616 361 1650 domino
380 1614 523 1648 domino
542 1614 682 1648 Thome
710 1612 930 1661 permistione
957 1613 1075 1647 divina
1094 1612 1225 1646 Abbati
1249 1610 1447 1645 monasterii
1466 1610 1508 1644 de
1528 1607 1639 1644 Paffe-

160 1673 244 1713 leto,
265 1672 455 1707 conventui
474 1670 637 1718 ejusdem,
659 1676 693 1704 et
711 1682 834 1704 eorum
853 1668 1110 1709 succefforibus,
1131 1669 1269 1703 tertiam
1288 1672 1425 1714 partem
1451 1666 1559 1701 totius
1577 1666 1641 1713 pis-

161 1730 252 1764 carie
271 1729 314 1763 de
332 1728 362 1763 le
381 1726 607 1774 C1·ukytss10t,
635 1739 714 1761 cum
733 1739 830 1760 mera
848 1731 882 1760 et
899 1725 1009 1759 libera
1025 1724 1193 1772 potestate
1211 1723 1362 1771 piscandi
1390 1729 1425 1758 et
1450 1722 1641 1770 recipiendi

161 1786 267 1833 pisces
285 1784 508 1831 quoscunque
527 1784 564 1817 in
582 1783 702 1818 eadem
722 1796 761 1817 ac
780 1783 816 1816 in
835 1794 957 1816 eorum
976 1781 1136 1828 proprios
1153 1779 1234 1815 usus
1252 1779 1483 1814 convertendi
1499 1793 1507 1821 3
1523 1778 1641 1826 jacen-

162 1843 205 1877 tis
222 1841 324 1889 super
341 1840 487 1875 fluvium
506 1840 549 1874 de
569 1839 694 1879 Cluda,
723 1838 808 1872 mihi
839 1837 1049 1872 hereditarie
1077 1836 1286 1884 pertinentis
1306 1836 1442 1870 ratione
1466 1841 1640 1870 terrarum

162 1910 319 1933 mearum
339 1897 381 1931 de
400 1895 647 1943 Achyntuerly
666 1900 699 1929 et
719 1894 979 1929 Dunnerbowk
999 1894 1087 1928 infra
1113 1894 1318 1928 comitatum
1351 1892 1395 1927 de
1420 1891 1589 1926 Levenax
1607 1897 1643 1925 et

162 1954 381 2002 parrochiam
401 1953 443 1987 de
464 1951 676 2000 Kylpatrik;
705 1963 784 1985 cum
812 1951 984 1998 particula
1001 1956 1094 1985 terre
1113 1950 1280 1996 contigua
1312 1954 1346 1983 et
1376 1949 1490 1983 vicina
1507 1948 1641 1995 prefate

163 2011 265 2045 tertie
282 2010 372 2056 parti
390 2007 532 2056 piscarie
551 2008 594 2042 de
612 2008 642 2042 Ze
661 2006 886 2054 Crukytfliot,
914 2007 958 2041 ad
977 2006 1247 2041 construendum
1265 2018 1372 2040 unam
1391 2005 1535 2039 domum
1552 2002 1641 2038 suffi-

164 2069 312 2102 cientem
331 2079 395 2114 pro
414 2065 677 2100 conservatione
695 2063 837 2112 piscium
857 2068 892 2098 et
909 2075 974 2110 pro
992 2062 1216 2097 servitoribus
1228 2062 1311 2096 inibi
1323 2074 1458 2096 moram
1475 2060 1642 2095 trahenti-

163 2124 226 2157 bus
245 2124 421 2158 di6'wrum
436 2121 584 2156 Abbatis
602 2126 637 2155 et
655 2124 850 2155 conventus
868 2120 926 2166 qui
944 2132 1009 2166 pro
1023 2125 1183 2166 tempore
1197 2118 1351 2161 fuerint3
1372 2129 1511 2152 necnon
1525 2116 1641 2151 locum

164 2186 295 2226 aptum,
310 2180 462 2214 vicinum
477 2183 512 2212 et
526 2178 724 2225 proximum
740 2177 783 2211 ad
797 2177 827 2211 le
840 2175 1118 2222 Crukytssiot,ad
1130 2174 1400 2222 preparandum,
1414 2173 1642 2208 reficiendum

165 2241 199 2270 et
217 2233 411 2269 siccandum
430 2234 542 2268 rethIa
556 2234 732 2268 di&orum
746 2232 893 2267 Abbatis
912 2238 946 2266 et
964 2236 1169 2272 conventus,
1189 2231 1249 2265 ubi
1267 2228 1453 2278 piscatores
1470 2229 1538 2263 mei
1557 2234 1642 2263 tem-

165 2304 250 2338 pore
269 2290 464 2337 piscationis
481 2290 638 2324 solebant
656 2290 811 2330 reficere,
839 2301 1026 2336 preparare
1045 2293 1081 2323 et
1105 2287 1230 2322 ficcare
1249 2286 1361 2321 rethia
1378 2284 1438 2320 sua
1454 2299 1463 2328 ;
1491 2295 1641 2319 unacum

165 2347 305 2382 licentia
323 2346 480 2392 capiendi
499 2346 620 2392 lingna
650 2346 693 2380 de
712 2358 857 2380 nemore
877 2345 1050 2380 di6'mrum
1070 2350 1245 2379 terrarum
1265 2354 1421 2377 mearum
1440 2341 1483 2376 de
1499 2339 1642 2386 Achyn-
