1839 2652
725 244 795 279 DE
828 215 1098 279 PASSELET.
1585 244 1651 282 137

172 342 254 378 fimo
272 355 380 378 nono.
435 342 516 377 Hiis
534 341 685 383 testibus,
714 342 821 377 fratre
850 341 1001 376 Patricio
1031 345 1116 375 tunc
1144 339 1262 387 priore
1291 343 1486 374 conventus
1503 338 1651 372 fratrum

172 399 433 447 predicatorum
460 399 502 434 de
522 400 609 439 Are,
639 399 789 433 dominis
820 397 975 432 Radulfo
1000 397 1042 431 de
1078 396 1157 431 Par’
1177 396 1310 430 decano
1342 395 1385 429 de
1417 395 1504 435 Are,
1534 394 1653 428 Alano

173 455 353 503 capellano
372 455 500 495 nostro,
523 455 670 489 Andrea
687 455 817 489 vicario
837 454 880 488 de
900 454 1109 500 Symonton,
1132 452 1339 487 Alexandro
1359 451 1596 498 Mackenedy‚
1617 456 1652 485 et

175 511 335 547 Henrico
354 512 397 546 de
417 511 539 553 Irwin,
568 511 714 552 clericis,
743 516 778 546 et
796 510 915 545 multis
933 509 1019 543 aliis.

175 681 407 716 Confirmatio
424 679 665 728 predkstarum
684 676 903 713 ecclesiarum
922 678 1027 712 trium
1058 690 1121 725 per
1157 677 1339 712 Andream
1372 677 1570 726 episcopum
1591 677 1655 712 Er-

173 736 383 784 gadiensem.

174 849 390 885 FRATER
418 846 670 883 ANDREAS
697 845 917 895 permistione
947 846 1065 881 divina
1096 844 1317 892 Ergadienfis
1344 846 1484 882 ecclefie
1502 847 1655 882 minister

174 906 314 941 humilis
332 905 527 940 reverendo
546 909 581 939 et
600 903 747 938 discreto
766 904 842 937 viro
874 903 1017 937 domino
1049 902 1207 938 Johanni
1238 902 1309 937 Dei
1339 904 1452 949 gratia
1481 903 1595 938 abbati
1622 910 1658 938 et

174 962 365 996 conventui
397 961 439 996 de
469 958 617 995 Paffelet
635 959 767 994 ordinis
786 958 1022 994 Cluniacenfis
1042 972 1182 994 necnon
1213 964 1247 993 et
1278 958 1431 1006 ejusdem
1460 960 1658 994 monasterii

175 1017 256 1052 Deo
274 1017 504 1052 servientibus
522 1029 562 1051 ac
579 1017 838 1063 imperpetuum
858 1014 1035 1050 servituris
1060 1015 1206 1050 salutem
1237 1021 1273 1050 et
1302 1017 1449 1063 gratiam
1468 1015 1658 1052 salvatoris.

175 1073 440 1121 Compatientes
458 1072 568 1108 vestre
587 1072 782 1107 communis
801 1071 916 1107 mense
935 1085 1008 1107 non
1027 1073 1164 1107 modice
1182 1073 1391 1120 paupertati,
1416 1086 1483 1119 que
1502 1086 1574 1107 non
1592 1072 1658 1108 suf-

174 1130 257 1171 ficit,
277 1135 384 1177 prout
401 1127 555 1170 afferitis,
575 1129 618 1163 ad
637 1128 784 1163 vestram
800 1127 1084 1164 sustentationem
1103 1129 1138 1163 in
1158 1129 1283 1163 divinis
1302 1128 1472 1175 obsequiis
1491 1134 1526 1164 et
1544 1130 1588 1164 ad
1607 1142 1660 1164 re—

175 1186 419 1234 spondendum
451 1186 493 1220 de
524 1185 758 1232 hospitalitate
795 1190 830 1219 et
863 1185 939 1219 aliis
966 1185 1132 1220 oneribus
1160 1185 1453 1226 incumbentibus,
1493 1184 1578 1220 ficut
1604 1186 1662 1221 lex

176 1243 285 1289 exigit
303 1243 466 1283 caritatis,
494 1241 749 1289 supplicatoriis
766 1240 885 1275 vestris
915 1242 1051 1276 devotis
1081 1241 1243 1289 precibus
1271 1241 1440 1282 inclinati,
1468 1242 1586 1276 habita
1604 1243 1662 1277 de-

176 1299 383 1333 liberatione
403 1296 544 1338 confilii,
574 1297 617 1332 de
636 1297 814 1331 communi
834 1295 1000 1332 consensu
1019 1303 1054 1332 et
1081 1296 1213 1332 affensu
1241 1298 1349 1332 totius
1382 1299 1524 1345 capituli
1542 1299 1660 1339 nostri,

176 1354 275 1390 vobis
294 1353 521 1402 dispensative
553 1354 716 1388 duximus
747 1353 1013 1388 concedendum
1040 1359 1075 1389 et
1106 1354 1330 1388 concedimus
1348 1367 1411 1401 per
1428 1353 1605 1402 presentes
1622 1361 1663 1390 ut

177 1411 314 1446 fruetus
333 1416 367 1446 et
385 1411 616 1446 obventiones
634 1411 693 1456 qui
712 1410 756 1444 ad
777 1411 955 1445 reetorem
973 1411 1150 1457 pertinere
1169 1409 1423 1456 dignoscuntur
1453 1411 1489 1444 in
1516 1410 1664 1446 ecclefiis

179 1467 222 1502 de
243 1467 422 1514 Kylfynan
442 1467 485 1501 de
506 1466 690 1514 Kylkeran
720 1471 754 1500 et
785 1466 828 1501 de
861 1466 1110 1513 Kylcolmanel
1141 1466 1256 1500 nostre
1276 1465 1417 1501 diocesis
1435 1464 1565 1514 possitis
1583 1480 1665 1502 con-

178 1529 317 1559 vertere
336 1524 372 1558 in
389 1522 470 1558 usus
487 1522 617 1557 vestros
635 1522 796 1570 proprios
814 1522 858 1556 ad
876 1521 1159 1557 sustentationem
1178 1522 1289 1557 vestre
1308 1523 1504 1557 communis
1522 1524 1662 1567 mense;

180 1580 284 1615 Salva
301 1585 426 1626 quarta
442 1579 558 1614 nostra
576 1578 771 1626 episcopali,
801 1578 972 1625 Salvaque
991 1580 1154 1626 portione
1172 1579 1292 1613 vicarii
1315 1579 1350 1613 in
1370 1578 1518 1614 ecclesiis
1535 1592 1666 1615 memo-

179 1636 274 1671 ratis.
327 1635 372 1669 In
401 1635 500 1682 cujus
526 1635 577 1670 rei
608 1634 845 1669 testimonium
874 1634 1021 1682 sigillum
1051 1635 1206 1670 nostrum
1238 1648 1311 1670 una
1340 1648 1420 1670 cum
1452 1634 1561 1682 figillo
1581 1637 1666 1671 dieti

180 1691 288 1727 nostri
306 1691 448 1739 capituli
467 1690 684 1739 presentibus
702 1691 750 1726 est
766 1691 968 1739 appensum.
1021 1692 1157 1727 Datum
1187 1692 1281 1739 apud
1309 1690 1485 1726 ecclesiam
1515 1692 1666 1727 nostram

182 1747 417 1782 cathedralem
435 1748 472 1782 in
492 1748 625 1782 octavis
644 1747 765 1782 Sancti
787 1747 935 1783 Martini
954 1747 1102 1797 episcopi
1133 1761 1228 1784 anno
1247 1748 1379 1784 domini
1399 1747 1580 1784 millefimo
1598 1754 1667 1784 tre-

183 1802 369 1839 centeiimo
387 1802 548 1839 vicefimo
566 1802 724 1852 septimo.

186 1974 362 2021 Scriptum
379 1973 497 2009 saifine
515 1980 551 2010 et
568 1973 779 2022 poffeffionis
798 1975 840 2010 de
867 1980 1048 2010 nummata
1075 1980 1170 2010 terre
1201 1975 1244 2010 de
1275 1974 1426 2022 Kylmor
1456 1986 1520 2021 per
1548 1974 1667 2020 Engu-

185 2028 270 2065 fium
287 2030 399 2065 filium
419 2031 586 2066 Duncani
606 2031 786 2066 Ferkardi.

188 2140 428 2177 OMNIBUS
456 2141 583 2177 Christi
600 2143 761 2178 fidelibus
778 2143 919 2191 presens
946 2144 1111 2192 scriptum
1132 2143 1255 2179 visuris
1272 2143 1328 2178 vel
1356 2143 1527 2178 audituris
1545 2143 1669 2191 Engus

187 2197 279 2232 filius
298 2197 466 2232 Duncani
492 2198 555 2232 filii
586 2198 757 2234 Ferkardi
776 2200 920 2235 salutem
950 2201 987 2234 in
1019 2200 1178 2234 Domino
1207 2198 1465 2247 sempiternam.
1517 2199 1669 2236 Noverit

187 2252 390 2288 universitas
408 2253 519 2288 vestra
536 2266 593 2288 me
620 2253 814 2289 concessifl'e
841 2261 876 2290 et
904 2255 1056 2302 presenti
1074 2255 1200 2304 scripto
1218 2268 1298 2290 meo
1329 2255 1457 2291 dediffe
1476 2256 1607 2291 Abbati
1635 2263 1669 2291 et

188 2310 379 2346 conventui
397 2309 595 2345 monasterii
609 2310 652 2345 de
669 2309 816 2346 Pallelet
829 2311 1022 2359 plenariam
1037 2317 1072 2347 et
1085 2311 1264 2359 pacificam
1281 2310 1520 2360 pofl'effionem
1537 2319 1572 2348 et
1584 2312 1669 2348 saifi-

923 2379 940 2402 s
