1839 2652
736 270 806 304 DE
833 268 1101 305 PASSELET.
1608 274 1656 304 55

174 367 341 408 manwill,
363 366 539 407 militibus,
569 366 719 400 dominis
738 365 882 400 Simone
901 371 935 400 et
956 365 1116 400 Roberto
1135 364 1332 411 capellanis,
1353 363 1519 399 Wilelmo
1538 369 1572 399 et
1589 365 1650 400 Jo—

174 423 290 458 hanne
309 423 453 463 clericis,
473 427 509 456 et
527 421 644 456 multis
663 421 748 455 aliis.

174 591 311 625 Littera
328 591 420 625 inter
438 590 582 624 domum
601 589 644 623 de
664 587 812 624 Paffelet
829 595 864 624 et
884 589 1059 623 Thomam
1080 589 1123 623 de
1142 589 1288 623 Fulton.

175 702 414 738 OMNIBUS
445 701 572 736 Christi
590 701 749 736 fidelibus
767 700 907 747 presens
924 701 1090 748 scriptum
1110 700 1232 735 visuris
1249 701 1306 736 vel
1333 702 1518 743 audituris,
1555 702 1652 738 Tho-

173 771 246 792 mas
264 758 306 792 de
326 758 457 792 Fulton
475 757 620 792 salutem
638 757 674 791 in
702 756 872 791 Domino.
926 757 1077 791 Noverit
1104 756 1306 792 universitas
1333 758 1444 792 vestra
1469 772 1525 793 me
1552 758 1654 806 scrip-

173 820 248 849 tum
267 814 394 848 habere
413 814 455 848 de
475 813 614 848 Abbate
633 818 668 847 et
687 817 864 847 conventu
883 813 926 847 de
946 811 1102 853 Paffelet,
1123 812 1232 859 figillo
1253 814 1395 860 capituli
1415 812 1596 861 lignatum,
1617 816 1653 849 in

174 871 238 905 hec
256 871 382 905 verba:
412 869 651 905 OMNIBUS
671 869 797 904 Christi
815 869 975 904 fidelibus
993 869 1132 916 presens
1150 869 1315 916 scriptum
1334 869 1456 904 visuris
1482 872 1538 905 vel
1556 871 1652 905 audi-

174 926 272 966 turis,
305 927 412 961 frater
434 925 631 973 Stephanus
650 926 764 960 dietus
782 926 885 961 abbas
904 926 946 960 de
966 924 1113 960 Paffelet
1132 931 1165 960 et
1185 925 1337 973 ejusdem
1356 927 1424 961 loci
1443 933 1649 968 conventus,

172 982 318 1017 ialutem
336 983 372 1016 in
390 982 549 1016 Domino
568 982 823 1029 sempiternam.
876 982 1027 1017 Noverit
1045 982 1249 1017 universitas
1264 983 1375 1017 vestra
1386 996 1461 1024 noS,
1482 997 1561 1018 cum
1574 983 1654 1018 effe-

175 1051 252 1073 mus
262 1039 360 1085 gravi
375 1051 484 1073 onere
498 1039 565 1073 eris
579 1038 683 1072 alieni
697 1038 851 1084 obligati,
868 1037 1007 1079 dedifl'e‚
1022 1038 1216 1074 conceffisse
1229 1044 1264 1074 et
1279 1040 1430 1087 presenti
1438 1041 1656 1075 eartanostra

173 1093 400 1135 confirmafl'e,
434 1094 476 1129 de
494 1094 673 1129 communi
691 1093 832 1128 consilio
851 1099 886 1129 et
904 1094 1070 1129 consensu
1089 1096 1197 1130 totius
1216 1097 1358 1143 capituli
1377 1097 1494 1137 nostri,
1516 1097 1654 1132 Thome

173 1151 216 1185 de
236 1150 378 1191 Fulton,
398 1163 462 1198 pro
482 1151 629 1196 quadam
648 1151 796 1197 pecunie
813 1149 956 1191 summa,
985 1164 1087 1197 quam
1108 1152 1144 1186 in
1161 1152 1348 1186 utilitatem
1368 1153 1565 1187 monasterii
1583 1153 1658 1188 nos-

172 1207 218 1241 tri
237 1212 271 1241 et
289 1207 576 1241 exonerationem
596 1206 794 1241 debitorum
812 1207 1010 1242 nostrorum
1029 1208 1238 1255 profitemur
1265 1207 1331 1243 effe
1360 1209 1572 1251 conversam,
1605 1215 1657 1244 to-

172 1269 244 1297 tam
262 1268 391 1297 terram
422 1264 467 1297 ad
496 1268 641 1310 pontem
670 1263 713 1297 de
734 1262 825 1297 Kert
850 1276 955 1310 quam
987 1260 1184 1311 Stephenus
1214 1264 1399 1299 Marescall
1417 1267 1592 1311 quondan]
1614 1267 1656 1300 de

173 1319 274 1354 nobis
305 1319 429 1360 tenuit,
463 1324 499 1353 et
528 1319 603 1353 illas
634 1319 718 1353 duas
745 1323 856 1353 terras
887 1332 970 1365 quas
1001 1319 1214 1355 Laurentius
1246 1321 1497 1368 Carpentarius
1527 1323 1570 1357 de
1597 1335 1659 1357 no-

174 1376 225 1409 bis
254 1376 368 1410 tenuit
394 1376 477 1410 dum
505 1375 662 1418 viveret3
692 1375 881 1410 Tenendas
907 1381 942 1410 et
968 1376 1143 1410 habendas
1170 1378 1338 1424 predie'ffis
1356 1377 1495 1413 Thome
1514 1384 1549 1413 et
1577 1378 1655 1413 Ma-

173 1431 261 1466 tilde
278 1432 382 1465 uxori
400 1430 458 1465 sue
477 1436 512 1466 et
531 1443 652 1466 eorum
671 1431 869 1472 heredibus,
902 1431 945 1466 de
963 1432 1063 1466 nobis
1082 1438 1116 1466 et
1148 1433 1355 1467 monasterio
1374 1434 1502 1475 nostro,
1535 1434 1654 1475 libere,

174 1488 302 1533 quiete,
333 1487 489 1534 plenarie
520 1492 556 1520 et
582 1487 786 1527 honorifice,
819 1500 899 1522 cum
926 1488 1087 1522 omnibus
1113 1490 1345 1535 pertinentiis,
1375 1490 1593 1525 libertatibus
1621 1498 1655 1526 et

175 1542 391 1583 ailiamentis,
425 1548 459 1576 et
477 1555 539 1589 per
558 1541 680 1577 divisas
706 1543 761 1577 die
780 1543 883 1589 hujus
902 1545 1145 1579 conventionis
1164 1546 1249 1579 inite
1276 1546 1446 1587 obtentas,
1480 1547 1658 1594 quousque

176 1606 270 1634 terra
288 1600 331 1634 de
350 1599 482 1634 Fulton
500 1612 604 1645 quam
622 1599 665 1633 de
683 1599 783 1633 nobiS
800 1604 897 1634 tenet
915 1600 1078 1635 dominus
1098 1601 1278 1636 Antonius
1297 1603 1406 1643 miles,
1439 1616 1502 1650 per
1528 1602 1655 1638 eeffuni

174 1656 231 1690 vel
249 1654 420 1690 deceffum
446 1654 558 1702 ipfius,
590 1655 634 1689 ad
664 1654 744 1689 usus
762 1655 896 1690 nostros
914 1661 949 1691 et
967 1658 1217 1704 proprietatem
1246 1664 1456 1699 revertatur,
1489 1665 1523 1694 et
1552 1673 1656 1706 quam

176 1718 305 1746 terram
332 1712 374 1746 de
394 1711 527 1745 Fulton
544 1711 695 1758 predieffi
715 1710 872 1745 Thomas
889 1718 924 1746 et
951 1712 1104 1747 Matilda
1121 1726 1212 1748 uxor
1230 1713 1290 1748 sua
1308 1720 1342 1749 et
1361 1728 1484 1749 eorum
1499 1716 1656 1756 heredes,

177 1774 262 1801 tunc
279 1767 322 1801 de
341 1767 441 1801 nobis
459 1772 494 1801 et
512 1766 721 1801 monasterio
740 1766 857 1801 nostro
886 1769 1058 1803 tenebunt
1090 1782 1153 1816 pro
1173 1775 1212 1803 ut
1244 1770 1279 1804 in
1306 1770 1433 1818 lbripto
1460 1771 1562 1819 super
1591 1773 1658 1806 hoc

178 1824 269 1857 inter
286 1835 350 1857 nos
368 1823 530 1857 (3οηῖεᾶῒο
548 1823 686 1870 plenius
704 1824 931 1868 continetur3
960 1824 1008 1859 Et
1038 1830 1122 1860 tune
1147 1826 1305 1872 prodiete
1324 1832 1417 1861 terre
1444 1828 1488 1861 ad
1515 1833 1659 1875 pontem

178 1879 221 1913 de
241 1878 342 1919 Kert,
374 1884 409 1913 et
426 1891 510 1924 quas
527 1879 792 1926 prenominatus
811 1879 1025 1915 Laurentius
1044 1881 1086 1916 de
1105 1882 1204 1915 nobis
1223 1883 1347 1923 tenuit,
1381 1883 1424 1916 ad
1450 1896 1514 1917 nos
1533 1889 1567 1918 et
1585 1897 1663 1918 mo-

177 1935 363 1969 nasterium
381 1934 534 1969 nostrum
554 1935 663 1970 libere
682 1941 716 1970 et
733 1935 802 1971 fine
821 1937 917 1970 omni
935 1938 1226 1978 contradiffffione,
1246 1939 1498 1984 inquietatione
1518 1945 1552 1974 et
1582 1954 1657 1987 per-

179 1991 378 2025 turbatione
409 2003 453 2025 ex
482 1996 582 2038 parte
613 1991 790 2026 di6't0rum
821 1992 960 2028 Thome
978 1999 1013 2028 et
1034 1993 1184 2028 Matilde
1202 1996 1321 2028 uxoris
1340 1994 1398 2028 sue
1425 2000 1459 2029 et
1486 1996 1654 2030 heredum

178 2046 319 2080 suorum
349 2053 583 2087 revertentur,
617 2048 665 2081 ita
695 2048 789 2094 quod
819 2049 969 2095 prediffl
989 2049 1144 2084 Thomas
1163 2055 1197 2084 et
1218 2050 1369 2084 Matilda
1394 2063 1485 2084 uxor
1510 2050 1573 2085 sua
1600 2051 1658 2086 seu

182 2114 303 2135 eorum
321 2101 477 2142 heredes,
509 2102 583 2149 post
601 2102 728 2137 celsum
746 2104 803 2138 vel
821 2104 993 2140 deceffum
1011 2106 1161 2153 predi6‘ci
1181 2106 1313 2140 domini
1333 2106 1496 2147 Antonii,
1529 2108 1564 2141 in
1582 2121 1664 2155 pre-

180 2158 282 2192 dietis
299 2158 401 2191 terris
419 2158 463 2191 ad
480 2164 624 2204 pontem
640 2159 682 2193 de
704 2159 804 2200 Kert,
826 2166 861 2195 et
878 2174 962 2207 quas
980 2162 1160 2208 predielms
1176 2161 1389 2196 Laurentius
1407 2163 1532 2203 tenuit,
1552 2164 1660 2198 nichil

174 2213 275 2259 juris,
296 2213 431 2247 ratione
450 2213 557 2260 hujus
576 2215 822 2250 conventionis
838 2216 897 2251 seu
915 2218 1125 2251 au&oritate
1143 2216 1258 2264 scripti
1277 2217 1455 2264 presentis,
1476 2219 1531 2253 vel
1549 2219 1666 2266 aliquo

175 2269 268 2315 jure,
282 2269 429 2315 judicic,
451 2268 529 2303 casu
547 2270 605 2304 seu
622 2270 749 2306 statuto
761 2273 1056 2320 contingentibus,
1077 2273 1217 2319 exigere
1230 2279 1399 2320 poterunt
1411 2275 1468 2309 vel
1487 2275 1638 2311 clamare
1653 2292 1662 2319 3

181 2330 216 2358 et
247 2325 398 2371 predfflsi
418 2324 575 2360 Thomas
594 2331 629 2361 et
648 2326 800 2362 Matilda
817 2342 907 2364 uxor
926 2329 999 2377 ejus
1019 2335 1053 2364 et
1080 2342 1202 2365 eorum
1230 2330 1379 2366 heredes
1396 2331 1531 2368 solvent
1560 2332 1667 2379 ustlue
