1839 2652
729 256 802 294 DE
830 257 1099 294 PASSELET.
1590 266 1656 298 11⁷1

177 388 476 500 Dedprffie&io111l·e
505 407 725 446 ecclesiarum
752 410 796 447 de
822 410 986 452 Katkert,
1018 409 1214 458 Ruthglen‚
1247 411 1484 453 Cormannoc,
1516 411 1650 455 Polloc,

176 470 212 501 et
253 478 272 500 e
338 478 422 501 erne
452 491 461 501 .

177 577 539 614 INNOCENTIUS
570 577 749 626 episcopus
776 578 895 613 servus
921 579 1101 614 servorum
1125 579 1208 621 Dei,
1229 579 1366 615 dilectis
1388 579 1468 615 filiis
1487 580 1600 616 Priori
1619 587 1654 617 et

175 635 367 670 conventui
391 635 434 670 de
453 634 610 676 Paffelet,
643 634 879 669 Cluniacenfis
908 635 1051 676 ordinis,
1080 634 1227 670 salutem
1257 642 1291 671 et
1309 636 1530 684 apostolicam
1548 636 1654 672 bene-

176 692 380 727 dictionem.
433 691 529 727 Solet
546 703 703 726 annuere
721 691 818 726 sedes
835 692 1021 739 apostolica
1037 691 1102 738 piis
1120 692 1221 732 votis,
1235 697 1271 727 et
1288 692 1438 727 honestis
1455 693 1652 740 petentium

175 748 336 795 precibus
351 748 508 783 savorem
525 747 737 783 benevolum
762 748 955 795 impertiri;
984 752 1170 795 eapropter
1198 748 1318 783 dilecti
1344 749 1381 783 in
1400 749 1558 784 Domino
1576 749 1651 790 filii,

176 803 294 839 vestris
305 803 404 851 justis
421 803 709 851 postulationibus
725 809 827 850 grato
845 809 1095 838 concurrentes
1121 802 1263 845 affensu,
1291 803 1455 852 personas
1473 805 1600 840 vestras
1617 811 1655 841 et

174 860 420 895 monasterium
438 858 561 906 ipsum,
590 859 626 893 in
644 872 713 905 quo
732 860 851 895 divino
870 860 1057 907 mancipati
1087 859 1163 894 estis
1188 859 1363 906 obsequio,
1394 873 1473 895 cum
1492 861 1655 896 omnibus

175 915 275 950 bonis
291 929 360 962 que
376 914 678 963 impresentiarum
696 915 950 950 rationabiliter
966 913 1141 963 poflidetis
1159 915 1243 950 etin
1257 916 1415 950 futurum
1427 916 1527 964 justis
1541 917 1654 951 modis

174 972 349 1020 prestante
366 972 525 1007 Domino
551 972 710 1019 poteritis
738 971 889 1020 adipisci,
920 970 981 1006 sub
1009 971 1101 1006 beati
1120 970 1216 1006 Petri
1238 976 1273 1006 et
1289 971 1406 1006 nostra
1431 972 1654 1019 protectione

174 1027 400 1075 susc1pimus3
429 1028 632 1076 Specialiter
658 1033 775 1063 autem
795 1028 838 1063 de
860 1028 1022 1069 Katkert,
1052 1029 1095 1063 de
1129 1028 1324 1075 Ruthglen,
1352 1028 1395 1063 de
1414 1028 1650 1069 Cormannoc‚

175 1085 218 1120 de
239 1085 444 1126 Kilbarhan,
465 1085 507 1120 de
527 1083 696 1127 Mernes’,
717 1090 752 1120 et
770 1085 812 1120 de
832 1085 965 1125 Polloc,
985 1083 1152 1125 ecclefias,
1172 1097 1192 1119 a
1204 1084 1295 1119 bone
1309 1084 1477 1119 memorie
1491 1083 1654 1120 Jocelino

175 1140 381 1188 Glasguenfi
398 1140 570 1188 episcop0‚
590 1142 633 1176 de
651 1141 793 1189 capituli
812 1140 1034 1188 Glasguenfis
1051 1139 1194 1181 aisensu,
1214 1146 1250 1175 et
1267 1140 1398 1175 dilecto
1416 1140 1489 1174 filio
1508 1140 1654 1174 Floren-

175 1198 225 1233 tio
243 1198 420 1244 quondam
439 1197 644 1244 Glasguenfi
662 1197 788 1238 eleeto,
809 1198 892 1232 dum
911 1209 1030 1232 curam
1046 1202 1185 1243 gereret
1203 1195 1340 1231 ecclefie
1355 1195 1588 1243 Glafiguenfis,
1608 1195 1653 1231 ad

175 1253 334 1294 vestram,
354 1253 528 1301 hospitum
539 1254 744 1295 vestrorum,
761 1258 795 1288 et
808 1266 1014 1301 pauperum,
1030 1252 1324 1293 sustentationem,
1337 1253 1395 1299 pia
1412 1252 1511 1287 vobis
1529 1252 1654 1287 libera-

175 1310 273 1345 litate
291 1309 473 1352 conceffas,
494 1324 574 1346 cum
593 1311 753 1345 omnibus
770 1311 990 1358 pertinentiis
1007 1308 1085 1350 suis,
1102 1309 1243 1344 decimis
1257 1309 1430 1349 videlicet,
1446 1308 1650 1350 redditibus,

175 1367 278 1402 terris
291 1372 326 1401 et
337 1365 595 1414 poffeffionibus
606 1367 692 1407 aliis,
708 1366 792 1401 ficut
803 1380 843 1400 ea
857 1367 974 1400 onmia
981 1365 1071 1413 juste
1083 1378 1122 1399 ac
1136 1365 1277 1412 pacifice
1295 1363 1481 1412 poffidetis‚
1500 1364 1599 1400 vobis
1617 1371 1652 1400 et

174 1434 238 1469 per
249 1435 311 1457 vos
329 1423 442 1457 eidem
460 1423 667 1458 monasterio
683 1423 794 1458 vestro
813 1422 1023 1457 auctoritate
1041 1420 1227 1468 apostolica
1245 1420 1503 1462 confirmamus,
1523 1426 1558 1455 et
1575 1433 1653 1468 pre-

174 1478 278 1514 sentis
289 1478 405 1526 scripti
420 1479 615 1526 patrocinio
627 1479 895 1513 communimus.
930 1477 1031 1512 Nulli
1046 1489 1130 1522 ergo
1144 1476 1328 1510 hominum
1340 1476 1442 1511 liceat
1455 1476 1545 1511 hanc
1557 1478 1653 1524 pagi-

173 1545 255 1569 nam
266 1534 381 1570 nostre
392 1535 622 1582 protefitionis
634 1541 669 1570 et
680 1533 954 1570 confirmationis
966 1533 1156 1579 infringere
1167 1531 1224 1567 vel
1236 1532 1268 1566 ei
1279 1531 1360 1566 auso
1372 1532 1558 1567 temerario
1571 1544 1652 1567 con-

174 1591 281 1626 traire
296 1603 304 1625 ε
332 1589 357 1624 fi
373 1591 449 1637 quis
466 1596 584 1626 autem
602 1591 669 1626 hoc
692 1596 901 1638 attemptare
919 1587 1174 1637 presumpserit,
1198 1587 1476 1634 indignationem
1495 1589 1653 1636 omnipo-

173 1647 280 1682 tentis
298 1646 369 1682 Dei
387 1652 422 1682 et
439 1647 621 1682 beatorum
640 1647 738 1682 Petri
764 1652 799 1681 et
826 1645 926 1680 Pauli
944 1644 1180 1692 apostolorum
1207 1643 1292 1691 ejuS‚
1320 1642 1354 1678 se
1380 1644 1519 1679 noverit
1535 1644 1651 1679 incur-

173 1702 303 1739 surum.
354 1703 493 1738 Datum
511 1703 676 1739 Lateran’
695 1703 817 1738 Idibus
836 1701 926 1737 Maii
943 1701 1167 1749 pontificatus
1184 1700 1299 1736 nostre
1317 1713 1411 1735 anno
1429 1701 1576 1736 decimo.

174 1869 355 1906 Protectio
374 1869 532 1905 omnium
549 1869 736 1911 bonorum,
764 1874 799 1905 et
816 1869 1036 1905 confirmatio
1063 1867 1281 1905 ecclefiarum
1299 1868 1390 1903 infra
1405 1866 1586 1903 baroniam
1605 1868 1647 1903 de

174 1925 333 1962 Renfrw.

174 2039 452 2076 HONORIUS
470 2038 649 2087 episcopus
665 2038 783 2074 servus
803 2037 982 2074 servorum
1002 2037 1083 2078 Dei,
1112 2036 1249 2071 dilectis
1275 2036 1354 2070 filiis
1382 2034 1496 2069 Priori
1513 2038 1548 2069 et
1566 2046 1647 2069 con-

173 2096 295 2131 ventui
313 2096 356 2130 de
375 2095 532 2136 Pafl'elet,
553 2094 789 2130 Cluniacenfis
807 2095 949 2135 ordinis,
977 2092 1123 2127 salutem
1142 2097 1177 2127 et
1194 2091 1415 2139 apostolicam
1434 2090 1648 2125 benedictio-

172 2164 266 2186 nem.
318 2150 415 2186 Solet
426 2163 581 2185 annuere
599 2150 693 2185 sedes
711 2150 896 2198 apostolica
913 2150 977 2198 piis
990 2149 1091 2189 votis,
1108 2153 1143 2182 et
1159 2147 1309 2182 honestis
1326 2146 1521 2194 petentium
1538 2147 1648 2194 preci-

172 2207 237 2241 bus
250 2207 405 2242 favorem
418 2206 628 2241 benevolum
643 2207 812 2253 impertiri
828 2220 838 2249 ;
867 2210 1063 2253 eapropter,
1083 2203 1202 2238 dilecti
1215 2203 1253 2237 in
1267 2202 1425 2236 Domino
1437 2202 1510 2243 filii,
1529 2202 1648 2238 vestris

167 2262 266 2310 justis
283 2262 570 2310 postulationibus
587 2268 688 2308 grato
706 2267 955 2297 concurrentes
973 2258 1115 2300 affensu,
1142 2259 1186 2293 ad
1213 2258 1390 2306 exemplar
1407 2258 1515 2293 felicis
1532 2271 1647 2294 recor-

174 2319 322 2354 dationis
335 2318 536 2354 Innocentii
548 2331 636 2366 pape
647 2317 893 2366 predecessoris
907 2315 1024 2357 nostri,
1042 2314 1205 2363 perionas
1217 2314 1342 2352 vestras
1354 2319 1389 2351 et
1402 2315 1647 2352 monasterium
