1839 2652
185 251 232 282 84«
579 249 684 284 REG
692 248 894 284 ISTRUM
923 250 1263 287 MONASTERII

188 344 305 379 audivi
322 356 362 378 ac
380 344 415 377 in
433 348 551 378 notam
579 343 713 391 sumpfi‚
747 357 789 379 ex
817 358 886 391 qua
902 345 969 381 hoc
986 347 1165 394 publicum
1183 348 1451 385 instrumentum
1469 351 1581 400 scripfi
1598 351 1662 399 fig-

188 413 304 447 noque
323 405 357 434 et
374 400 516 434 nomine
533 401 619 434 meis
636 400 743 435 solitis
762 406 796 435 et
814 401 986 437 consuetis
1015 402 1257 438 subscribendo
1283 403 1424 451 fignavi‚
1453 414 1595 454 rogatus
1627 414 1662 443 et

187 455 377 503 requifitus‚
396 457 433 490 in
450 456 555 491 fidem
573 462 607 492 et
623 457 857 493 testimonium
876 459 1033 493 omnium
1052 464 1086 494 et
1103 458 1317 505 fingulorum
1336 460 1588 508 premifforum.

190 625 370 672 Regalitas
388 625 479 671 regis
497 625 520 662 J
522 625 619 660 acobi
637 628 764 673 quarti.

189 737 212 773 J
215 736 419 772 ACOBUS
439 737 509 771 Dei
526 738 638 784 gratia
648 751 711 772 rex
726 733 912 773 Scotorum
927 739 1087 774 omnibus
1101 740 1218 787 probis
1232 741 1432 776 hominibus
1448 743 1556 777 totius
1569 748 1664 779 terre

190 793 248 828 sue
267 794 399 828 clericis
418 799 452 828 et
470 794 565 829 laicis
578 793 735 829 salutem.
774 796 895 830 Sciatis
912 797 1007 842 quod
1026 796 1069 830 ob
1087 795 1296 843 fingularem
1317 798 1541 833 devotionem
1559 813 1663 846 quam

188 851 355 885 habemus
372 849 523 897 glorioso
543 849 724 885 confeffori
745 851 876 886 Sancto
894 852 1027 886 Mirino
1042 858 1077 887 et
1091 852 1300 888 monasterio
1319 853 1435 888 nostro
1455 855 1497 889 de
1518 854 1664 896 Passeto‚

190 919 252 954 per
269 905 403 940 nostros
420 905 643 941 nobiliffimos
674 908 917 954 progenitores
944 908 1101 948 fundato,
1134 908 1192 942 ubi
1220 909 1372 955 plurima
1399 911 1666 957 progenitorum

191 976 338 1010 corpora
351 962 548 997 nostrorum
561 962 776 1010 sepeliuntur
789 970 823 998 et
835 964 1025 1010 quiescunt,
1046 970 1080 999 et
1095 964 1139 998 ob
1153 963 1341 1011 singulares
1355 965 1510 1000 favorem
1526 972 1561 1000 et
1574 979 1668 1000 amo-

189 1032 264 1054 rem
282 1031 369 1064 quos
385 1019 539 1065 gerimus
556 1019 746 1054 venerabili
765 1020 800 1053 in
820 1020 932 1055 Cristo
958 1021 1047 1067 patri
1067 1021 1226 1067 Georgio
1247 1021 1371 1056 Schaw
1388 1022 1560 1056 moderno
1580 1022 1665 1056 dieti

190 1074 387 1110 monasterii
405 1075 530 1116 abbati,
559 1075 675 1110 nostro
694 1074 885 1110 confiliario
904 1077 1060 1123 apprime
1079 1077 1221 1117 dilecto,
1250 1089 1290 1111 ac
1307 1090 1371 1124 pro
1389 1078 1485 1112 fideli
1505 1077 1667 1123 obsequio

190 1144 253 1179 per
270 1131 403 1165 dictum
422 1131 655 1165 venerabilem
673 1137 808 1178 patrem
838 1132 936 1166 nobis
967 1133 1182 1179 temporibus
1212 1133 1397 1167 retroactis
1427 1133 1668 1180 multipliciter

190 1188 344 1236 prestito,
363 1194 398 1222 et
414 1189 579 1235 precipue
598 1188 641 1222 ob
656 1189 843 1223 virtuosam
863 1189 1106 1223 educationem
1125 1194 1159 1223 et
1177 1189 1404 1223 nutritionem
1427 1187 1585 1223 cariflimi
1603 1189 1668 1224 fra·

191 1246 253 1280 tris
271 1244 377 1278 nostri
395 1244 517 1279 Jacobi
536 1244 633 1279 ducis
653 1243 824 1278 Roffenfis
841 1245 877 1278 in
895 1243 954 1278 sua
971 1250 1092 1279 tenera
1110 1249 1212 1284 etate,
1240 1244 1536 1291 ApprobavimuS‚
1563 1245 1668 1279 ratifi-

191 1303 355 1341 cavimus,
375 1301 691 1341 admortizavimus,
723 1306 757 1334 et
776 1300 1070 1340 confirmavimus,
1099 1305 1134 1334 et
1151 1305 1274 1334 tenore
1292 1299 1460 1346 presentis
1479 1306 1574 1334 carte
1592 1300 1669 1335 nos-

190 1363 244 1392 tre
262 1356 504 1404 approbamus,
534 1356 755 1396 ratificamus,
787 1361 822 1390 et
848 1369 911 1403 pro
930 1355 1029 1389 nobis
1048 1361 1083 1390 et
1099 1354 1344 1390 successoribus
1362 1355 1485 1389 nostris
1503 1356 1669 1390 admorti-

190 1426 307 1448 zamus
325 1419 360 1447 et
377 1413 420 1446 ad
438 1425 580 1447 manum
599 1415 772 1447 mortuam
790 1425 855 1459 pro
871 1417 1043 1459 perpetuo
1059 1412 1316 1451 confirmamus,
1337 1424 1457 1446 omnes
1470 1418 1504 1446 et
1518 1410 1667 1458 singulas

192 1470 409 1509 donationes,
442 1467 685 1508 concelliones,
714 1474 748 1502 et
766 1468 1020 1502 infeodationes
1038 1468 1133 1514 prius
1151 1467 1259 1507 datas,
1279 1465 1451 1501 conceffas
1469 1473 1503 1501 et
1522 1468 1667 1502 mortifi-

192 1532 283 1561 catas
297 1538 359 1572 per
374 1524 507 1559 nostros
521 1523 744 1559 nobiliffimos
762 1525 1004 1571 progenitores
1024 1523 1113 1557 bone
1131 1523 1299 1557 memorie
1319 1523 1510 1557 Walterum
1526 1529 1560 1558 et
1576 1523 1668 1558 Wal-

191 1589 307 1618 terum
328 1581 479 1615 Stewart
495 1581 595 1626 regni
615 1580 729 1614 Scotie
747 1579 958 1620 senescallos,
987 1584 1028 1614 et·
1046 1592 1109 1626 per
1129 1578 1361 1614 Malcolmum
1380 1584 1415 1613 et
1434 1578 1666 1614 Malcolmum

193 1638 336 1673 comites
355 1637 397 1671 de
416 1636 594 1676 Levenax,
626 1649 765 1670 necnon
782 1649 845 1682 per
863 1635 1085 1681 quoscunque
1103 1635 1189 1669 alios
1207 1633 1435 1669 anteceffores
1461 1634 1605 1677 nostros,
1634 1641 1669 1670 et

190 1693 345 1739 >reliquos
363 1692 421 1738 qui
440 1692 542 1726 dustis
560 1691 778 1731 monasterio,
810 1691 989 1726 abbatibus
1020 1696 1055 1725 et
1085 1690 1276 1725 conventui
1304 1690 1524 1736 quascunque
1542 1696 1663 1731 terras,

192 1750 359 1789 redditus,
390 1748 516 1788 firmas,
549 1760 684 1781 annuos
702 1747 869 1787 redditus,
899 1747 1067 1794 piscarias,
1097 1745 1262 1786 meletias,
1297 1746 1447 1780 decimas
1477 1751 1512 1781 et
1541 1744 1664 1793 pofl'el'-

193 1805 303 1840 fiones
332 1806 369 1838 in
399 1817 604 1850 quacunque
622 1809 721 1851 parte
739 1803 839 1850 regni
870 1802 975 1837 nostri
1005 1802 1233 1837 contulerunt
1246 1816 1263 1844 ;v
1288 1814 1327 1836 ac
1357 1802 1457 1835 etiam
1487 1814 1607 1836 omnes
1634 1808 1668 1836 et

192 1861 341 1908 lingulas
358 1861 607 1900 immunitates,
627 1860 811 1908 privilegia
829 1866 863 1894 et
880 1859 1077 1906 regalitates
1094 1858 1190 1905 prius
1209 1858 1304 1891 datas
1323 1863 1357 1892 et
1376 1855 1548 1892 conceffas
1566 1857 1668 1892 dietis

192 1917 413 1957 monasterio,
433 1916 613 1951 abbatibus
632 1922 666 1951 et
685 1916 884 1956 conventui,
905 1916 941 1948 in
960 1915 1120 1949 omnibus
1132 1920 1166 1948 et
1177 1913 1317 1960 lingulis
1332 1914 1472 1960 punctis
1491 1919 1526 1948 et
1543 1914 1668 1948 articu-

192 1974 245 2015 lis,
278 1972 535 2008 conditionibus
564 1977 598 2006 et
627 1972 738 2006 modis
755 1984 794 2006 ac
812 1970 1073 2006 circumstantiis
1090 1970 1350 2016 quibuscunque
1369 1971 1405 2003 in
1424 1982 1545 2004 eorum
1565 1970 1668 2004 cartis

194 2037 228 2065 et
245 2028 539 2064 infeodationibus
557 2028 730 2062 contentis
760 2033 795 2062 et
824 2027 1045 2074 specificatis:
1079 2019 1267 2061 Tenendas
1298 2032 1333 2060 et
1364 2025 1539 2060 habendas
1558 2026 1667 2060 dictas

193 2086 410 2125 donationes,
443 2083 685 2124 concelliones,
717 2083 980 2123 infeodationes,
1012 2083 1259 2122 immunitates,
1292 2082 1501 2128 regalitates,
1534 2087 1568 2116 et
1598 2082 1666 2128 pri-

193 2142 319 2188 vilegia
346 2153 552 2187 quecunque
578 2140 674 2187 prius
703 2145 743 2174 ut
760 2139 974 2186 premittitur
1004 2139 1094 2178 data,
1128 2136 1284 2172 concessa
1303 2143 1338 2172 et
1356 2137 1563 2172 mortificata
1588 2149 1664 2184 pre-

195 2198 291 2232 dicto
310 2196 516 2231 monasterio
534 2209 574 2230 ac
591 2196 769 2230 modernis
788 2195 919 2229 Abbati
937 2199 972 2229 et
989 2195 1178 2229 conventui
1205 2194 1355 2240 ejusdem
1383 2206 1575 2238 eorumque
1593 2191 1665 2226 suc-

196 2251 390 2292 cefforibus‚
411 2253 454 2286 de
472 2252 572 2286 nobis
590 2257 625 2286 et
642 2250 887 2286 suceefforibus
902 2250 1034 2291 nostris,
1066 2251 1102 2284 in
1120 2263 1242 2297 puram
1262 2255 1296 2284 et
1314 2254 1518 2296 perpetuam
1537 2248 1664 2282 elemo-

193 2309 298 2345 finam
316 2308 584 2355 imperpetuum,
611 2307 714 2355 juxta
740 2308 820 2349 vim,
850 2307 997 2342 formam
1025 2312 1059 2341 et
1086 2305 1246 2341 effectum
1267 2311 1440 2340 cartarum
1459 2310 1494 2339 et
1511 2303 1664 2338 infeoda-
