1839 2652
150 253 198 291 70
558 246 663 281 REG
671 245 874 281 ISTRUM
902 245 1240 281 MONASTERII

152 351 209 380 tro
228 344 404 379 Duncano
433 343 475 377 de
502 342 606 389 Petyt
623 341 867 376 archidiacono
886 340 1090 387 Glasguenfi
1108 341 1314 376 cancellario
1339 339 1467 381 nostro,
1494 340 1628 376 Jacobo

155 401 198 435 de
217 400 377 445 Douglas
395 399 538 433 domino
566 398 608 432 de
627 396 795 437 Dalketh,
825 403 859 431 et
878 397 1017 430 Thoma
1034 397 1077 431 de
1096 396 1243 443 Ersssyn,
1272 394 1535 441 consanguineis
1552 395 1628 431 nos-

155 457 217 490 tris
235 455 382 495 dilectis,
410 454 587 493 militibus,
607 453 700 500 apud
719 452 909 499 Lynlithcu
926 451 1022 486 sexto
1041 452 1096 486 die
1115 451 1236 486 menfis
1256 450 1390 498 Aprilis
1407 463 1500 485 anno
1518 451 1628 498 gratie

156 510 334 545 millesimo
352 508 593 545 trecentesimo
611 507 835 554 nonogesimo
853 507 949 542 sexto
968 513 1002 542 et
1020 508 1119 554 regni
1137 506 1243 541 nostri
1261 519 1354 541 anno
1372 505 1479 541 sexto.

160 681 259 714 Inter
280 679 455 713 Abbatem
474 684 508 712 et
526 682 740 712 conventum
759 676 801 710 de
821 675 954 709 Passeto
973 688 1015 710 ex
1040 687 1112 709 una
1140 680 1249 722 parte,
1280 680 1315 709 et
1333 674 1562 709 Goldfridum
1589 673 1632 707 de

161 736 196 770 N
199 735 281 770 esbit
298 748 342 769 ex
359 735 468 769 altera
485 739 594 780 parte,
615 733 658 767 de
675 732 776 766 terris
796 731 1034 766 Auchjnchos.

161 846 390 884 JACOBUS
409 845 479 880 Dei
493 845 605 891 gratia
619 857 680 879 rex
699 844 884 878 Scotorum
903 842 1063 876 omnibus
1077 841 1193 888 probis
1207 840 1405 875 hominibus
1419 840 1527 874 totius
1539 846 1633 874 terre

161 903 220 939 sue
237 903 282 937 ad
299 915 385 949 quos
402 900 576 949 presentes
593 901 709 934 littere
735 899 959 946 pervenerint
988 898 1143 932 salutem.
1196 897 1377 931 Noveritis
1407 909 1471 930 nos
1498 895 1633 930 causam

162 972 229 1006 que
247 958 448 993 vertebatur
466 958 557 991 inter
576 956 751 990 Abbatem
771 961 805 989 et
823 960 1036 989 conventum
1065 954 1107 987 de
1127 952 1260 987 Passeto
1290 958 1389 999 parte
1419 965 1462 986 ex
1489 965 1570 992 una,
1599 957 1634 986 et

165 1014 392 1050 Goldfridum
423 1013 465 1047 de
494 1011 615 1047 Nesbit
641 1025 684 1046 ex
710 1011 829 1051 altera,
856 1010 958 1056 super
988 1009 1089 1043 terris
1117 1009 1160 1043 de
1180 1008 1363 1043 Achinche
1376 1007 1572 1055 jacentibus
1598 1008 1634 1041 in

164 1070 308 1105 baronia
336 1069 378 1103 de
400 1069 548 1108 Renfru,
568 1067 684 1101 nostro
716 1065 855 1101 confilio
885 1063 1112 1100 commisimus
1142 1064 1423 1105 terminandam3
1452 1064 1500 1097 ita
1517 1069 1634 1098 tamen

165 1126 259 1172 quod
277 1124 346 1172 ipsa
364 1123 607 1158 determinatio
625 1123 725 1156 nobis
742 1122 938 1156 infuturum
957 1120 1187 1167 prejudicium
1213 1119 1413 1154 nullatenus
1438 1124 1634 1165 generaret.

166 1182 283 1222 Unde,
311 1181 413 1215 dictis
430 1179 584 1226 partibus
602 1191 717 1213 coram
737 1177 853 1211 nostro
872 1175 1012 1211 confilio
1031 1175 1311 1222 comparentibus
1333 1176 1368 1209 in
1389 1175 1535 1221 judicio,
1562 1173 1636 1221 post

165 1237 314 1272 diversas
331 1235 508 1281 utriusque
526 1234 632 1281 partis
649 1233 940 1267 altercationesin
956 1230 1095 1266 confilio
1114 1231 1256 1270 habitas,
1277 1231 1418 1264 tandem
1436 1230 1505 1277 ipse
1524 1229 1636 1264 Gold-

166 1293 286 1332 fridus,
307 1291 515 1326 conscientia
532 1295 660 1329 motus,
680 1294 794 1323 totum
807 1288 866 1335 jus
884 1293 918 1321 et
937 1287 1118 1327 clamenm,
1139 1284 1375 1333 poffessionem
1395 1291 1429 1320 et
1446 1285 1637 1332 proprieta-

167 1355 249 1389 tem,
279 1347 301 1381 fi
319 1347 467 1393 quedam
494 1346 530 1379 in
548 1345 650 1379 dictis
667 1345 768 1379 terris
786 1343 889 1377 habet
907 1343 1027 1377 habuit
1043 1343 1101 1377 vel
1132 1342 1259 1376 habere
1277 1347 1425 1388 poterat,
1453 1354 1517 1388 pro
1543 1340 1575 1375 se
1602 1346 1638 1375 et

166 1404 352 1438 heredibus
369 1402 447 1442 suis,
476 1401 578 1436 dietis
597 1400 728 1434 Abbati
755 1406 790 1433 et
820 1399 1010 1433 conventui
1030 1398 1166 1445 publice
1184 1397 1377 1444 refignavit.
1430 1397 1546 1438 Quam
1565 1397 1638 1442 qui-

168 1460 245 1494 dem
266 1458 542 1504 relignationem,
562 1456 716 1490 nostrum
735 1455 868 1489 invenit
882 1460 916 1488 et
935 1454 1180 1488 determinavit
1198 1452 1387 1493 confilium,
1407 1453 1544 1486 nullum
1562 1465 1638 1499 pre-

162 1515 333 1562 judicium
351 1513 449 1547 nobis
467 1510 560 1559 poffe
577 1512 613 1545 in
632 1512 747 1557 aliquo
766 1523 946 1557 generare.
998 1510 1093 1543 Data
1111 1514 1145 1543 et
1163 1510 1242 1543 acta
1254 1508 1314 1542 sub
1331 1508 1526 1542 testimonio
1544 1521 1638 1553 mag-

167 1571 203 1605 ni
232 1569 331 1616 figilli
359 1568 478 1607 nostri,
508 1568 586 1601 loco
614 1566 796 1613 capitulari
826 1565 1023 1599 monasterii
1051 1565 1179 1600 sanet-e
1207 1564 1330 1599 Crucis
1358 1564 1400 1598 de
1420 1563 1636 1597 Edinbruch.

171 1625 404 1665 Presentibus‚
422 1623 629 1658 Alexandro
642 1623 769 1656 comite
785 1622 827 1656 de
844 1621 937 1661 Mar,
947 1621 1085 1655 Thoma
1100 1619 1294 1654 Senescallo
1306 1620 1377 1653 filio
1389 1618 1460 1659 suo,
1474 1619 1497 1654 J
1500 1620 1638 1653 ohanne

169 1681 363 1720 Forestarii‚
389 1680 412 1715 J
415 1680 552 1714 ohanne
583 1676 790 1717 senescallo,
820 1676 980 1710 Roberto
1011 1677 1053 1710 de
1082 1675 1265 1715 Lawedre,
1294 1674 1470 1714 militibus,
1499 1674 1638 1708 Thoma

170 1737 381 1784 Summyrvil
397 1737 439 1770 de
452 1734 633 1769 Carnwith
650 1739 685 1768 et
700 1733 906 1767 Alexandro
922 1733 964 1766 de
978 1731 1191 1777 Levingston
1206 1731 1248 1765 de
1258 1730 1637 1777 Calenter,penultimo

171 1794 226 1828 die
244 1792 366 1827 meniis
383 1790 591 1825 Decembris
616 1802 709 1823 anno
737 1788 884 1822 Domini
914 1787 1092 1822 millefimo
1120 1785 1458 1833 quadringentesimo
1474 1784 1637 1832 vigefimo

169 1854 304 1896 quarto,
324 1854 359 1883 et
376 1847 475 1894 regni
489 1845 594 1880 nostri
608 1846 742 1880 decimo
760 1856 867 1878 nono.

173 2018 279 2052 Carta
298 2015 467 2050 Macolmi
486 2013 645 2048 Loccard
663 2012 706 2046 de
723 2011 756 2058 vj
776 2011 863 2046 acris
880 2016 972 2045 terre
990 2011 1026 2045 in
1045 2011 1242 2058 Symunton
1260 2010 1303 2044 de
1323 2009 1418 2056 Kyil.

174 2126 412 2164 OMNIBUS
443 2125 501 2172 qui
530 2124 610 2159 sunt
640 2129 674 2158 et
704 2123 763 2169 qui
789 2123 930 2157 venturi
958 2122 1037 2156 sunt
1068 2121 1267 2156 Macolmus
1298 2121 1457 2156 Loccard
1483 2119 1639 2155 salutem.

175 2185 296 2220 Sciatis
313 2196 379 2223 me,
400 2183 516 2217 divine
543 2180 694 2216 caritatis
720 2179 851 2213 intuitu
868 2184 904 2213 et
931 2177 1083 2225 ejusden]
1110 2178 1248 2224 pietatis
1265 2177 1423 2217 obtentu,
1453 2174 1580 2210 dediffe
1605 2181 1641 2209 et

176 2237 368 2275 conceffiffe
387 2244 422 2273 et
447 2239 511 2272 hac
527 2236 678 2285 presenti
699 2240 793 2270 carta
822 2247 900 2269 mea
930 2231 1145 2268 confirmaffe
1175 2232 1257 2267 Deo
1285 2237 1321 2267 et
1348 2231 1478 2267 Sancto
1506 2230 1640 2266 ,Iacobo

176 2301 210 2330 et
228 2295 347 2330 domui
366 2294 408 2329 de
428 2292 575 2328 Paffelet
592 2298 627 2328 et
643 2291 822 2326 monachis
836 2289 964 2324 ibidem
980 2289 1061 2324 Deo
1075 2288 1312 2329 servientibus,
1331 2300 1396 2336 pro
1407 2286 1514 2322 salute
1525 2286 1641 2320 anime
