1870 2683
800 241 1082 277 APPENDIX.
1655 249 1678 278 5

204 350 269 378 res,
289 342 460 377 tenentes,
481 337 566 372 alios
584 337 717 372 nostros
734 339 873 378 amicos,
901 338 1185 385 consanguineOS,
1206 337 1322 372 servos
1341 343 1376 372 et
1393 338 1578 373 familiares
1596 351 1677 373 con-

203 399 258 427 tra
269 392 359 440 juris
378 393 537 428 ordinem
555 393 753 434 invaserint,
781 394 942 435 lederint,
970 393 1028 428 seu
1046 394 1295 440 quoquomodo
1318 394 1600 441 perturbaverint
1619 394 1677 430 seu

203 449 238 483 in
266 449 382 495 aliquo
412 447 651 496 premiflorum
672 451 967 490 contravenerint,
1000 450 1162 484 volumus
1192 450 1286 496 quod
1316 449 1455 497 presens
1486 451 1676 485 infeodatio

203 505 333 538 nullius
350 505 389 539 fit
407 506 586 545 momenti,
615 506 742 540 valoris
760 512 819 540 aut
837 506 998 540 efficacie.
1052 506 1226 540 Volumus
1245 507 1348 541 etiam
1368 512 1402 541 et
1427 520 1491 553 pro
1519 507 1618 542 nobis
1644 513 1677 541 et

202 559 447 595 successoribus
475 561 597 595 nostris
624 562 881 608 imperpetuum
913 563 1136 597 concedimus
1161 563 1257 609 quod
1286 563 1427 597 traditio
1453 564 1551 609 virge
1583 564 1677 598 dieto

205 615 375 656 Roberto,
404 615 470 650 suis
488 616 672 651 heredibus
691 623 725 651 et
742 616 986 653 succefforibus
1004 632 1067 666 per
1084 632 1148 653 nos
1166 624 1226 653 aut
1244 619 1377 653 nostros
1395 618 1600 654 succeffores
1619 627 1677 654 aut

202 673 286 707 alios
304 673 550 720 quoscumque,
571 675 712 709 nomine
732 681 766 709 et
784 675 949 709 mandato
967 675 1100 715 nostris,
1128 674 1273 722 speciale
1300 675 1503 709 mandatum
1522 675 1675 710 nostrum

202 729 329 764 adhoc
347 729 523 769 habentes,
553 729 618 764 five
637 730 673 764 in
691 731 788 764 curia
812 729 879 765 five
909 736 1007 765 extra
1032 732 1176 771 curiam,
1204 730 1302 765 stabit
1333 736 1366 765 et
1398 732 1464 765 erit
1494 731 1676 771 liifficiens‚

202 785 304 818 realis
322 791 356 819 et
375 798 458 819 vera
474 785 591 819 lailina
610 792 643 820 et
662 785 816 832 pofl'eflio
842 799 881 821 ac
901 786 1012 833 justus
1042 787 1165 821 titulus
1196 799 1260 833 pro
1293 787 1388 821 dieto
1420 787 1533 821 officio
1553 793 1586 821 et
1605 788 1678 834 ejus

202 840 370 887 stipendio
388 854 452 888 pro
471 842 690 888 imperpetuo
709 842 916 876 infuturum.
931 852 939 884 ⁴⁴.
961 843 1137 877 Volumus
1154 842 1294 889 insuper
1312 843 1407 888 quod
1424 842 1533 877 stante
1551 844 1677 877 minori

203 902 293 931 etate
320 898 489 932 heredum
516 904 550 932 et
580 897 808 932 successorum
840 899 925 933 dieti
955 898 1115 937 Roberti‚
1142 896 1253 944 poffit,
1281 899 1411 944 poterit
1436 898 1495 932 seu
1524 899 1679 945 poterint

202 953 335 986 dietum
368 953 519 987 officium
553 966 727 993 exercere,
755 953 946 988 ministrare
976 966 1038 1000 per
1068 952 1146 987 suos
1174 958 1308 987 tutores
1335 960 1396 987 aut
1422 954 1508 987 alios
1538 954 1678 988 suorum
1717 948 1719 952 ¹

202 1014 361 1042 tutorum
379 1009 567 1043 autoritate
586 1008 691 1055 usque
711 1010 754 1043 ad
784 1010 991 1055 legittimam
1018 1014 1145 1043 etatem
1177 1009 1381 1042 eorundem.
1438 1009 1603 1043 Preterea
1621 1023 1678 1044 vo-

202 1064 318 1098 lumus
337 1065 432 1110 quod
449 1065 583 1099 licitum
602 1064 640 1099 fit
658 1065 769 1106 nobis,
797 1065 996 1112 granatario
1016 1064 1072 1098 vel
1090 1064 1225 1098 sellario
1254 1063 1370 1098 nostro
1388 1064 1445 1099 seu
1473 1065 1679 1112 cuicumque

203 1120 270 1154 alio
290 1121 405 1155 nostro
424 1122 566 1155 nomine
586 1121 764 1168 deputato,
785 1127 906 1156 tenere
924 1121 1056 1155 nostras
1074 1121 1186 1155 curias
1205 1121 1240 1154 in
1258 1120 1375 1154 nostro
1387 1121 1594 1155 monasterio
1612 1121 1679 1156 five

203 1177 238 1209 111
253 1189 462 1222 quocunque
477 1177 544 1210 alio
559 1177 637 1210 loco
654 1177 743 1211 infra
756 1176 887 1211 nostras
902 1177 1011 1211 dietas
1025 1183 1135 1211 terras
1148 1175 1446 1223 quotienscunque
1462 1190 1548 1224 opus
1562 1178 1677 1218 fuerit,

204 1244 268 1278 pro
289 1231 410 1265 nostris
428 1232 547 1272 firmis,
569 1233 694 1266 annuis
712 1233 916 1272 redditibus,
948 1233 1090 1278 arragiis
1109 1239 1143 1266 et
1161 1232 1326 1278 careagiis
1343 1231 1485 1278 aliilque
1503 1233 1626 1267 debitis
1645 1242 1679 1268 et

205 1286 361 1327 servitiis,
381 1287 519 1322 absente
538 1294 655 1322 tamen
676 1288 812 1322 Ballivo
825 1294 859 1322 et
874 1294 972 1322 extra
990 1288 1152 1335 capitales
1170 1288 1282 1322 curias
1297 1287 1450 1322 nostras:
1482 1288 1679 1324 Reddendo

206 1343 286 1377 inde
305 1345 486 1377 annuatim
505 1344 618 1377 dictus
637 1344 795 1390 magister
814 1350 849 1378 et
866 1345 1011 1379 heredes
1028 1343 1080 1378 sui
1106 1344 1206 1378 nobis
1225 1350 1259 1378 et
1284 1343 1529 1379 succefforibus
1560 1346 1680 1380 nostris

205 1412 268 1445 pro
288 1400 389 1433 dietis
408 1400 519 1439 terris,
547 1400 776 1445 quadraginta
793 1407 863 1434 tres
889 1400 1015 1434 solidos
1041 1406 1076 1434 et
1102 1406 1252 1446 quatuor
1280 1400 1440 1433 denarios
1467 1406 1502 1434 et
1532 1401 1567 1434 in
1598 1415 1681 1448 aug-

206 1456 457 1489 mentationem
477 1455 581 1489 nostri
601 1456 754 1496 1011111115,
787 1456 844 1490 sex
862 1456 988 1490 solidos
1006 1468 1085 1490 cum
1105 1456 1186 1489 06ὶο
1205 1455 1366 1489 denariis.
1420 1456 1466 1489 Et
1493 1456 1587 1490 ultra
1615 1470 1680 1504 pro

205 1512 371 1557 predictis
389 1512 499 1545 tribus
519 1512 643 1546 celdris
661 1513 771 1546 farine
784 1511 921 1547 servitia
931 1511 1119 1559 presc1·1pta
1133 1517 1269 1545 tantum
1284 1524 1348 1558 pro
1362 1512 1457 1545 omni
1472 1512 1540 1546 alio
1560 1526 1678 1554 onere,

206 1567 400 1606 011αᾶ110110,
421 1567 609 1613 questione,
634 1568 805 1602 demanda
823 1581 889 1614 que
908 1569 950 1602 de
969 1568 1071 1602 diet-is
1089 1567 1203 1602 officio
1222 1573 1256 1601 et
1274 1568 1376 1601 terris
1393 1580 1456 1614 per
1474 1581 1538 1602 nos
1556 1575 1591 1603 et
1608 1568 1680 1604 suc-

206 1620 350 1656 cefl'ores
369 1622 501 1657 nostros
532 1623 795 1668 quomodolibet
826 1625 915 1669 exigi
944 1629 1122 1670 poterunt.
1175 1623 1219 1657 In
1237 1622 1336 1670 cujus
1366 1624 1414 1657 rei
1446 1623 1679 1660 testimonium

205 1677 350 1724 figillum
372 1691 557 1713 commune
577 1679 717 1725 capituli
737 1679 822 1713 dieti
841 1679 945 1713 nostri
964 1678 1161 1713 monasterii
1186 1679 1267 1713 huic
1284 1679 1435 1726 presenti
1462 1686 1555 1714 carte
1574 1682 1681 1715 mani-

207 1734 269 1768 bus
287 1733 410 1768 uostris
427 1733 614 1781 subscripte
634 1734 680 1769 est
697 1734 884 1781 appensum
904 1735 996 1783 apud
1027 1735 1161 1769 dietum
1191 1735 1346 1769 nostrum
1374 1735 1619 1770 monasterium
1638 1737 1681 1771 de

208 1789 340 1823 Palleto
360 1790 494 1823 decimo
513 1789 609 1824 sexto
628 1790 683 1824 die
702 1790 824 1824 meniis
843 1791 976 1838 Aprilis
1003 1803 1095 1825 anno
1126 1790 1272 1825 Domini
1302 1790 1480 1825 millefimo
1511 1793 1680 1838 quingen-

206 1844 323 1879 telimo
341 1844 601 1891 quadragefimo
619 1847 753 1891 quinto.
