1839 2652
747 247 819 282 DE
847 244 1116 281 PASSELET.
1628 244 1674 275 85

188 346 325 380 tionum
355 356 642 392 quarumcunque
670 344 816 391 desuper
834 343 1086 382 confectarum,
1114 345 1149 375 et
1176 340 1263 375 adeo
1291 338 1410 378 libere,
1443 337 1571 384 quiete,
1601 336 1673 384 ple-

189 403 297 443 narie,
325 403 474 448 integre,
502 401 706 442 honorifice,
726 401 816 436 bene
834 406 868 436 et
886 400 922 434 in
939 412 1035 447 pace,
1063 398 1099 432 in
1118 396 1279 432 omnibus
1297 401 1332 430 et
1349 408 1412 442 per
1431 394 1559 434 omnia,
1578 399 1619 428 ut
1637 393 1673 426 in

190 458 317 493 eisdem
336 459 439 493 cartis
458 463 493 493 et
510 458 807 493 infeodationibus
826 457 1038 495 continetur,
1067 460 1101 489 et
1120 454 1168 488 ita
1183 453 1292 487 libere
1311 451 1395 486 ficut
1413 451 1527 497 aliqua
1545 450 1674 484 elemo-

189 514 260 549 sina
278 516 473 561 cuicunque
487 514 706 555 monasterio,
723 514 837 549 abbati
849 513 907 548 seu
922 510 1112 546 conventui
1126 509 1216 544 infra
1227 508 1378 543 nostrum
1392 520 1542 553 regnum
1557 506 1672 546 datur,

190 572 406 612 conceditur,
435 571 635 605 infeodatur
653 575 713 604 aut
730 569 931 617 poffidetur,
960 566 1018 602 seu
1037 566 1122 607 dari,
1152 565 1309 606 concedi,
1333 564 1504 599 infeodari
1522 568 1582 597 aut
1599 561 1674 610 pos-

190 626 260 661 sedi
277 628 407 674 poterit
424 627 712 673 qualitercunque
740 626 776 659 in
802 626 972 664 futurum,
1002 628 1037 657 et
1067 621 1191 668 absque
1223 622 1338 668 aliqua
1364 621 1590 655 revocatione
1615 619 1674 653 len

190 683 472 717 contradictione
490 694 697 728 quacunque
715 694 778 728 per
796 694 861 715 nos
878 687 939 715 aut
957 679 1164 715 successores
1182 679 1316 713 nostros
1346 677 1573 725 quovismodo
1592 677 1674 711 inde

189 739 359 774 facienda.
413 738 467 772 Ac
485 737 626 784 insuper
644 737 803 771 dedimus
823 742 857 771 et
876 735 1103 771 concessimus
1136 741 1170 770 et
1197 735 1261 769 hac
1278 734 1430 782 presenti
1448 739 1543 768 carta
1560 733 1676 768 nostra

191 808 255 842 pro
289 795 389 829 nobis
423 799 458 828 et
491 791 738 828 suec-efforibus
778 793 901 827 nostris
941 793 1063 827 damus
1101 797 1136 826 et
1172 791 1395 826 concedimus
1422 790 1519 824 dieto
1553 802 1676 824 vener-

190 851 272 885 abili
301 851 392 898 patri
421 855 455 884 et
485 850 677 884 conventui
708 848 840 895 suisque
870 848 1117 883 successoribus
1146 848 1287 895 plenam
1316 852 1351 881 et
1384 845 1529 880 liberam
1563 844 1675 893 potes-

191 913 299 941 tatem
325 913 363 941 ut
395 919 517 941 eorum
548 906 667 940 ballivi
702 905 894 952 replegiare
922 903 1048 952 possint
1088 904 1312 951 quoscunque
1346 903 1517 942 homines,
1554 908 1676 937 tenen-

191 970 243 999 tes
272 963 331 998 seu
360 963 595 997 inhabitantes
626 967 736 996 terras
765 962 861 996 dieto
890 962 1097 996 monasterio
1128 961 1355 1009 pertinentes,
1384 960 1427 994 ad
1458 960 1570 994 curias
1600 958 1677 993 nos-

191 1026 261 1055 tras
273 1020 456 1067 justitiarie
471 1019 529 1054 seu
543 1019 732 1053 camerarie
750 1019 964 1054 attacheatos
982 1019 1041 1054 scu
1058 1019 1251 1060 arrestatos,
1268 1019 1311 1053 ad
1323 1018 1520 1052 libertatem
1535 1017 1675 1052 suorum

192 1077 356 1113 itinerum
370 1075 553 1123 justitiarie
573 1080 607 1109 et
625 1075 825 1115 camerarie,
845 1089 909 1122 pro
928 1076 1090 1111 omnibus
1105 1082 1139 1110 et
1156 1075 1298 1122 singulis
1315 1074 1512 1109 actionibus
1530 1075 1677 1109 indicta-

192 1135 301 1169 menti
319 1133 555 1169 criminalibus
581 1132 640 1167 seu
667 1133 825 1167 civilibus
843 1132 944 1179 super
970 1132 1094 1179 quibus
1121 1130 1271 1166 accusari
1290 1131 1469 1178 poterint3
1499 1137 1533 1165 et
1551 1130 1677 1178 specia-

191 1191 272 1226 liter
290 1204 329 1225 ac
346 1191 511 1238 precipue
529 1203 593 1237 pro
612 1194 764 1236 quatuor
781 1190 923 1236 punctis
941 1189 985 1223 ad
1012 1188 1163 1223 nostram
1182 1201 1349 1223 coronam
1369 1188 1500 1234 regiam
1520 1187 1676 1235 spectan-

193 1248 295 1288 tibus,
323 1247 485 1281 videlicet
505 1247 636 1293 rapina,
658 1252 759 1292 raptu
779 1245 978 1285 mulierum,
1008 1245 1171 1279 incendio
1191 1250 1225 1279 et
1243 1244 1442 1284 murthur0,
1472 1250 1507 1278 et
1532 1258 1596 1291 pro
1615 1245 1676 1279 ho-

193 1304 333 1338 micidio
352 1316 395 1338 ex
412 1304 631 1350 precogitata
648 1302 778 1336 felonia
796 1302 851 1335 vel
870 1302 963 1342 alias,
993 1302 1030 1335 in
1053 1301 1185 1347 regalia
1202 1300 1261 1335 seu
1279 1300 1460 1347 regalitate
1480 1299 1674 1341 commistis,

192 1373 333 1395 necnon
350 1373 414 1407 pro
433 1358 705 1407 apprehenfione
724 1357 783 1393 seu
801 1357 970 1392 occifione
983 1357 1176 1392 salmonum
1192 1357 1369 1391 dictorum
1383 1356 1413 1391 le
1426 1357 1574 1403 reclfisclz
1591 1362 1678 1392 tem-

192 1429 278 1464 pore
297 1416 473 1463 prohibito
504 1414 562 1449 seu
592 1414 760 1455 indebito,
789 1419 823 1448 et
842 1414 971 1448 furtiva
989 1414 1225 1448 destructione
1244 1426 1430 1447 nemorum
1448 1413 1611 1454 viridum,
1641 1420 1676 1448 et

193 1486 257 1521 pro
277 1473 438 1507 omnibus
456 1472 531 1506 aliis
549 1471 746 1506 actionibus
764 1471 1007 1505 indictamenti
1035 1470 1272 1505 criminalibus
1290 1468 1347 1503 seu
1366 1469 1523 1504 civilibus
1541 1470 1677 1516 quibus-

194 1542 342 1576 cunque,
370 1528 565 1576 proditoria
591 1527 780 1562 traditione
799 1527 835 1560 in
854 1526 1003 1560 nostram
1022 1526 1206 1574 personam
1224 1526 1356 1572 regiam
1374 1525 1441 1560 five
1460 1527 1559 1572 regni
1579 1527 1677 1561 dum-

194 1592 290 1621 taxat
320 1590 466 1632 excepta
482 1597 490 1619 :
535 1583 713 1618 Faciendo
740 1583 821 1617 inde
848 1583 1028 1617 annuatim
1056 1596 1121 1630 pro
1152 1588 1323 1630 perpetuo
1353 1582 1438 1616 dieti
1468 1583 1676 1617 venerabilis

194 1648 293 1690 pater
311 1648 345 1677 et
364 1646 559 1677 conventus
586 1652 778 1686 eorumque
804 1638 1011 1673 successores
1040 1652 1105 1686 pro
1135 1638 1235 1673 nobis
1263 1652 1302 1673 ac
1328 1637 1624 1686 predecefl'oribus
1643 1646 1678 1674 et

194 1698 440 1734 succefforibus
457 1698 581 1732 nostris
599 1697 798 1731 orationum
825 1695 985 1743 suffragia
1011 1696 1217 1730 devotarum
1246 1700 1395 1729 tantum.
1449 1695 1493 1728 In
1511 1695 1609 1742 cujus
1627 1697 1676 1730 rei

194 1755 429 1790 testimonium
449 1755 529 1788 huic
547 1752 697 1801 presenti
725 1758 819 1787 carte
847 1752 961 1786 nostre
991 1765 1158 1798 magnum
1186 1751 1334 1798 sigillum
1365 1750 1518 1785 nostrum
1548 1752 1676 1798 apponi

195 1812 425 1859 precepimus.
455 1810 625 1850 Testibus,
640 1809 841 1844 reverendis
855 1809 889 1842 in
906 1808 1042 1843 Christo
1057 1809 1212 1856 patribus
1230 1808 1388 1842 Roberto
1404 1807 1563 1854 episcopo
1578 1807 1676 1843 Glas-

195 1867 324 1914 guenfi,
346 1867 505 1913 Georgio
524 1865 683 1913 episcopo
702 1863 955 1906 Dunkeldenfi,
977 1865 1113 1902 dilectis
1132 1864 1396 1911 consanguineis
1408 1864 1530 1898 nostris
1549 1864 1677 1899 Colino

197 1926 324 1960 comite
343 1926 386 1959 de
405 1924 526 1971 Ergile
545 1924 689 1958 domino
710 1923 892 1969 Campbell
911 1928 945 1957 et
965 1922 1064 1956 Lorn
1083 1922 1293 1956 cancellario
1308 1920 1435 1960 nostro,
1459 1920 1675 1954 Archibaldo

198 1982 325 2016 comite
345 1980 500 2028 Angufie
520 1981 662 2015 domiuo
682 1979 853 2026 Dowglas
870 1980 940 2019 &c.‚
964 1978 1114 2012 Patricio
1134 1978 1277 2011 domino
1299 1976 1400 2010 Halis
1425 1976 1584 2021 magistro
1604 1977 1678 2011 hos-

197 2038 273 2085 pitii
291 2037 396 2072 nostri
413 2037 535 2072 secreti
553 2036 651 2083 sigilli
670 2035 820 2076 custode,
842 2035 1006 2069 VVilelmo
1029 2034 1168 2068 Knollis
1193 2038 1399 2080 preceptore
1426 2032 1468 2065 de
1496 2031 1680 2067 Torfichin

198 2095 307 2129 milite
325 2094 441 2129 nostro
460 2093 686 2133 thesaurario,
706 2091 874 2138 magistris
895 2090 1101 2125 Alexandro
1132 2089 1241 2135 Inglis
1268 2088 1513 2122 archidiacono
1545 2088 1680 2122 Sancti-

198 2151 328 2185 andree
346 2156 590 2196 compotorum
610 2149 807 2182 nostrorum
826 2147 1021 2181 rotulatore
1040 2158 1079 2179 ac
1106 2145 1231 2178 clerico
1259 2143 1364 2177 nostri
1395 2143 1526 2190 registri
1545 2144 1615 2184 &c.‚
1645 2151 1679 2178 et

201 2206 417 2241 Archibaldo
431 2205 634 2246 Quliitelaw
649 2204 844 2238 subdecano
864 2199 1069 2248 Glasguenfi
1086 2199 1270 2234 secretario
1289 2198 1417 2240 nostro,
1437 2200 1529 2246 apud
1549 2199 1678 2234 Strive-

199 2263 274 2309 ling
293 2263 427 2296 decimo
445 2273 541 2295 nono
561 2261 616 2295 die
634 2259 756 2294 meniis
776 2259 924 2305 Augusti
943 2269 1036 2291 anno
1056 2255 1204 2289 Domini
1216 2254 1395 2290 millefimo
1409 2256 1678 2303 quadringente-

200 2318 282 2354 fimo
302 2315 535 2364 octuagesimo
555 2316 692 2356 octavo,
714 2321 748 2349 et
767 2315 866 2361 regni
885 2313 988 2348 nostri
1007 2312 1132 2359 primo.
