1870 2683
214 276 284 311 366
627 271 941 308 REGISTRUM
970 271 1306 307 MONASTERII

214 370 477 419 percipiendum
495 368 694 416 prediefflm
706 380 862 402 annuum
877 367 1053 401 redditum
1066 367 1234 414 predie'ds
1247 367 1330 402 viris
1343 366 1508 413 religiofis
1522 373 1556 403 et
1570 380 1694 404 eorum

217 425 461 462 suceefforibus
488 430 523 459 et
552 423 760 458 monasterio
790 423 832 457 de
862 422 995 458 Pafleto
1012 423 1213 470 supradifito
1231 422 1408 470 quousque
1426 422 1495 470 ipse
1512 423 1693 460 ,Iohannes

218 482 274 516 vel
291 481 436 516 heredes
453 480 503 514 sui
521 485 581 514 aut
599 478 755 526 affignati
771 480 893 514 fecerit
910 478 967 514 vel
996 479 1144 514 fecerint
1170 479 1260 526 ipsos
1277 480 1371 514 viros
1396 478 1574 525 religiosos
1601 485 1696 514 tutos

219 543 254 572 et
271 536 408 571 securos
433 549 495 583 per
522 542 633 571 cartas
649 537 736 577 suas,
769 549 849 571 cum
867 535 1019 570 clausula
1036 535 1329 570 warantizationis
1360 540 1394 569 et
1423 535 1696 569 confirmationis

219 593 371 637 [domini
388 591 593 639 superioris]
612 592 697 626 diffl
714 592 818 632 feodi,
840 592 882 626 de
902 591 1027 638 viginti
1043 590 1197 625 solidatis
1211 596 1304 626 terre
1319 603 1399 625 cum
1414 591 1634 638 pertinentiis
1647 591 1699 625 in-

220 649 272 683 fra
289 649 483 683 dominium
511 648 554 682 de
581 648 795 683 chhinlek
811 648 867 683 vel
885 647 965 681 alibi
995 647 1033 681 in
1062 647 1140 681 loco
1169 647 1393 694 competenti,
1423 647 1510 681 adeo
1537 646 1646 681 libere
1664 652 1698 681 et

220 704 347 750 quiete,
366 704 455 739 bene
474 709 508 738 et
525 704 562 738 in
579 717 663 751 pace
680 703 765 738 ficut
783 709 877 738 carta
894 703 1066 739 Johannis
1085 703 1128 737 de
1147 704 1361 738 chhinlek
1387 703 1556 750 predictis
1579 715 1699 737 mona-

223 761 294 794 chis
312 760 393 794 inde
412 760 572 794 confefflffl
590 760 626 793 in
643 759 676 794 se
699 759 790 806 juste
809 760 966 795 continet
984 766 1018 795 et
1035 766 1230 808 proportat.
1283 761 1578 795 Confirmavimus
1596 761 1698 795 etiam

224 816 450 851 donationem
468 822 503 850 et
521 814 772 851 conceffionem
791 816 866 850 illas
884 829 967 862 quas
984 817 1066 851 fecit
1098 817 1216 850 Adam
1236 816 1431 851 Foulerton
1449 817 1548 851 miles
1566 817 1647 851 Deo
1666 822 1701 851 et

222 872 321 906 beate
341 871 457 906 Blarie
470 872 620 918 Virgini,
640 872 742 906 beato
760 872 894 907 Jacobo
912 878 947 906 et
966 873 1096 907 Saneto
1116 872 1251 907 Mirino
1266 873 1309 907 de
1325 872 1458 907 Passeto
1473 879 1508 908 et
1522 873 1701 907 monachis

222 928 352 963 ibidem
370 928 452 963 Deo
468 927 697 963 servientibus
724 933 759 962 et
788 929 1046 975 imperpetuum
1064 929 1241 963 servituris
1259 928 1302 962 de
1318 941 1392 963 uno
1410 941 1529 963 annuo
1559 928 1700 963 redditu

225 984 458 1031 quadraginta
476 984 701 1019 denariorum
719 984 855 1030 argenti
870 984 913 1018 de
924 984 985 1018 illo
1003 996 1096 1018 anno
1114 984 1254 1018 redditu
1273 984 1415 1019 dimidie
1431 997 1548 1019 marce
1565 985 1701 1030 argenti

226 1040 322 1074 dieto
341 1040 422 1074 Ade
446 1040 530 1087 jure
548 1040 759 1074 hereditario
778 1040 990 1087 competenti
1009 1040 1052 1074 de
1070 1045 1272 1074 tenemento
1291 1040 1385 1086 quod
1403 1047 1548 1074 vocatur
1568 1037 1702 1074 Ruffal-

226 1096 310 1131 land
326 1097 362 1130 in
380 1096 523 1130 domino
540 1109 619 1130 meo
639 1095 737 1140 [suo]
757 1096 799 1130 de
818 1095 973 1143 Corsby:
1010 1095 1223 1130 Tenendum
1241 1100 1275 1130 et
1292 1095 1491 1130 habendum
1502 1096 1701 1143 predictum

227 1165 384 1187 annuum
401 1152 577 1186 redditum
595 1151 761 1198 predi6fis
779 1152 860 1185 viris
878 1150 1042 1198 reIIgiofis
1068 1157 1103 1185 et
1129 1164 1252 1185 eorum
1270 1149 1514 1185 suecefl‘oribus
1532 1152 1703 1198 imperpe-

226 1215 326 1243 tuum
345 1209 432 1242 adeo
450 1207 558 1242 libere
577 1213 610 1242 et
628 1208 756 1253 quiete,
775 1207 942 1254 plenarie,
961 1207 1097 1253 integre
1117 1212 1151 1241 et
1168 1207 1372 1247 honorifice,
1393 1207 1481 1241 bene
1500 1212 1534 1241 et
1552 1208 1588 1241 in
1605 1220 1700 1255 pace,

227 1266 262 1297 in
282 1263 442 1298 omnibus
472 1269 507 1298 et
536 1276 598 1310 per
616 1263 734 1297 omnia
750 1262 833 1297 ficut
851 1263 887 1296 in
905 1268 999 1296 carta
1017 1262 1102 1296 dicti
1121 1262 1203 1296 Ade
1230 1262 1260 1296 F
1261 1262 1426 1297 oulerton
1455 1263 1574 1297 militis
1602 1263 1703 1298 dietis

227 1319 391 1366 religiosis
407 1320 490 1354 inde
508 1319 669 1353 confefflffii
686 1319 823 1366 plenius
841 1319 1042 1353 continetur
1058 1333 1067 1361 3
1096 1318 1274 1354 Faciendo
1292 1320 1374 1354 inde
1400 1320 1500 1354 nobis
1518 1326 1552 1355 et
1569 1321 1703 1355 heredi-

227 1376 290 1410 bus
308 1375 430 1410 nostris
448 1375 533 1409 dieti
550 1373 699 1421 religiofi
717 1380 750 1409 et
769 1388 892 1409 eorum
909 1373 1116 1409 successores
1132 1375 1390 1423 imperpetuum
1422 1376 1622 1411 orationum
1638 1375 1704 1411 suf-

227 1432 337 1477 fragia
353 1437 491 1466 tantum
519 1444 583 1478 pro
614 1431 710 1465 omni
741 1431 808 1465 alio
838 1429 978 1465 servitio
995 1431 1149 1466 seculari.
1202 1431 1248 1466 In
1266 1431 1365 1479 cujus
1389 1432 1441 1466 rei
1469 1432 1702 1467 testimonium

227 1487 378 1534 presenti
409 1492 503 1521 carte
532 1486 646 1521 nostre
674 1486 948 1521 confirmationis
965 1487 1121 1522 nostrum
1147 1488 1364 1535 precepimus
1389 1488 1517 1535 apponi
1544 1487 1702 1534 figillum.

228 1544 388 1579 Testibus
405 1542 663 1577 venerabilibus
680 1543 718 1577 in
737 1542 872 1577 Christo
891 1543 1046 1590 patribus
1064 1543 1222 1578 VValtero
1253 1549 1288 1578 et
1319 1543 1467 1578 Blatheo
1495 1543 1565 1578 Dei
1591 1544 1703 1590 gratia

228 1600 349 1635 Sancti
364 1600 510 1634 Andree
528 1604 562 1633 et
581 1597 802 1644 Glasguenfis
819 1598 1037 1634 ecclesiarum
1057 1599 1233 1647 episcopis,
1255 1599 1414 1634 Roberto
1433 1600 1559 1634 comite
1577 1600 1619 1634 de
1638 1599 1708 1646 Fyf

229 1661 263 1689 et
277 1656 320 1690 de
336 1654 526 1689 Mentheth
537 1654 644 1689 fratre
658 1654 773 1688 nostro
786 1653 964 1696 cariffimo,
980 1656 1195 1690 Archibaldo
1208 1656 1334 1690 comite
1346 1656 1388 1690 de
1401 1653 1703 1702 Dowglaffdomi-

228 1725 274 1747 no
293 1711 480 1752 Galwidie,
509 1710 669 1757 magistro
688 1711 866 1745 Duncano
885 1711 989 1758 Petyt
1006 1712 1250 1746 archidiacono
1274 1711 1478 1758 Glasguenfi
1497 1712 1702 1747 cancellario

228 1768 355 1809 nostro,
364 1767 497 1803 Jacobo
510 1767 553 1801 de
568 1766 738 1813 Dowglas
753 1767 895 1801 domino
910 1767 953 1801 de
966 1767 1134 1808 Dalketh,
1142 1773 1176 1802 et
1183 1767 1341 1802 Domino
1348 1767 1487 1802 Thoma
1499 1769 1541 1802 de
1554 1767 1701 1814 Erskyn‚

230 1823 493 1870 consanguineis
522 1822 645 1857 nostris
675 1823 822 1863 dileetis,
854 1823 1031 1863 militibus,
1067 1823 1161 1870 apud
1191 1823 1299 1857 Perth
1327 1823 1487 1858 vicesimo
1521 1823 1616 1858 sexto
1647 1824 1702 1858 die

229 1879 352 1914 meniis
371 1879 504 1926 Aprilis
522 1891 614 1912 anno
632 1879 743 1924 gratie
762 1883 805 1912 M⁰
825 1884 907 1913 ccc⁰
924 1891 972 1913 xc
991 1878 1098 1919 sexto,
1118 1884 1153 1913 et
1170 1880 1270 1925 regni
1288 1879 1393 1914 nostri
1410 1892 1503 1914 anno
1521 1879 1677 1927 septimo.

233 2040 339 2073 Carta
349 2039 373 2074 J
375 2039 521 2073 ohannis
528 2038 632 2073 Blare
641 2038 772 2072 domini
783 2038 825 2072 de
838 2038 1031 2079 Adamton,
1043 2051 1108 2086 pro
1119 2038 1251 2074 summa
1261 2040 1490 2086 quadraginta
1500 2039 1699 2075 solidorum.

232 2150 470 2186 OMNIBUS
488 2151 554 2185 hoc
571 2150 736 2198 scriptum
755 2150 875 2184 visuris
892 2150 947 2184 vel
966 2151 1136 2185 audituris
1156 2151 1181 2187 J
1183 2152 1337 2186 ohannes
1356 2151 1460 2186 Blare
1479 2152 1640 2186 dominus
1658 2152 1700 2186 de

232 2207 413 2240 Adamton
430 2207 467 2240 in
487 2206 558 2254 Kyl
578 2206 773 2247 Senescalli,
806 2212 962 2241 eternam
980 2207 1017 2240 in
1035 2206 1193 2241 Domino
1211 2206 1366 2242 salutem.
1420 2208 1514 2249 Quia
1527 2208 1701 2254 quondam

233 2261 408 2296 Walterus
438 2263 529 2297 filius
549 2263 656 2297 Alani
685 2262 889 2297 senescallus
918 2263 1032 2297 Scotie
1051 2263 1146 2297 dedit
1177 2268 1211 2297 et
1237 2262 1399 2298 conceffit
1425 2263 1506 2297 Deo
1537 2269 1571 2297 et
1600 2263 1700 2297 beato

231 2317 252 2352 J
256 2317 363 2352 aeobo
382 2324 416 2353 et
433 2318 534 2354 beato
554 2319 689 2354 Mirino
708 2320 750 2354 de
770 2318 914 2360 Passeto‚
936 2318 1156 2366 Glasguenfis
1168 2318 1318 2360 diocefis‚
1338 2325 1373 2355 et
1386 2319 1700 2354 monachisibidem
