1839 2652
179 308 249 339 212
591 297 907 335 REGISTRUM
935 296 1274 332 MONASTERII

182 400 255 434 mui
273 399 316 433 de
335 395 481 432 Paffelet
499 401 534 430 et
552 396 679 430 ibidem
699 395 788 441 elegi
806 393 1019 441 sepulturam
1036 405 1045 427 ι
1074 391 1223 427 Terram
1243 404 1327 427 vero
1358 397 1392 427 et
1417 391 1593 440 piscariam
1613 394 1654 429 de

184 455 351 503 Lydibren
369 465 452 499 quas
470 453 507 486 in
526 452 694 486 Levenax
712 450 921 485 hereditarie
939 446 1114 495 adquisivi,
1145 448 1322 483 monachis
1352 447 1505 495 ejuldem
1534 449 1658 484 domus

185 512 226 545 de
246 508 404 548 Paffelet‚
425 509 467 542 de
486 506 617 542 assensu
638 506 792 541 Galfridi
810 505 947 552 nepotis
965 510 999 539 et
1016 504 1153 538 heredis
1168 504 1247 545 mei,
1268 503 1359 544 dedi,
1380 503 1526 538 eoncefli
1543 510 1577 539 et
1594 505 1658 540 hac

183 572 278 600 carta
294 578 372 599 mea
390 563 594 598 confirmavi
614 564 731 607 [cum]
751 561 913 596 omnibus
931 560 1033 594 cartis
1051 573 1134 606 quas
1153 560 1233 594 inde
1252 559 1356 594 habui
1385 565 1419 594 et
1454 573 1532 595 cum
1564 562 1659 596 omni

177 623 258 668 jure
277 621 371 667 quod
388 620 473 654 mihi
491 625 526 654 et
544 618 730 653 heredibus
748 618 833 652 meis
851 617 932 651 inde
951 617 1141 664 competiit.
1194 616 1238 650 In
1251 616 1347 663 cujus
1362 616 1413 650 rei
1426 616 1659 652 testimonium

183 686 254 712 tam
273 690 338 723 ego
357 689 460 722 quam
479 675 658 722 prediehis
683 673 866 708 Galfridus
895 672 1070 720 presentes
1098 673 1230 706 litteras
1260 670 1436 718 fignorum
1461 672 1659 707 nostrorum

183 732 394 781 appositione
425 731 678 766 roboravimus.
732 729 812 764 Hiis
841 729 992 770 testibus,
1025 729 1168 763 domino
1200 728 1360 763 Roberto
1392 727 1558 776 Thyndal
1584 730 1660 764 the-

183 790 334 824 saurario
354 786 580 834 Glasgwenfi‚
607 785 769 832 magistro
796 784 916 819 David
944 785 1069 825 Brade,
1098 784 1259 831 magistro
1281 784 1439 819 Roberto
1458 784 1501 819 de
1529 785 1659 820 Saneto

184 846 333 886 Albano,
349 844 372 881 J
377 845 510 879 urdano
531 841 709 890 Prepolito
729 840 960 882 Casteltares'‚
983 841 1142 876 Roberto
1160 840 1259 876 servo
1278 853 1368 882 me0‚
1389 848 1424 876 et
1437 841 1555 876 multis
1573 841 1658 876 aliis.

185 1013 343 1048 Donatio
362 1019 397 1047 et
415 1011 634 1047 confirmatio
655 1010 862 1045 Maldoveni
881 1011 1016 1045 comitis
1035 1011 1077 1046 de
1095 1010 1274 1052 Levenax,
1295 1016 1387 1046 terre
1405 1016 1440 1046 et
1456 1011 1598 1058 piscarie
1616 1012 1658 1046 de

184 1069 353 1116 Lynbren
370 1082 454 1114 quas
472 1068 569 1102 dedit
589 1066 768 1101 Robertus
789 1066 973 1101 Hertford.

157 1172 160 1192 ἔ
183 1180 421 1216 OMNIBUS
441 1179 566 1215 Christi
596 1178 755 1213 fidelibus
786 1184 857 1212 tam
886 1177 1102 1225 presentibus
1132 1192 1235 1224 quam
1266 1179 1392 1214 futuris
1424 1178 1660 1214 Maldovenus

182 1249 298 1271 comes
317 1237 359 1271 de
379 1236 546 1270 Levenax
564 1234 719 1269 salutem.
773 1234 895 1268 Sciatis
912 1247 968 1269 me
986 1233 1179 1269 coneeffifl'e
1208 1241 1242 1270 et
1270 1236 1334 1270 hac
1364 1241 1458 1270 carta
1485 1248 1563 1270 mea
1579 1249 1660 1270 con-

183 1291 331 1327 firmaffe
351 1292 431 1326 Deo
451 1297 485 1326 et
504 1291 641 1326 Salie'cis
659 1290 792 1325 ,Iacobo
812 1295 846 1324 et
866 1289 1001 1324 Mirino
1020 1291 1062 1325 de
1090 1289 1238 1325 Paffelet
1267 1296 1302 1326 et
1327 1291 1506 1325 monachis
1532 1291 1660 1326 ibidem

184 1350 264 1384 Deo
282 1348 509 1383 servientibus
528 1353 562 1382 et
581 1348 836 1394 imperpetuum
867 1345 1055 1387 servituris,
1087 1347 1124 1380 in
1142 1346 1297 1388 liberam,
1328 1360 1453 1394 puram
1479 1352 1514 1381 et
1539 1360 1660 1395 perpe-

182 1413 277 1440 tuam
297 1403 528 1444 elemosinam,
562 1403 788 1437 donationem
815 1402 909 1436 illam
928 1416 1030 1449 quam
1053 1403 1230 1438 Robertus
1250 1403 1422 1439 Hertford
1449 1404 1594 1439 clericus
1612 1405 1660 1439 eis

182 1462 263 1496 fecit
281 1461 364 1495 dum
383 1460 557 1494 laboraret
575 1460 610 1493 in
629 1459 804 1499 extremis,
831 1458 873 1492 de
892 1460 1079 1494 medietate
1095 1459 1237 1507 piscarie
1254 1473 1321 1507 que
1341 1460 1508 1507 Lynbren
1526 1473 1660 1495 nuncu-

181 1524 295 1564 patur,
328 1529 407 1551 cum
426 1522 501 1550 tota
526 1515 585 1549 illa
611 1520 704 1549 terra
731 1514 1003 1549 Dallenlenrath
1025 1528 1092 1562 que
1113 1516 1208 1563 jacet
1225 1517 1317 1551 inter
1335 1517 1464 1551 dietam
1481 1516 1657 1563 piscariam

183 1580 217 1608 et
235 1585 396 1619 magnam
417 1573 505 1606 viam
525 1570 641 1606 versus
662 1570 884 1610 Dunbertan,
915 1569 998 1605 ficut
1025 1572 1120 1606 illam
1139 1573 1187 1606 eis
1205 1572 1285 1606 dedi
1316 1578 1350 1606 et
1377 1571 1539 1618 affignavi
1557 1572 1594 1606 in
1612 1572 1659 1607 es-

183 1629 355 1663 cambium
373 1628 465 1662 illius
483 1640 562 1661 acre
581 1633 674 1661 terre
693 1638 795 1672 quam
815 1626 895 1660 dedi
909 1626 1068 1661 Roberto
1083 1627 1256 1662 Hertford
1273 1641 1351 1662 eum
1366 1628 1550 1662 medietate
1565 1628 1658 1662 dicite

182 1684 335 1733 piscarie.
389 1684 509 1724 Quare
524 1682 605 1717 volo
624 1688 659 1716 et
677 1682 832 1716 concedo
853 1688 891 1716 ut
908 1682 992 1717 dieti
1005 1683 1166 1717 monachi
1177 1683 1331 1718 totaliter
1350 1690 1384 1717 et
1401 1684 1536 1729 integre
1549 1684 1657 1718 dietas

183 1750 312 1776 terram
344 1746 378 1774 et
408 1738 587 1786 piscariam
605 1743 748 1772 teneant
775 1743 809 1771 et
836 1737 986 1772 habeant
1004 1740 1257 1787 imperpetuam
1287 1738 1507 1774 elemosinam
1525 1745 1596 1774 tam
1614 1753 1657 1774 ex

182 1797 371 1832 donatione
399 1808 477 1829 mea
503 1807 605 1840 quam
624 1794 901 1834 confirmatione,
921 1795 1127 1830 firmandam
1158 1802 1192 1831 et
1221 1796 1414 1831 faciendam
1441 1809 1484 1830 ex
1509 1802 1657 1842 utraque

182 1858 280 1900 parte
298 1864 385 1898 aque
405 1851 549 1897 Leveyn
567 1855 602 1884 et
619 1862 682 1896 per
712 1849 944 1884 transversum
962 1864 1049 1897 aque
1067 1850 1151 1886 ficut
1168 1852 1320 1886 viderint
1337 1851 1395 1886 fibi
1413 1851 1537 1886 melius
1555 1864 1657 1899 expe-

182 1911 256 1945 dire
273 1923 282 1952 ;
311 1921 390 1943 cum
407 1907 543 1954 pastura
570 1907 614 1940 ad
644 1906 727 1940 06³oe
746 1905 850 1940 boves
881 1912 915 1940 et
946 1907 1033 1941 duos
1052 1920 1158 1954 equos
1175 1909 1212 1942 in
1230 1914 1323 1943 terra
1348 1921 1425 1943 mea
1441 1908 1485 1943 de
1504 1908 1655 1943 Buchlul

181 1968 240 2002 ubi
257 1967 362 2001 fuerit
380 1966 428 2000 eis
445 1965 588 2006 utilius;
617 1968 652 1998 et
670 1975 750 1997 cum
768 1963 927 1997 libertate
945 1964 1104 2010 capiendi
1122 1969 1157 1998 et
1174 1964 1324 1998 habendi
1341 1969 1474 2011 petram
1494 1970 1528 1998 et
1545 1976 1655 1998 mere-

182 2026 290 2060 mium
308 2024 352 2058 ad
364 2023 608 2062 edificandum,
627 2027 661 2056 et
675 2021 838 2055 focalium
856 2021 901 2055 ad
919 2020 1195 2054 comburendum
1212 2021 1355 2054 interra
1367 2032 1445 2054 mea
1455 2019 1654 2066 ubicunque

182 2081 369 2115 voluerint.
398 2079 563 2113 Preterea
577 2078 656 2112 dedi
671 2075 797 2111 eisdem
812 2076 1016 2123 potestatem
1027 2075 1179 2123 piscandi
1196 2088 1258 2122 per
1276 2081 1389 2109 totum
1407 2075 1522 2109 lacum
1536 2088 1653 2110 meum

182 2138 223 2171 de
243 2136 365 2171 Leven
382 2134 451 2170 fine
470 2135 565 2169 omni
583 2133 846 2180 impedimento,
867 2144 946 2166 cum
958 2131 1117 2166 libertate
1129 2130 1275 2165 ficcandi
1292 2131 1379 2165 retia
1389 2130 1449 2164 sua
1460 2136 1494 2165 et
1504 2131 1652 2165 faciendi

182 2194 304 2227 domos
334 2198 368 2226 et
398 2191 563 2237 scaliugas
580 2188 806 2237 piscatoribus
822 2187 890 2222 suis
908 2194 979 2223 tam
1008 2188 1045 2222 in
1075 2186 1192 2221 insulis
1217 2187 1366 2234 prediffi
1384 2186 1478 2221 lacus
1495 2199 1598 2232 quam
1616 2187 1652 2220 in

180 2249 281 2283 terris
309 2249 393 2282 meis
424 2245 759 2293 circumjacentibus.
822 2243 902 2278 Hiis
929 2243 1079 2284 testibus,
1112 2243 1255 2277 domino
1286 2242 1439 2278 Waltero
1468 2241 1650 2277 senescallo

182 2304 307 2343 scotie,
330 2303 483 2337 Radulfo
502 2302 681 2349 capellano
695 2300 828 2335 domini
843 2299 962 2346 Regis,
985 2299 1177 2333 Malcolmo
1188 2298 1260 2333 filio
1275 2311 1365 2339 meo,
1386 2297 1534 2332 Amelec
1544 2297 1651 2332 fratre

180 2373 269 2401 meo,
292 2359 450 2394 Roberto
470 2357 726 2404 Mundgumry‚
760 2355 878 2390 Alano
898 2355 940 2391 de
960 2355 1088 2396 Insula,
1110 2354 1254 2401 Rogero
1271 2354 1344 2389 filio
1363 2353 1467 2401 Glay,
1489 2353 1650 2389 Galfrido
