1839 2652
747 226 818 261 DE
846 226 1114 262 PASSELET.
1602 234 1676 266 218

187 319 356 362 Marffell,
378 320 569 355 Humfrido
588 321 631 356 de
652 320 851 370 Kylpatrik‚
883 336 976 358 anno
994 324 1105 370 gratie
1124 322 1303 358 millesimo
1323 324 1559 362 ducentefimo
1578 328 1668 361 vice-

186 376 268 413 fimo
286 378 409 424 quinto
427 377 464 412 in
481 377 564 412 festo
584 377 703 413 Sancti
723 378 819 414 Petri
836 379 881 414 ad
898 379 1048 420 vincula,
1069 380 1162 427 apud
1181 377 1340 415 Paffelet.

187 545 295 580 Carta
312 544 454 593 piscarie
473 546 519 580 ad
536 557 646 581 unum
664 551 738 581 rete
756 547 793 581 in
811 560 899 593 aqua
917 548 960 582 de
980 547 1113 589 Leven,
1133 561 1196 596 per
1215 549 1474 585 Maldovenum
1503 551 1666 586 comitem

187 601 229 636 de
250 601 428 637 Levenax.

184 713 463 749 UNIVERSIS
483 713 609 748 Christi
635 713 795 748 fidelibus
813 720 884 748 tam
902 715 1118 761 prelentibus
1145 729 1248 761 quam
1274 718 1400 752 futuris
1429 717 1666 754 Maldovenus

182 782 298 804 comes
316 770 359 804 de
378 769 547 805 Levenax
563 768 719 804 salutem.
772 769 924 805 Noverit
941 770 1144 806 univerfitas
1162 772 1274 807 vestra
1291 786 1358 814 me,
1379 774 1496 809 divine
1515 776 1666 810 caritatis

181 826 323 866 intuitu,
342 838 407 872 pro
425 826 541 860 anima
558 826 649 872 regis
668 825 835 866 wilelmi,
856 831 889 861 et
908 839 972 873 pro
991 827 1172 862 animabus
1190 829 1296 875 patris
1315 830 1383 864 mei
1402 835 1436 864 et
1454 831 1574 865 matris
1588 844 1665 866 mee

181 887 216 916 et
233 881 391 916 omnium
409 880 662 917 antecefl‘orum
681 894 840 917 meorum
871 895 1011 917 necnon
1030 888 1064 917 et
1082 883 1252 918 heredum
1274 897 1446 926 meorum,
1475 885 1602 921 dediffe
1630 894 1666 922 et

179 935 372 973 conceffiffe
391 943 426 972 et
444 938 508 972 hac
524 937 677 985 presenti
695 943 790 972 carta
808 951 885 973 mea
903 937 1120 973 confirmaffe
1140 939 1222 974 Deo
1249 946 1284 975 et
1312 941 1449 976 Sanctis
1475 942 1609 977 Jacobo
1628 950 1663 977 et

180 993 315 1028 Mirino
330 994 373 1029 de
389 992 536 1028 Pafl'elet
554 999 589 1029 et
606 994 785 1028 monachis
804 994 933 1029 ibidem
948 994 1029 1029 Deo
1044 994 1284 1038 servientibus,
1298 996 1476 1044 piscariam
1491 999 1535 1033 ad
1551 1011 1663 1033 unum

177 1056 251 1085 rete
277 1050 314 1085 in
340 1063 429 1097 aqua
454 1063 533 1086 mea
550 1050 593 1085 de
612 1050 736 1086 Leven
760 1056 833 1085 tam
850 1048 983 1086 sursum
1009 1064 1113 1098 quam
1139 1052 1269 1088 fluctus
1294 1054 1399 1088 maris
1426 1053 1590 1096 ascendit,
1620 1057 1665 1089 ad

177 1107 300 1141 domus
317 1106 376 1141 sue
395 1107 577 1142 caritatem
595 1106 862 1148 sustentandam,
883 1107 920 1142 in
938 1107 1094 1149 liberam,
1115 1122 1239 1156 puram
1258 1115 1293 1145 et
1310 1116 1517 1158 perpetuam
1535 1112 1663 1147 elemo-

175 1162 293 1197 finam.
345 1163 512 1198 Preterea
528 1163 618 1211 ipsos
635 1163 826 1198 monachos
846 1168 880 1198 et
897 1163 1049 1211 ipsorum
1069 1165 1228 1201 homines
1246 1167 1283 1201 in
1301 1179 1379 1202 mea
1404 1167 1572 1214 potestate
1590 1174 1662 1203 tam

173 1232 236 1266 per
255 1232 350 1254 mare
368 1231 472 1266 quam
490 1233 553 1267 per
570 1220 911 1263 terrambvenientes,
933 1220 969 1254 in
987 1233 1064 1255 mea
1081 1222 1182 1256 firma
1199 1235 1283 1270 pace
1303 1228 1338 1258 et
1355 1225 1577 1271 protectione
1596 1224 1663 1259 sus-

174 1276 261 1322 cepi,
290 1276 452 1310 omnibus
468 1276 669 1311 hominibus
699 1276 784 1311 meis
814 1276 1003 1323 prohibens
1029 1289 1074 1312 ne
1100 1278 1249 1324 aliquam
1283 1279 1446 1326 injuriam
1474 1280 1522 1315 eis
1547 1281 1660 1315 facere

172 1330 384 1378 presumant,
415 1331 518 1380 super
545 1333 737 1380 plenariam
764 1345 877 1367 meam
896 1332 1166 1368 forisfacturam.
1221 1335 1302 1369 Hiis
1319 1335 1470 1377 testibus,
1500 1336 1659 1371 W'altero

173 1388 247 1422 filio
267 1388 377 1423 Alani
394 1388 579 1438 senescallo
601 1389 709 1435 Regis
728 1388 855 1429 Scotie,
888 1388 1059 1435 Dufgallo
1086 1395 1121 1424 et
1148 1390 1344 1426 RIalcolnio
1370 1392 1535 1427 fratribus
1560 1394 1656 1433 meis,

173 1443 374 1492 Gillescopo
394 1444 555 1486 Galbrat,
590 1445 747 1480 Rodrico
765 1445 871 1480 fratre
889 1445 961 1486 suo,
983 1445 1121 1480 Cristin'
1148 1452 1183 1481 et
1211 1447 1387 1483 Mordach
1403 1448 1484 1483 filiis
1503 1448 1653 1489 Perdam,

171 1499 336 1547 Fergufio
355 1501 428 1536 filio
447 1501 634 1549 Cnmyng’‚
655 1506 689 1536 et
707 1501 867 1548 pluribus
885 1501 972 1535 aliis.

172 1661 402 1696 Confirmatio
422 1662 620 1696 Alexandri
638 1663 741 1709 regis,
770 1662 812 1696 de
839 1662 1025 1697 medietate
1043 1662 1213 1709 piscature
1232 1664 1335 1698 unius
1348 1676 1438 1710 yar&
1465 1666 1502 1699 in
1529 1665 1653 1701 Leven

169 1718 262 1752 fafita
280 1717 441 1753 Roberto
462 1717 648 1753 Hertford.

171 1829 505 1864 ALEXANDER
525 1830 596 1864 Dei
608 1831 720 1876 gratia
733 1843 795 1865 rex
810 1830 1012 1865 Scottorum
1027 1831 1188 1865 omnibus
1201 1832 1318 1878 probis
1332 1832 1531 1868 hominibus
1546 1835 1653 1868 totius

169 1891 263 1920 terre
277 1885 336 1920 sue
349 1886 484 1920 clericis
503 1891 537 1920 et
555 1885 649 1920 laicis
666 1885 823 1921 salutem.
877 1886 995 1921 Sciant
1007 1887 1183 1934 presentes
1202 1893 1236 1922 et
1254 1888 1363 1923 futuri
1381 1902 1445 1923 nos
1459 1889 1653 1925 conceffifle

169 1947 203 1975 et
220 1942 285 1976 hac
302 1947 397 1976 carta
414 1941 531 1976 nostra
548 1940 764 1977 confirmaffe
783 1942 1009 1977 donationem
1028 1942 1123 1977 illam
1141 1956 1245 1989 quam
1280 1944 1518 1980 Maldovenus
1536 1959 1652 1981 comes

168 1998 211 2031 de
230 1997 398 2032 Levenax
417 1998 498 2032 fecit
518 1997 677 2032 Roberto
698 1998 896 2032 Herthford
914 1998 1053 2039 clerico,
1082 1999 1125 2033 de
1154 2000 1249 2033 omni
1276 2000 1462 2035 medietate
1479 2001 1650 2047 piscature

166 2053 270 2087 nnius
290 2065 382 2099 μανι]
400 2054 437 2087 in
455 2053 579 2088 Leven
597 2066 640 2087 ex
658 2053 819 2088 orientali
837 2059 935 2101 parte
954 2054 997 2088 de
1016 2054 1150 2095 Leven,
1180 2056 1279 2102 cujus
1310 2055 1457 2091 alteram
1484 2058 1652 2091 medieta-

167 2115 236 2143 tem
256 2109 418 2144 monachi
436 2109 479 2143 de
499 2107 646 2144 Paffelet
663 2114 785 2144 tenent
803 2110 846 2144 de
865 2110 961 2144 dieto
981 2109 1120 2145 Comite
1135 2116 1169 2145 et
1183 2111 1370 2145 heredibus
1388 2111 1478 2154 suis;
1508 2112 1648 2148 Tenen-

167 2166 245 2199 dam
263 2165 423 2212 predicto
444 2164 602 2199 Roberto
624 2165 797 2200 Hertford
815 2170 850 2200 et
866 2166 1053 2200 heredibus
1070 2165 1137 2200 suis
1156 2166 1198 2201 de
1217 2167 1313 2201 dieto
1341 2167 1481 2202 Comite
1500 2174 1534 2203 et
1552 2169 1650 2204 here-

166 2221 266 2255 dibus
283 2221 349 2255 suis
367 2221 636 2268 imperpetuum,
672 2233 751 2255 cum
769 2233 840 2256 una
856 2234 937 2256 acra
962 2227 1055 2256 terre
1073 2222 1316 2269 propinquiori
1335 2224 1430 2257 amni
1457 2224 1500 2259 de
1528 2225 1649 2261 Leven

165 2278 202 2312 in
226 2282 321 2312 terra
347 2275 526 2323 Seueglass
551 2277 644 2311 inter
663 2276 809 2312 Lochan
835 2282 870 2312 et
889 2277 1042 2318 Crakan,
1079 2278 1115 2312 in
1141 2277 1246 2313 feodo
1273 2285 1309 2314 et
1327 2279 1532 2322 hereditate,
1569 2295 1648 2316 cum
