1870 2683
208 268 278 299 350
620 262 935 299 REGISTRUM
963 263 1301 300 MONASTERII

212 361 322 395 endus
340 361 375 393 in
395 359 531 393 Christo
550 364 648 405 pater
666 371 705 393 ac
725 359 886 393 dominus
906 358 1085 394 Robertus
1103 359 1175 394 Dei
1206 366 1240 395 et
1268 360 1453 408 apostolice
1470 361 1556 396 sedis
1573 364 1686 409 gratia

213 417 390 464 episcopus
408 414 641 461 GlasguenfiS,
670 415 714 449 ob
732 415 918 450 amicitiam
938 415 1138 456 cordi-alem,
1159 416 1337 450 caritatem
1357 421 1391 450 et
1409 416 1634 452 dilect-ionem
1653 426 1687 452 et

213 473 280 507 alia
297 472 390 506 suam
409 471 655 518 paternitatem
673 471 861 511 moventia,
889 470 1003 518 palam
1022 469 1161 505 afferuit
1178 470 1342 517 suamque
1360 478 1513 507 mentem
1530 478 1571 507 ut
1587 474 1690 508 infra-

213 528 372 562 scribitur
386 527 544 574 exposuit
563 532 596 561 et
615 527 804 561 declaravit
821 526 855 562 se
873 532 1079 562 contentum
1094 526 1160 562 effe
1174 529 1269 574 quod
1280 528 1488 563 venerabilis
1505 529 1542 563 in
1554 528 1690 564 Christo

214 590 312 631 pater
330 583 509 630 Georgius
527 583 629 617 abbas
648 583 690 617 de
710 583 844 618 Passeto
863 589 898 618 et
916 583 1067 630 ejusdem
1086 584 1154 618 loci
1172 590 1377 626 conventus,
1398 585 1530 619 ordinis
1550 585 1691 620 Clunia-

215 639 330 680 ceiifiS‚
360 638 581 686 Glasguenfis
600 639 750 680 diocefis,
779 653 817 674 ac
836 640 940 674 etiam
958 639 1138 686 religiosus
1163 640 1216 674 vir
1243 640 1390 675 Colinus
1408 640 1511 675 abbas
1530 641 1572 675 de
1592 641 1693 676 Cors-

215 696 337 743 raguel
356 709 435 730 cum
454 695 541 730 cella
558 694 627 736 sua,
657 694 809 742 ejusdem
829 694 980 737 diocefis,
1007 697 1200 743 pertinenti
1219 697 1321 731 dietis
1340 696 1471 731 Abbati
1489 703 1524 732 et
1543 710 1693 732 conven-

216 755 278 794 tui,
307 767 347 787 ac
373 765 495 787 eorum
515 752 721 787 monasteria
739 758 774 787 et
792 753 869 787 loca
898 765 977 787 cum
1004 751 1072 787 suis
1101 752 1329 794 libertatibus,
1356 753 1635 788 immunitatibus
1661 762 1695 789 et

217 809 417 856 privilegiis,
445 807 611 843 universis
629 809 754 843 futuris
773 808 988 856 temporibus
1006 809 1225 856 integraliter
1255 815 1289 844 et
1315 810 1456 856 pacifice
1474 818 1696 845 remanerent

218 868 267 900 ita
283 865 402 906 libere,
431 865 547 911 quiete
566 870 600 899 et
618 864 811 899 honorifica
829 878 913 912 pace
930 864 1027 899 ficuti
1046 871 1204 912 tempore
1222 866 1408 900 recolende
1434 867 1602 901 memorie
1623 868 1696 900 An-

220 924 302 957 dree
331 922 415 956 olim
443 921 592 968 episcopi
612 920 835 968 Glasguenfis
864 927 898 955 et
926 921 1075 955 aliorum
1103 920 1383 968 predecessorum
1411 921 1553 956 suorum
1580 923 1697 969 priscis

218 978 435 1025 temporibus
453 977 706 1017 remanserunt,
734 976 865 1023 suisque
884 977 1084 1024 privilegiis,
1114 977 1390 1012 immunitatibus
1417 984 1451 1012 et
1481 978 1698 1013 libertatibus-

220 1033 324 1081 gavifi
342 1033 431 1074 sunt,
459 1046 532 1068 non
551 1033 762 1067 obstantibus
781 1033 882 1067 bullis
900 1033 1093 1080 apostolicis
1120 1039 1155 1068 et
1185 1033 1394 1080 proceffibus
1421 1035 1566 1082 desuper
1583 1035 1697 1069 fulmi-

221 1092 310 1125 natis
340 1089 480 1135 aliisque
505 1102 568 1136 per
596 1088 706 1136 ipsum
725 1089 960 1123 reverendum
990 1095 1126 1136 patrem
1153 1090 1406 1124 incontrarium
1436 1091 1571 1131 habitis,
1602 1098 1635 1125 et
1663 1093 1697 1124 in

224 1147 387 1182 Romana
405 1146 501 1180 curia
525 1158 588 1193 per
618 1145 770 1179 eundem
788 1145 991 1192 impetratiS‚
1018 1145 1120 1192 super
1149 1145 1281 1180 subsidii
1313 1146 1483 1181 caritativi
1513 1146 1696 1187 solutione,

223 1203 417 1238 vifitatione
437 1208 471 1237 et
488 1202 777 1249 procurationum
799 1201 982 1235 exactione
1014 1214 1052 1235 ac
1081 1201 1156 1235 aliis
1172 1202 1475 1248 impetrationibus
1493 1203 1698 1249 quibuscun-

222 1273 301 1306 que.
355 1258 631 1304 Quibusquidem
651 1256 953 1304 impetrationibus
979 1262 1013 1291 et
1043 1257 1146 1291 bullis
1164 1257 1325 1292 omnibus
1350 1270 1389 1292 ac
1407 1258 1615 1305 processibus
1643 1260 1698 1293 de-

221 1316 324 1363 super
354 1314 556 1354 sulminatis,
589 1314 625 1346 in
656 1318 825 1359 quantum
854 1313 1005 1360 prefatos
1022 1312 1194 1347 Abbatem
1226 1314 1268 1348 de
1298 1313 1431 1348 Passeto
1450 1320 1484 1349 et
1501 1314 1600 1349 suum
1619 1328 1699 1350 con-

222 1378 367 1406 ventum
386 1383 426 1405 ac
446 1370 623 1404 Abbatem
643 1370 686 1403 de
705 1368 926 1416 Corsragwel
945 1373 979 1403 et
997 1368 1091 1402 suam
1110 1369 1232 1403 cellam
1251 1370 1392 1416 prefatis
1420 1370 1550 1405 Abbati
1570 1376 1603 1405 et
1619 1384 1699 1405 con-

222 1429 346 1462 ventui
363 1427 598 1474 pertinentem
617 1438 657 1460 ac
674 1424 754 1460 suos
780 1423 986 1460 successores
1016 1437 1208 1471 eorumque
1238 1425 1315 1460 loca
1346 1431 1380 1460 et
1410 1426 1615 1460 monasteria
1641 1426 1700 1460 seu

223 1484 406 1532 privilegia
424 1483 556 1517 ordinis
576 1480 811 1516 Cluniacenfis
837 1494 876 1515 ac
907 1481 1150 1527 dirigationem
1170 1482 1363 1516 eorundem
1381 1482 1608 1528 quovismodo
1626 1490 1700 1516 tan-

224 1553 306 1587 gere
325 1540 541 1578 viderentur,
571 1538 663 1572 idem
693 1538 908 1572 reverendus
935 1544 1033 1583 pater
1066 1537 1245 1571 Robertus
1271 1538 1447 1584 episcopus
1466 1538 1697 1584 Glasguenfis‚

225 1611 268 1631 ex
285 1598 345 1630 sua
362 1608 459 1630 mera
475 1593 684 1628 liberalitate
703 1599 737 1627 et
754 1606 818 1640 pro
837 1593 929 1626 bono
948 1593 1040 1639 pacis
1067 1599 1101 1627 et
1127 1594 1325 1634 concordie,
1354 1592 1507 1640 expreffe
1526 1600 1559 1628 et
1578 1595 1700 1628 volun-

226 1654 312 1688 tarie
331 1650 550 1686 renunciavit
566 1664 575 1691 3
603 1649 825 1696 protestando
844 1655 961 1683 tamen
980 1649 1072 1695 quod
1093 1649 1186 1683 dioffe
1204 1649 1262 1683 sue
1276 1649 1368 1683 bulle
1387 1654 1421 1683 et
1439 1650 1700 1696 impetrationes

226 1723 295 1756 quo
314 1709 358 1743 ad
375 1707 461 1741 alios
479 1706 570 1740 salve
597 1712 631 1739 et
658 1704 752 1739 illese
770 1718 809 1739 ac
838 1706 873 1738 in
904 1704 964 1739 suo
992 1705 1118 1739 robore
1136 1710 1394 1751 permanerent.
1447 1705 1559 1752 Super
1577 1707 1700 1752 quibus

227 1765 388 1801 omnibus
407 1770 440 1798 et
458 1762 599 1809 lingulis
617 1762 732 1796 dictus
750 1762 962 1796 venerabilis
981 1766 1079 1808 pater
1098 1761 1276 1807 Georgius
1294 1761 1397 1795 abbas
1415 1761 1457 1796 de
1476 1761 1622 1802 Passeto,
1636 1776 1699 1809 pro

226 1823 258 1856 se
279 1829 313 1856 et
331 1820 390 1855 suo
410 1825 588 1854 conventu
605 1831 644 1852 ac
663 1818 758 1852 dicto
779 1817 917 1851 Abbate
937 1818 979 1851 de
999 1816 1218 1863 Corsragwel
1238 1823 1272 1851 et
1289 1817 1348 1850 sua
1366 1817 1463 1857 cella,
1485 1830 1505 1850 a
1522 1817 1622 1851 nobis
1640 1830 1700 1851 no-

226 1878 321 1912 tariis
339 1875 485 1923 publicis
503 1874 726 1920 infrascriptis
744 1874 842 1920 petiit
860 1873 917 1906 fibi
937 1873 1012 1906 fieri
1030 1886 1139 1906 unum
1155 1878 1189 1906 et
1207 1873 1307 1919 plura
1323 1872 1500 1919 publicum
1516 1879 1549 1907 et
1563 1874 1701 1920 publica

226 1933 494 1968 instrumentum
513 1935 547 1964 et
565 1929 802 1963 instrumenta.
855 1929 951 1963 Aeta
969 1934 1068 1963 erant
1088 1929 1150 1963 hec
1170 1930 1202 1962 in
1223 1928 1362 1963 ecclelia
1380 1928 1593 1975 Ghsguenfi,
1621 1930 1699 1965 loco

228 1988 408 2036 capitulari
428 1985 592 2033 ejusdem,
608 1986 695 2019 hora
712 1985 747 2018 xi
759 1990 839 2018 ante
853 1985 1034 2018 meridiem
1050 1984 1107 2018 vel
1122 1985 1266 2024 eocirca,
1285 1984 1344 2018 sub
1358 1998 1463 2025 anno,
1484 1986 1550 2025 die,
1571 1985 1696 2026 mense,

227 2045 420 2080 indictione
452 2047 486 2076 et
516 2041 723 2088 pontificatu
753 2040 877 2087 quibus
906 2039 1009 2087 fiipra
1024 2055 1033 2082 ;
1063 2039 1279 2087 presentibus
1297 2040 1426 2074 ibidem
1445 2041 1699 2076 venerabilibus

229 2108 262 2136 et
289 2098 545 2145 circumspefflfis
574 2097 657 2131 viris
687 2096 854 2143 magistris
884 2096 906 2131 J
910 2096 1047 2130 ohanne
1080 2096 1259 2130 Crechton
1289 2102 1507 2143 precentore,
1541 2096 1698 2131 Mai-tino

227 2158 364 2191 VVaune
383 2154 601 2194 cancellario,
621 2153 786 2188 Gilberto
806 2152 918 2186 Rerik
935 2152 1190 2192 archidiacono,
1209 2152 1359 2186 Patricio
1379 2152 1514 2198 Leythe
1532 2154 1699 2187 canonico

228 2226 266 2246 ac
293 2211 430 2246 officiali
457 2207 661 2256 Glasguenfi
679 2215 714 2244 et
734 2209 887 2244 Ricardo
906 2206 1051 2254 Gybson
1070 2208 1208 2242 notario
1226 2208 1377 2254 publicO‚
1407 2208 1545 2242 testibus
1563 2209 1606 2243 ad
1624 2222 1699 2255 pre-

230 2266 324 2302 mifl'a
340 2267 470 2301 vocatis
489 2266 618 2313 pariter
637 2272 671 2300 et
688 2266 829 2312 rogatis.

326 2322 371 2356 Et
400 2335 465 2367 ego
483 2322 505 2357 J
508 2322 662 2356 ohannes
682 2321 859 2356 Aurifabri
889 2321 1015 2355 artium
1043 2319 1212 2365 magister,
1245 2320 1279 2353 in
1311 2320 1458 2354 decretis
1486 2320 1697 2359 bacallarius,
