1839 2652
170 289 241 322 150
582 285 897 322 REGISTRUM
924 285 1263 324 MONASTERII

173 382 215 416 de
235 381 380 417 Paffelet
398 386 433 416 et
451 381 603 428 ejusdem
621 382 689 416 loci
707 387 903 417 conventus
921 395 964 417 ex
981 395 1063 424 una,
1083 388 1118 418 et
1135 384 1262 418 nobilis
1279 383 1333 418 vir
1350 383 1529 420 Johannes
1544 385 1646 423 Law-

172 438 281 472 mund
300 437 342 471 de
361 437 496 477 eodem,
516 437 671 483 partibus
689 437 731 471 ab
749 437 869 478 altera,
889 438 925 472 in
942 451 1052 473 unum
1065 445 1105 474 ut
1119 439 1369 475 infrascribitur
1387 442 1645 484 convenientes,

172 492 400 540 personaliter
417 492 603 533 constituti,
624 493 715 527 inter
732 507 817 540 quas
834 495 995 540 equidem
1025 501 1142 542 partes
1173 496 1306 530 dudum
1324 496 1557 543 superioribus
1574 483 1645 534 die*-

172 549 246 589 bus,
279 547 454 583 occafione
474 548 566 595 juris
590 555 795 596 patronatus
813 549 951 585 ecclefie
971 551 1091 586 Sancti
1122 551 1247 586 Finani
1280 552 1323 586 de
1353 552 1521 587 Killenan
1539 553 1648 601 Erga·

173 603 294 639 dienfis
313 603 464 645 diocefis,
485 605 605 651 vigore
618 605 861 641 commistionis
880 612 914 641 et
931 607 1129 655 transcripti
1143 608 1319 655 apostolici
1331 609 1511 643 nonnullis
1522 609 1649 656 judici·

173 661 236 695 bus
255 660 422 706 delegatis
441 661 576 701 directi,
607 667 643 696 et
660 675 722 709 per
739 661 850 709 ipsum
868 663 1069 699 Johannem
1088 677 1108 698 a
1126 663 1204 699 sede
1221 664 1407 711 apostolica
1425 664 1571 712 desuper
1586 666 1649 700 im-

173 719 311 766 petrati,
332 718 373 752 lis
390 719 556 765 quamdiu
575 719 754 765 agebatur,
776 725 811 754 et
828 720 959 766 questio
985 721 1067 754 inde
1085 719 1226 754 suborta
1242 721 1413 767 penderet
1429 720 1590 762 indecisa,
1609 735 1650 756 ac

174 775 353 810 nonnullis
365 775 514 821 juribus,
535 775 802 822 allegationibus
821 782 855 810 et
872 777 1065 811 rationibus
1082 777 1219 811 vallatis
1237 776 1361 822 quibus
1378 776 1447 824 ipse
1465 782 1580 824 partes
1597 779 1649 812 uti

176 837 210 866 et
227 831 260 866 se
278 831 370 865 tueri
388 831 520 866 vellent
539 831 619 865 hinc
638 832 719 865 inde
737 845 800 878 per
817 831 903 879 ipsas
931 838 1047 880 partes
1076 833 1113 866 in
1134 832 1269 879 judicio
1287 833 1383 879 prius
1402 833 1586 876 exhibitis;
1615 839 1650 868 et

170 889 243 935 jam
262 900 357 922 nunc
374 893 489 934 partes
507 887 704 934 hujusmodi
722 889 765 922 ad
784 889 1035 935 experiendum
1063 889 1099 923 in
1121 889 1256 936 judicio
1275 901 1392 923 coram
1411 889 1513 923 ditffis
1525 889 1652 936 judici-

176 944 240 979 bus
259 944 425 989 delegatis
444 943 615 978 efficacius
633 942 665 977 se
683 943 893 979 instruerent
908 959 918 987 ;
947 945 1109 980 Tandem
1127 944 1317 992 prelibatus
1334 945 1370 979 in
1386 945 1521 980 Christo
1538 952 1650 993 pater,

177 1000 221 1034 ad
249 1000 449 1047 sopiendam
482 1005 516 1034 et
545 1000 800 1033 terminandam
829 1000 1053 1048 prescriptam
1083 999 1259 1035 subortam
1283 1000 1496 1047 questionem
1527 1001 1653 1048 absque

178 1056 321 1103 strepitu
333 1056 468 1103 judicii,
495 1068 540 1090 ne
558 1056 627 1103 ipse
645 1062 761 1103 partes
780 1057 935 1091 difficiles
961 1056 994 1091 se
1024 1057 1061 1090 in
1086 1055 1253 1103 premiflis
1270 1057 1457 1091 reddentes
1474 1057 1652 1093 laboribus

179 1113 294 1146 nimiis
313 1118 347 1146 et
365 1110 518 1158 expenfis
537 1112 778 1158 fatigarentur,
807 1118 842 1146 et
871 1113 1028 1147 noxiales
1059 1113 1253 1147 differentie
1272 1113 1363 1146 inter
1392 1112 1438 1152 se,
1465 1125 1505 1147 ac
1533 1113 1653 1159 gravia

178 1167 469 1214 subsequerentur
486 1167 614 1207 sutura,
644 1180 765 1201 omnes
783 1174 818 1202 et
847 1167 995 1214 singulas
1013 1169 1155 1209 litteras,
1184 1175 1305 1209 cartas,
1334 1168 1562 1208 munimenta,
1593 1169 1653 1203 do-

179 1226 350 1265 nationes,
378 1223 610 1259 conceffiones
642 1230 676 1259 et
706 1224 853 1272 desuper
871 1225 1154 1259 confirmationes
1171 1224 1358 1271 prescripte
1377 1222 1514 1258 ecclefie
1534 1224 1653 1258 Sancti

181 1282 305 1316 Finani
329 1282 372 1315 de
400 1281 600 1321 Ksslenane,
628 1293 691 1327 per
718 1281 864 1315 colende
893 1281 1062 1315 memorie
1092 1278 1321 1314 antecessores
1349 1285 1383 1313 et
1411 1280 1654 1326 progenitores

180 1338 304 1385 prefati
322 1337 495 1373 Johannis
514 1336 724 1377 Lawmund,
746 1336 878 1370 Abbati
896 1342 931 1371 et
961 1336 1151 1370 conventui
1178 1335 1221 1369 de
1241 1334 1387 1369 Pafl'elet
1413 1348 1477 1382 pro
1495 1340 1656 1382 tempore

182 1393 403 1428 existentibus
422 1393 503 1426 Deo
522 1391 750 1426 servientibus
768 1398 803 1426 et
830 1393 1087 1439 imperpetuum
1108 1390 1297 1430 servituris,
1317 1390 1353 1424 in
1370 1390 1510 1425 laudem
1530 1390 1601 1426 Dei
1619 1397 1654 1426 et

182 1450 502 1496 augmentationem
522 1449 629 1482 divini
648 1450 773 1489 cultus,
795 1449 901 1489 datas,
930 1449 1040 1482 faistas
1071 1453 1105 1481 et
1136 1446 1318 1486 conceffaffi
1347 1460 1387 1481 ac
1405 1446 1550 1493 desuper
1568 1460 1656 1481 non-

182 1506 361 1541 nullorum
392 1505 607 1539 sacrosancte
627 1505 789 1540 Romane
808 1504 945 1540 ecclefie
972 1503 1185 1537 summorum
1215 1502 1433 1549 pontificum,
1463 1502 1655 1536 ordinario·

181 1575 260 1597 rum
279 1561 529 1609 episcoporum,
559 1574 599 1594 ac
630 1561 830 1594 inclitorum
863 1566 897 1595 et
926 1560 1108 1594 illustrium
1129 1559 1312 1593 Scotorum
1332 1570 1454 1604 regum
1473 1558 1656 1592 confirma-

182 1620 296 1653 tiones
315 1618 425 1663 regias
444 1622 479 1650 et
496 1616 696 1663 apostolicas
714 1622 749 1650 et
767 1616 985 1663 episcopales,
1004 1615 1139 1662 prefato
1158 1614 1312 1649 Johanni
1331 1613 1539 1653 Lawmund,
1559 1613 1603 1647 ad
1621 1613 1656 1648 se

184 1673 385 1709 avitandum
404 1678 439 1706 et
456 1671 715 1705 informandum
735 1672 916 1712 efficacius,
933 1672 975 1705 ad
992 1669 1247 1716 extinguendas
1264 1669 1342 1703 lites
1360 1674 1394 1703 et
1412 1669 1657 1703 contentiones

184 1736 224 1766 ut
241 1729 468 1777 premittitur,
491 1734 528 1762 ut
546 1740 628 1762 vere
647 1728 741 1774 pacis
756 1734 903 1767 amator,
924 1726 1080 1761 exhibuit
1099 1731 1133 1759 et
1152 1724 1299 1759 ostendit
1316 1737 1324 1758 :
1351 1724 1476 1770 quibus
1494 1724 1657 1759 omnibus

184 1786 259 1822 vifis
278 1791 312 1820 et
330 1785 373 1819 ad
400 1785 544 1831 plenum
572 1784 770 1824 intellectis,
799 1789 936 1818 matura
966 1788 1000 1817 et
1030 1780 1167 1828 degesta
1184 1780 1435 1815 deliberatione
1463 1780 1654 1827 preliabita,

187 1842 326 1878 confilio
340 1840 599 1875 honorabilium
618 1840 811 1886 peritorum
826 1840 1018 1873 amicorum
1034 1837 1174 1872 suorum
1188 1835 1368 1870 subsecuto
1381 1841 1416 1870 et
1429 1835 1558 1876 habito,
1575 1848 1657 1870 con-

184 1898 344 1935 fideravit
362 1897 454 1931 idem
472 1895 652 1931 Johannes
672 1895 881 1935 Lawmund,
909 1895 1063 1942 plenarie
1080 1892 1318 1941 perpendebat
1336 1897 1371 1926 et
1402 1892 1606 1938 recognovit
1623 1891 1658 1927 se

187 1962 222 1991 et
238 1954 317 1990 suos
334 1953 480 1988 heredes
497 1952 540 1986 ad
552 1951 611 1999 jus
628 1956 834 1998 patronatus
852 1951 944 1985 dieze
976 1949 1113 1985 ecclesie
1145 1949 1265 1984 Sancti
1295 1948 1419 1982 Finani
1447 1947 1585 1982 nullum
1597 1947 1657 1994 jus

189 2013 317 2048 habere
334 2015 395 2044 aut
413 2008 561 2054 aliquale
581 2008 671 2055 juris
689 2007 861 2042 clameum
878 2007 935 2042 vel
953 2004 1113 2041 intereffe
1139 2005 1281 2051 aliquod
1310 2004 1354 2038 ad
1384 2004 1419 2037 id
1446 2003 1657 2051 pretendere

187 2070 243 2105 vel
262 2072 460 2114 competere
478 2063 594 2112 pofl'e;
622 2064 717 2098 unde
745 2063 814 2110 ipse
832 2063 1022 2103 Johannes‚
1042 2060 1210 2107 nusquam
1237 2061 1506 2099 circumventus,
1533 2058 1593 2093 sed
1617 2064 1657 2094 ut

188 2127 237 2160 fas
254 2124 301 2159 est
318 2122 460 2158 credere
478 2121 533 2168 pie
553 2126 587 2155 et
605 2119 787 2154 salubriter
804 2119 1000 2165 recogitans
1018 2124 1053 2152 et
1070 2122 1187 2152 mente
1206 2116 1391 2151 revolvens
1408 2128 1511 2162 quam
1529 2114 1657 2162 nepha-

187 2182 278 2215 rium
297 2179 335 2214 fit
352 2180 467 2213 minus
479 2177 568 2225 juste
587 2177 658 2211 Dei
675 2175 791 2211 servos
808 2175 983 2209 laboribus
1002 2179 1036 2209 et
1054 2172 1208 2221 expensis
1225 2173 1382 2219 fatigare,
1413 2177 1474 2206 aut
1491 2171 1574 2205 alias
1590 2169 1657 2204 suis

185 2236 281 2283 justis
299 2233 556 2282 poffeffionibus
573 2231 731 2280 spoliare,
751 2244 847 2266 mera
863 2229 923 2265 sua
946 2236 981 2266 et
1006 2229 1198 2278 spontanea
1213 2229 1408 2268 voluntate,
1436 2227 1488 2261 liti
1507 2231 1541 2261 et
1559 2225 1657 2260 cause

190 2290 388 2338 hujusmodi
416 2290 508 2324 inter
533 2287 642 2336 ipsum
668 2293 703 2323 et
728 2287 936 2335 prescriptos
955 2287 1129 2321 Abbatem
1161 2290 1196 2320 et
1225 2289 1450 2324 conventum,
1482 2280 1658 2317 occasione

186 2347 275 2395 juris
292 2351 494 2393 patronatus
513 2346 606 2380 dicte
631 2343 768 2380 ecclefie
795 2350 836 2379 ut
865 2343 1078 2392 premittitur
1096 2341 1211 2383 motis,
1239 2352 1319 2376 cum
1347 2338 1487 2386 singulis
1515 2336 1583 2372 suis
1601 2336 1658 2372 de-
