1870 2683
768 267 841 302 DE
868 266 1137 302 PASSELET.
1624 273 1694 307 3125)

210 368 308 398 erant
321 363 507 404 constituti,
524 363 566 398 ab
581 364 629 398 eis
641 369 800 399 extentas
813 362 1033 399 ecclesiarum
1048 369 1083 399 et
1099 363 1312 412 capellarum
1320 364 1458 399 suarum
1473 377 1557 411 quas
1571 365 1606 399 in
1620 366 1691 400 dio-

209 418 552 467 cefiGlasguenfiipfi
560 420 709 468 religiosi
719 421 888 455 tenebant
902 426 936 455 et
950 418 1165 468 possidebant
1176 420 1236 455 sub
1250 433 1371 455 eorum
1379 420 1583 467 juramento
1597 427 1690 468 pete-

208 476 278 517 bat,
286 482 327 511 ut
339 477 381 511 de
393 476 745 512 fruffibusdfflarum
754 476 972 512 ecclesiarum
980 475 1046 511 five
1058 476 1282 524 capellarum,
1292 477 1335 511 ad
1347 476 1528 511 subfidium
1543 478 1585 512 de
1598 478 1692 513 (116ὶο

209 532 332 568 diocesi
345 546 410 580 pro
422 532 594 568 solutione
609 546 746 568 camere
760 534 945 581 apostolice
960 534 1128 574 debitum,
1142 540 1250 581 prout
1268 535 1425 570 mistores
1437 541 1472 570 et
1483 536 1601 570 vicarii
1619 542 1690 570 tani

208 588 357 636 religiofi
371 601 473 635 quain
487 587 657 624 seculares
670 589 712 624 de
724 589 901 624 beneficiis
915 588 1142 624 ecclesiasticis
1156 592 1272 636 quein
1285 591 1379 625 diffisa
1392 591 1516 626 diocesi
1530 593 1690 639 optinent

208 645 448 686 contribuunt,
476 645 524 679 ita
554 644 611 692 ipfi
644 645 891 688 contribuant;
920 645 964 680 ad
981 645 1077 690 quod
1096 645 1341 691 juramentum
1359 646 1524 681 dixerunt
1554 646 1587 681 se
1618 660 1689 681 non

207 701 319 736 teneri
337 713 402 735 nec
421 701 508 748 [ad]
526 700 614 735 illud
631 700 854 748 prestandum
871 713 934 748 per
951 699 1062 747 ipsum
1083 700 1294 748 Episcopum
1320 701 1414 749 poffe
1433 704 1592 744 coartari,
1625 716 1689 750 pro

208 769 250 791 00
268 757 363 803 quod
381 763 481 792 erant
496 757 538 791 de
551 757 676 791 ordine
696 756 917 791 Cluniacenfi
935 762 970 791 et
981 756 1077 802 quod
1095 756 1182 791 ordo
1200 758 1259 792 ille
1280 758 1516 793 Cluniacenfis
1530 773 1608 794 cum
1624 760 1690 795 suis

207 812 381 853 membris,
410 812 508 860 cujus
526 825 637 847 unum
656 812 689 847 se
708 810 774 847 effe
793 813 954 847 dicebant
981 818 1015 846 et
1040 812 1249 854 clamabant,
1279 814 1482 860 quibusdam
1500 816 1690 862 privilegiis

205 869 386 916 papalibus
404 875 439 904 et
456 869 530 903 aliis
548 870 584 903 in
602 874 740 903 tantum
759 869 806 904 est
824 874 1007 916 exemptus
1020 869 1116 914 quod
1133 869 1177 903 ad
1192 869 1276 904 talia
1288 870 1492 916 juramenta
1508 871 1689 918 prestanda

206 938 269 972 per
286 925 375 972 ipsos
393 925 593 960 diocesanos
611 926 689 972 cogi
707 938 781 960 non
798 924 909 973 poffet
926 937 991 959 nec
1006 924 1161 966 deberet,
1189 932 1297 973 prout
1315 926 1375 973 ipfi
1391 928 1503 974 parati
1521 935 1622 963 erant
1640 929 1689 962 os-

205 981 352 1016 tendere
368 996 378 1025 ;
410 982 565 1029 prefatus
596 982 689 1016 enim
709 980 901 1029 Episcopus
931 981 1031 1015 illum
1062 982 1401 1028 quintumdecimum
1433 985 1525 1019 diem
1556 986 1689 1032 prefate

206 1036 329 1073 menfis
347 1043 382 1073 et
400 1038 483 1072 anni
501 1051 570 1084 quo
589 1038 633 1072 ad
651 1038 833 1085 privilegia
861 1038 922 1072 sua
950 1037 1007 1072 fibi
1035 1038 1249 1074 ostendenda
1266 1040 1367 1074 duxit
1384 1039 1623 1087 affignandum
1650 1049 1690 1076 ut

206 1095 371 1130 dixerunt
385 1095 420 1128 in
434 1094 569 1141 prefata
584 1093 790 1141 Glasguenfi
805 1092 955 1128 ecclesia.
985 1094 1124 1136 Quibus
1137 1095 1192 1130 die
1204 1101 1240 1131 et
1252 1096 1331 1131 loco
1345 1097 1495 1143 quedam
1506 1098 1689 1145 privilegia

206 1158 240 1186 et
258 1152 498 1198 exemptiones
509 1158 548 1185 ut
563 1151 646 1184 mihi
661 1150 774 1197 prima
791 1150 877 1185 faeie
891 1150 1075 1185 videbatur
1094 1151 1332 1193 ostenderunt,
1352 1166 1420 1200 que
1438 1154 1530 1188 idem
1550 1154 1688 1201 Episco-

204 1221 269 1255 pus
286 1207 424 1255 publice
442 1207 576 1254 perlegi
594 1207 686 1247 fecit,
716 1212 751 1241 et
781 1207 880 1254 copie
910 1207 1105 1242 eorundem
1133 1220 1242 1255 penes
1269 1209 1420 1243 eundem
1441 1209 1651 1257 Episcopum
1669 1224 1689 1244 a

204 1264 345 1311 prefatis
359 1261 524 1310 religiosis
536 1263 663 1298 tradite
682 1263 935 1298 remanserunt.
985 1263 1089 1298 Tunc
1107 1264 1372 1311 prenominatus
1392 1265 1582 1313 Episcopus
1601 1267 1687 1301 dixit

203 1320 298 1366 quod
315 1319 417 1367 super
435 1319 501 1353 illis
519 1319 632 1353 voluit
650 1319 780 1353 avisare
795 1325 830 1354 et
848 1319 1042 1354 deliberare
1056 1326 1090 1355 et
1104 1326 1210 1368 prout
1222 1321 1353 1368 justum
1369 1321 1451 1357 effet
1464 1323 1686 1370 respondere.

205 1376 351 1423 Insuper
370 1375 427 1423 ipfi
447 1375 596 1422 religiofi
615 1375 781 1410 dixerunt
799 1376 893 1422 quod
914 1376 1080 1411 Decanus
1100 1377 1142 1411 de
1164 1377 1318 1425 Ruglen,
1352 1379 1445 1413 diffie
1465 1379 1687 1426 Glasguenfis

202 1431 353 1472 dioeefis,
373 1432 520 1472 fructus,
540 1431 698 1466 redditus
717 1431 937 1467 ecclefiarum
955 1432 1093 1467 suarum
1113 1446 1197 1480 quas
1227 1434 1263 1468 in
1295 1435 1390 1470 difito
1410 1435 1581 1470 decanatu
1600 1438 1687 1483 opti-

202 1494 367 1529 nuerunt,
389 1489 518 1522 virtute
535 1488 712 1535 cujusdam
726 1488 842 1523 littere
854 1489 896 1523 ab
910 1489 979 1536 ipso
996 1489 1167 1536 Episcopo
1187 1497 1383 1532 emanente,
1404 1491 1683 1538 sequestraverat,

202 1545 299 1592 cujus
318 1545 434 1579 littere
453 1545 588 1592 copiam
610 1544 652 1578 ab
670 1544 742 1591 ipso
762 1544 909 1579 Decano
928 1545 1093 1580 dixerunt
1108 1546 1140 1580 ie
1154 1545 1309 1593 petivifl'e
1322 1546 1378 1582 sed
1398 1561 1470 1582 non
1489 1548 1683 1595 optiliuiffe,

200 1607 344 1649 propter
372 1601 467 1648 quod
498 1601 634 1648 copiam
664 1600 781 1635 littere
811 1602 945 1648 prefate
976 1602 1024 1636 eis
1055 1603 1145 1636 tradi
1176 1603 1405 1650 postularunt.
1458 1604 1685 1640 Prenomina-

200 1664 256 1693 tus
285 1663 371 1692 tunc
401 1657 593 1706 Episcopus
625 1657 712 1691 dixit
741 1658 835 1703 quod
855 1658 970 1705 copias
988 1659 1253 1705 privilegiorum
1272 1658 1414 1694 suorum
1440 1673 1503 1707 per
1521 1662 1610 1708 ipsos
1627 1661 1684 1695 fibi

200 1715 343 1749 traditas
361 1720 500 1749 maturo
519 1714 659 1749 volebat
687 1714 892 1755 deliberare,
921 1721 956 1749 et
984 1716 1021 1749 in
1047 1714 1124 1750 casu
1155 1729 1224 1762 quo
1253 1715 1342 1763 ipsos
1370 1723 1550 1763 exemptos
1580 1725 1684 1764 prout

200 1769 266 1805 effe
285 1771 317 1805 se
336 1771 497 1805 dicebant
514 1783 577 1817 per
595 1770 779 1817 privilegia
805 1771 864 1805 sua
889 1771 1074 1811 inveniret,
1104 1772 1233 1806 dietam
1252 1771 1556 1818 sequestrationem
1575 1774 1684 1808 relax-

200 1832 286 1867 aret,
319 1832 354 1860 et
385 1825 473 1873 ipsos
502 1826 651 1860 ulterius
669 1827 729 1861 ubi
747 1833 919 1872 quatenus
944 1827 1027 1874 jura
1054 1828 1300 1874 permitterent
1318 1841 1391 1863 non
1410 1829 1618 1871 molestaret,
1651 1838 1683 1865 et

200 1882 284 1917 ficut
303 1883 402 1930 copia
417 1882 507 1916 illius
521 1882 638 1916 littere
656 1895 730 1917 non
749 1884 959 1930 indigerent.
996 1884 1255 1918 Nichilonlinus
1274 1890 1390 1919 tamen
1404 1885 1505 1933 super
1516 1887 1684 1933 petitione

200 1940 298 1987 copie
318 1939 410 1973 (1ίᾶὶο
430 1938 705 1985 sequestrationis
732 1953 752 1973 a
783 1953 838 1974 me
856 1940 1033 1987 publicum
1051 1941 1229 1987 petierunt
1256 1941 1535 1977 instrumentum.
1589 1944 1684 1978 Acta

200 1996 278 2030 sunt
297 1995 360 2029 hec
378 2007 483 2034 auno,
512 1995 579 2034 die,
608 1995 735 2035 mense,
764 1996 969 2036 indictione,
997 1997 1204 2043 pontificatu
1236 2003 1270 2031 et
1301 1998 1380 2031 loco
1398 1998 1575 2044 predkff’tis,
1608 2012 1684 2046 pre-

200 2051 352 2087 sentibus
370 2049 660 2085 reverendiffimis
679 2052 762 2086 viris
781 2058 815 2086 et
833 2051 986 2086 discretis
1018 2052 1186 2099 magistris
1217 2059 1251 2087 et
1283 2053 1433 2087 dominis
1455 2054 1619 2090 Michaeli
1640 2057 1683 2090 de

202 2106 408 2142 Monimqu
438 2107 581 2147 decano,
610 2107 774 2142 Johanne
805 2108 847 2142 de
880 2107 1005 2148 Peblis‚
1039 2108 1203 2143 Johanne
1235 2109 1278 2143 de
1308 2109 1491 2156 Lindelay,
1520 2110 1683 2146 Johanne

200 2164 332 2204 Loche,
362 2163 528 2197 lVilelmo
548 2163 590 2197 de
616 2163 792 2203 BotheuiL
823 2164 997 2198 canonicis
1030 2163 1311 2210 Glafiguenfibus‚
1344 2165 1501 2211 Rogerio
1522 2166 1682 2202 Gerland

201 2220 339 2255 re&ore
354 2218 492 2253 ecclefie
512 2219 554 2253 de
575 2218 762 2265 Eglissiam‚
784 2219 877 2253 dicte
897 2218 1118 2266 Glasguenfis
1137 2219 1287 2260 diocefis,
1310 2226 1344 2254 et
1356 2221 1475 2255 multis
1493 2222 1567 2257 aliis
1585 2223 1683 2258 cleri—

201 2278 247 2311 cis
266 2282 300 2311 et
318 2276 424 2310 laicis.

298 2332 345 2367 Et
363 2345 429 2379 ego
448 2331 641 2367 Nicholaus
660 2332 702 2367 de
723 2332 826 2367 Burri
847 2332 991 2366 clericus
1008 2330 1229 2378 Glasguenfis
1242 2333 1392 2375 diocefis,
1412 2334 1571 2381 publicus
1589 2337 1682 2383 apos-

911 2391 932 2421 Q
952 2400 973 2422 T
