1870 2683
196 281 265 316 326
595 275 910 312 REGISTRUM
940 274 1279 310 MONASTERII

204 379 246 413 de
267 374 412 412 Pafl'elet
429 387 492 422 per
509 372 741 421 provifionem
760 378 794 408 et
813 373 1070 407 ordinationem
1089 372 1231 406 illorum
1251 369 1476 405 observetur:
1504 384 1582 419 pars
1600 384 1685 406 vero

204 433 357 469 refiliens
386 431 430 465 ad
460 429 671 465 solutionem
689 429 930 476 predictarum
947 435 1089 463 eentum
1108 428 1276 463 librarum
1303 427 1480 462 tenebitur
1497 428 1587 475 parti
1605 440 1687 462 con-

206 489 332 524 sentire
363 487 508 521 volenti.
562 485 607 520 In
638 485 736 532 cujus
766 485 818 519 rei
847 484 1082 520 testimonium
1102 497 1167 531 ego
1187 483 1373 519 Wilelmus
1391 483 1571 531 episcopus
1589 483 1689 519 Glas-

207 543 341 593 guenfis
360 544 440 578 huic
458 542 585 590 scripto
603 541 752 589 figillum
770 554 889 576 meum
907 540 1062 589 apposui,
1086 547 1121 575 et
1139 553 1204 587 ego
1224 539 1409 575 VVilelmus
1427 540 1531 575 abbas
1549 540 1592 574 de
1612 539 1690 574 Pas-

208 603 292 637 selet
310 600 458 647 sigillum
477 611 596 634 meum
614 599 791 646 privatum
820 597 962 645 apposui
991 604 1026 633 et
1057 598 1099 632 de
1130 596 1375 631 ratihabitione
1405 602 1600 631 conventus
1626 609 1690 643 pro

211 658 372 706 predicta
389 668 480 703 pena
496 662 567 690 tam
587 653 783 702 fidejuffore
802 667 864 702 per
884 654 930 688 R.
950 654 1168 702 capellanum
1188 654 1321 688 domini
1336 653 1446 700 Regis
1464 660 1498 688 et
1511 654 1693 688 dominum

212 714 412 760 Philippum
431 712 474 746 de
494 711 647 746 Perthee
667 718 701 746 et
721 710 926 745 'Wilelmum
945 710 1128 757 personam
1148 710 1190 744 de
1212 709 1369 757 lrelkyn.

215 893 365 928 Taxatio
384 891 641 939 procurationis
655 890 884 925 confirmatur
896 902 959 936 per
977 888 1168 935 capitulum
1181 894 1215 922 et
1231 888 1418 922 Decanum
1430 887 1693 934 Glasguensem.

217 1005 497 1041 UNIVERSIS
517 1003 642 1039 Christi
660 1003 822 1037 fidelibus
839 1009 909 1036 tam
928 1001 1145 1048 presentibus
1159 1013 1262 1047 quam
1275 1001 1403 1036 futuris
1418 1000 1529 1047 Hugo
1544 1001 1697 1035 decanus

217 1069 252 1097 et
269 1062 462 1110 capitulum
480 1059 695 1107 Glasguense
727 1065 884 1094 eternam
902 1059 938 1092 in
958 1057 1116 1092 Domino
1134 1057 1290 1092 salutem.
1343 1056 1569 1093 Univerfitati
1587 1058 1696 1092 vestre

215 1119 379 1153 volumus
397 1115 463 1152 effe
482 1122 607 1151 notum
625 1116 720 1162 quod
739 1115 822 1149 olim
842 1120 919 1148 orta
938 1113 984 1148 est
1003 1115 1183 1148 contentio
1201 1115 1294 1148 inter
1307 1114 1543 1149 venerabilem
1561 1120 1695 1161 patrem

216 1175 372 1210 nostrum
391 1174 589 1208 Walterum
608 1170 805 1219 episcopum
825 1169 1078 1216 Glasguensem
1096 1183 1140 1205 ex
1168 1177 1267 1217 parte
1293 1183 1374 1211 una,
1404 1176 1438 1205 et
1462 1171 1637 1205 Abbatem
1664 1178 1698 1205 et

220 1236 433 1267 conventum
452 1229 650 1264 monasterii
681 1229 724 1263 de
755 1226 902 1262 Paffelet
931 1240 973 1261 ex
1001 1227 1121 1267 altera,
1149 1227 1249 1274 super
1279 1227 1586 1274 procurationibus
1615 1228 1701 1262 reci„

219 1288 356 1336 piendis
374 1287 416 1321 de
435 1285 581 1321 ecclefiis
612 1297 696 1331 quas
723 1284 815 1318 idem
834 1283 1081 1318 monasterium
1100 1283 1235 1318 obtinet
1263 1284 1299 1317 in
1328 1282 1451 1318 dioeefi
1471 1283 1699 1330 Glasguenfi3

221 1344 383 1379 Tandem
397 1343 439 1377 de
454 1342 632 1388 utriusque
651 1341 758 1388 partis
776 1340 959 1374 voluntate
979 1345 1013 1374 et
1031 1340 1074 1374 de
1093 1339 1209 1374 nostro
1227 1339 1369 1381 affensu,
1386 1341 1429 1374 ad
1443 1353 1563 1388 pacem
1581 1353 1705 1388 perpe-

219 1408 317 1436 tuam
334 1401 427 1434 inter
444 1398 595 1433 nostram
614 1395 789 1432 eccleliam
808 1402 843 1431 et
860 1397 952 1431 idem
971 1396 1218 1432 monasterium
1236 1396 1506 1437 reformandam,
1527 1398 1563 1431 in
1582 1396 1704 1431 discre-

223 1463 277 1491 tos
294 1457 388 1490 viros
406 1454 607 1502 magistrum
628 1453 823 1500 Hugonem
851 1453 1135 1488 archidiaconum
1168 1459 1202 1488 et
1234 1453 1433 1488 Robertum
1460 1460 1704 1501 precentorem

224 1512 487 1560 Glasguensem,
508 1511 690 1545 dominum
711 1509 905 1544 Radulfum
925 1510 1059 1544 domini
1078 1510 1188 1557 Regis
1202 1510 1321 1545 Scotie
1340 1510 1570 1557 capellanum,
1586 1511 1707 1557 magis-

224 1576 318 1604 trum
339 1568 548 1603 Cristianum
567 1567 731 1601 clericum
753 1571 787 1600 et
806 1565 1007 1612 Philippum
1034 1567 1077 1600 de
1109 1566 1257 1600 Perthec
1287 1567 1462 1601 rectorem
1495 1566 1632 1601 ecclefie
1664 1567 1707 1601 de

229 1624 445 1670 Ruthirglen
472 1624 538 1657 fuit
567 1622 795 1657 amicabiliter
826 1620 1119 1669 compromissum,
1156 1628 1195 1656 ut
1226 1630 1336 1656 certas
1363 1624 1629 1670 procurationes
1665 1624 1707 1657 de

228 1681 382 1728 ejusdem
400 1679 598 1714 monasterii
617 1677 774 1718 eccleliis,
795 1676 944 1724 pensatis
963 1691 1081 1713 earum
1111 1679 1344 1720 facultatibus,
1375 1680 1523 1726 provida
1541 1680 1709 1715 delibera-

229 1741 326 1774 tione
344 1744 463 1773 taxare
493 1750 533 1771 ac
564 1735 739 1770 moderari
758 1733 951 1777 deberent3
980 1734 1038 1780 qui
1069 1735 1112 1769 ad
1143 1735 1290 1769 eandem
1308 1736 1523 1770 taxationem
1540 1735 1626 1772 ficut
1643 1738 1709 1771 viri

228 1795 367 1843 providi
397 1793 638 1841 procedentes,
667 1791 932 1838 procurationes
960 1790 1046 1838 ipsas
1075 1804 1153 1825 cum
1185 1792 1335 1826 maxima
1362 1792 1542 1838 diligentia
1571 1799 1710 1828 taxave-

230 1858 314 1886 runt
330 1864 339 1885 2
367 1862 471 1896 quam
490 1849 703 1883 taxationem
723 1847 758 1881 111
777 1845 916 1881 ecclefia
936 1847 978 1881 de
998 1846 1113 1881 Peblis
1130 1860 1193 1894 per
1212 1861 1271 1882 eos
1285 1848 1539 1884 rationabiliter
1556 1851 1710 1896 promul-

231 1914 348 1954 gatam
367 1912 402 1940 et
420 1906 456 1939 in
474 1904 606 1952 scriptis
621 1904 799 1938 redaecam
812 1909 960 1949 utraque
978 1916 1058 1950 pars
1075 1904 1268 1950 acceptavit
1287 1910 1321 1938 et
1338 1910 1510 1951 perpetuo
1528 1911 1639 1940 ratam
1654 1907 1711 1940 ha-

232 1965 316 1998 bere
334 1960 500 2010 promifit.
552 1960 628 1994 Nos
646 1966 764 1994 autem
782 1960 998 1994 taxationem
1017 1965 1052 1994 et
1069 1960 1347 1995 moderationem
1366 1961 1471 2008 ipsam
1489 1962 1635 2009 provide
1649 1975 1711 2009 per

235 2033 294 2055 eos
305 2020 433 2054 factam
449 2023 484 2052 et
497 2017 540 2052 ab
557 2022 706 2063 utraque
720 2021 819 2063 parte
833 2016 940 2062 gratis
958 2022 1135 2063 receptam
1150 2022 1185 2051 et
1201 2016 1352 2051 fideliter
1371 2018 1609 2065 approbatam,
1628 2017 1712 2053 ficut

236 2076 375 2123 plenius
393 2074 595 2109 continetur
612 2074 649 2107 in
667 2073 846 2107 autentico
864 2072 1094 2107 instrumento
1106 2086 1168 2120 per
1187 2072 1324 2108 eosdem
1343 2079 1519 2109 taxatores
1537 2075 1710 2115 confecto,

238 2134 293 2167 cui
310 2131 458 2179 figillum
476 2129 632 2165 nostrum
655 2135 821 2175 tanquam
848 2129 1096 2164 auctoritatem
1113 2129 1303 2176 prestantes
1320 2131 1449 2178 apponi
1466 2131 1622 2171 fecimus,
1641 2138 1711 2165 tam

237 2203 301 2236 pro
321 2187 460 2224 ecclesia
477 2185 684 2233 Glasguenfi
701 2199 805 2233 quam
822 2199 886 2234 pro
905 2186 1005 2220 no'bis
1023 2191 1057 2220 et
1084 2184 1330 2221 filccefforibus
1348 2186 1471 2221 nostris
1487 2186 1638 2234 presenti
1655 2200 1713 2234 pa-

238 2246 320 2291 gina
337 2245 595 2279 confirmamus,
649 2243 709 2277 Ad
727 2243 826 2290 cujus
844 2243 894 2277 rei
920 2247 1125 2290 perpetuam
1153 2242 1352 2278 firmitatem
1384 2243 1474 2278 hanc
1500 2243 1615 2277 nostre
1633 2255 1713 2277 con-

240 2300 395 2336 ceflionis
414 2307 448 2335 et
466 2300 741 2335 confirmationis
758 2305 889 2334 cartam
919 2297 1028 2346 figillo
1048 2298 1189 2345 capituli
1207 2298 1313 2332 nostri
1330 2299 1476 2334 fecimus
1493 2298 1711 2334 communiri.

244 2358 324 2392 Hiis
357 2356 507 2397 testibus,
549 2357 692 2391 domino
729 2355 886 2390 VValtero
921 2354 1080 2402 episcopo
1116 2354 1331 2401 Glalguenfi,
1367 2355 1527 2401 magistro
1557 2354 1714 2400 Hugone
