1839 2652
735 259 805 293 DE
834 259 1103 295 PASSELET.
1594 267 1661 308 167

174 355 248 401 ejus
265 352 466 400 poffidebat,
496 359 532 389 et
558 354 653 401 quod
670 354 787 389 totalis
805 361 900 391 terra
917 356 1056 392 ecclesie
1075 356 1182 392 divisa
1199 364 1273 394 erat
1300 360 1335 394 in
1361 366 1513 407 quatuor
1531 367 1658 409 parteS,

172 422 320 457 quarum
339 422 445 444 unam
463 415 598 457 partem
617 411 733 445 dietus
752 411 849 446 Beda
867 413 1007 448 Ferdan
1032 412 1190 461 possedit,
1221 421 1256 449 et
1286 421 1357 450 tres
1387 417 1445 451 alii
1476 423 1547 452 tres
1577 418 1660 452 alias

172 472 288 514 partes
305 480 455 513 quorum
473 467 620 513 quilibet
637 468 780 502 nomine
799 468 937 504 ecclefie
956 470 1187 517 respondebat
1206 471 1396 519 hospitibus
1414 474 1506 509 inter
1523 473 1557 509 se
1572 475 1658 509 divi-

172 522 223 557 fis.
277 522 475 569 Requifitus
504 524 548 557 de
579 529 748 570 tempore,
779 524 862 559 dicit
880 527 973 571 quod
992 527 1172 574 plusquam
1199 529 1430 576 quadraginta
1455 531 1538 565 anni
1557 531 1659 579 elapsi

172 578 262 619 sunt,
282 580 362 625 quia
380 579 507 613 ibidem
526 579 680 613 nutritus
698 579 745 613 est
761 579 803 613 ab
821 581 977 616 infantia.
1031 583 1277 631 Interrogatus
1295 598 1362 631 que
1380 586 1446 621 alie
1471 593 1565 621 terre
1583 600 1660 634 per-

173 635 287 670 tinent
304 636 347 670 ad
366 635 552 676 ecclefiam,
585 635 668 669 dicit
699 636 794 682 quod
813 636 1071 680 Cochmanach,
1104 640 1317 683 FimbeLach,
1350 642 1591 684 Edinbernan,
1624 649 1658 678 et

173 690 465 738 Craguentalach,
498 697 533 725 et
562 691 710 737 quedam
742 691 808 725 alie
835 697 928 727 terre
955 707 1039 740 quas
1070 695 1261 741 Dufgallus
1278 697 1370 731 filius
1397 697 1546 733 Comitis
1564 712 1660 734 nunc

172 752 280 782 tenet.
334 747 523 794 Dufgallus
541 747 632 781 filius
651 746 799 781 Comitis
811 747 951 794 juratus
970 750 1053 785 dicit
1070 751 1163 785 idem
1181 765 1244 798 per
1263 753 1381 787 omnia
1395 755 1490 800 quod
1502 754 1658 790 Thomas

172 802 302 838 Gafloel
321 808 356 837 et
373 803 499 850 adjecit
516 803 611 848 quod
630 803 725 837 dieta
752 809 846 838 terra
865 805 907 838 de
928 804 1270 842 Monachkennaran
1289 813 1323 842 et
1341 809 1460 855 plures
1479 810 1545 845 alie
1564 817 1658 846 terre

171 872 234 906 per
252 860 429 894 defectum
447 864 482 893 et
499 859 749 905 negligentiam
769 859 870 906 ipsius
896 873 916 894 a
942 861 1036 895 dieta
1054 861 1194 897 ecclesia
1220 864 1365 898 fuerunt
1383 865 1544 907 alienate,
1577 868 1659 913 quia

171 916 286 950 noluit
303 921 438 962 patrem
456 915 512 949 vel
530 915 674 949 fratrem
692 914 792 949 suum
813 915 866 949 vel
885 923 1048 962 parentes
1065 917 1144 952 suos
1165 919 1354 954 offendere.
1409 921 1655 956 SECUNDA

170 971 359 1018 produfifio
377 971 513 1006 testium
532 984 594 1018 per
614 971 791 1006 Abbatem
819 977 853 1006 et
880 972 1109 1008 Conventum
1140 975 1182 1009 de
1214 974 1362 1010 Pafl'elct
1381 982 1504 1011 contra
1522 978 1657 1012 dictum

172 1027 374 1062 Gilbertuin
393 1027 504 1061 filium
527 1027 708 1067 Samuelis,
729 1028 784 1061 dic
802 1026 930 1062 sabbati
948 1030 1108 1076 proxima
1125 1031 1200 1077 post
1216 1031 1337 1066 festum
1354 1032 1474 1067 53116ὶί
1495 1033 1655 1075 Martini,

170 1084 207 1117 in
224 1084 434 1131 parrochiali
452 1083 591 1118 ecclefia
621 1084 663 1118 de
697 1083 782 1124 Are,
811 1097 904 1118 anno
931 1084 1142 1132 supradicto.
1197 1087 1411 1123 Malcolinus
1432 1089 1508 1136 Beg
1518 1091 1658 1137 juratus

171 1140 254 1174 dicit
272 1140 367 1186 quod
384 1140 471 1174 vidit
491 1139 623 1174 Bedam
643 1140 781 1174 Ferdan
801 1140 987 1175 habentem
1008 1143 1152 1177 domum
1170 1142 1264 1178 suani
1283 1144 1378 1179 fitam
1404 1146 1509 1192 juxta
1527 1147 1657 1182 cimite-

170 1197 262 1230 rium
289 1195 427 1231 ecclesie
456 1196 499 1230 de
532 1196 723 1243 Kylpatrik
754 1210 797 1231 ex
826 1197 987 1232 orientali
1004 1205 1115 1246 parte,
1148 1206 1184 1235 et
1212 1202 1327 1236 tenuit
1355 1203 1499 1237 nomine
1517 1203 1656 1238 ecclefie

170 1252 266 1287 illam
284 1258 414 1287 terram
445 1252 488 1286 de
520 1251 862 1287 RIonachkennaraii
893 1266 996 1299 quani
1028 1255 1212 1291 Gilbertus
1241 1257 1334 1291 filius
1361 1258 1532 1294 Samuelis
1551 1260 1656 1294 modo

170 1314 279 1349 tenet,
311 1314 346 1343 et
363 1321 427 1355 pro
447 1309 542 1343 dieta
559 1314 654 1342 terra
672 1314 706 1342 et
724 1309 799 1343 aliis
817 1322 901 1355 quas
919 1310 1061 1345 tenebat
1079 1312 1122 1346 de
1142 1311 1281 1347 ecclesia
1299 1314 1487 1361 recipiebat
1505 1314 1655 1362 hospites

170 1365 214 1400 ad
232 1364 406 1400 ecclefiam
425 1365 617 1405 venientes,
650 1365 788 1399 nullum
809 1366 904 1400 aliud
922 1365 1100 1402 servitium
1127 1368 1286 1404 faciendo
1304 1383 1369 1416 pro
1388 1371 1446 1405 eis.
1502 1370 1657 1418 Requisi-

170 1429 226 1458 tus
257 1423 293 1456 in
321 1428 480 1470 tempore
511 1422 610 1469 cujus
640 1422 789 1457 Comitis
820 1423 886 1457 hoc
904 1423 1002 1464 vidit,
1035 1424 1117 1459 dicit
1147 1425 1242 1471 quod
1273 1426 1309 1459 in
1339 1431 1499 1474 tempore
1520 1428 1655 1463 Alwini

170 1480 317 1520 comitis,
337 1485 372 1514 et
390 1479 484 1526 quod
502 1479 595 1514 idem
615 1479 743 1514 Comes
762 1480 858 1514 dedit
877 1480 1008 1514 Sancto
1028 1480 1180 1515 Patricio
1199 1487 1233 1516 et
1252 1482 1392 1517 ecclesie
1411 1483 1506 1518 illam
1525 1490 1656 1518 terram

170 1535 212 1570 de
233 1535 474 1571 Kachconnen
493 1549 596 1582 quam
615 1536 684 1583 ipse
705 1535 918 1570 Malcolmus
936 1537 1053 1584 postea
1070 1538 1185 1571 tenuit
1200 1543 1235 1572 et
1246 1539 1404 1574 vendidit
1422 1552 1484 1587 pre
1503 1541 1653 1584 timore3

169 1597 204 1626 et
223 1592 305 1627 dicit
323 1593 419 1639 quod
436 1605 557 1627 omnes
575 1598 668 1627 terre
688 1591 826 1627 ecclesie
844 1606 928 1638 quas
947 1594 1062 1628 dictus
1082 1594 1180 1628 Beda
1197 1595 1312 1629 tenuit
1338 1600 1373 1630 et
1403 1608 1488 1642 quas
1507 1596 1657 1643 Dufgal-

169 1648 223 1683 lus
241 1654 276 1683 et
293 1649 351 1683 alii
369 1649 475 1683 modo
493 1654 626 1689 tenent,
659 1648 766 1683 libere
796 1653 831 1682 et
857 1649 973 1695 quiete
1003 1656 1103 1684 erant
1120 1650 1163 1684 ab
1182 1651 1278 1684 omni
1297 1652 1484 1699 temporali
1502 1652 1653 1693 servitio,

170 1710 205 1740 et
222 1706 317 1751 quod
334 1706 493 1740 homines
511 1707 548 1740 in
565 1706 632 1740 illis
650 1706 752 1740 terris
770 1711 952 1741 manentes
979 1712 1013 1741 et
1042 1706 1237 1741 habitantes
1257 1707 1384 1742 defenfi
1403 1714 1503 1742 erant
1521 1708 1656 1756 semper

168 1776 232 1810 per
250 1762 426 1798 ecclefiam
457 1768 493 1798 et
523 1763 560 1797 111
590 1763 687 1797 curia
717 1762 855 1797 ecclesie
885 1769 1007 1797 contra
1026 1775 1158 1797 01111165.
1212 1763 1356 1798 Anekol
1381 1763 1532 1811 juratus,
1562 1765 1655 1799 idem

171 1820 253 1854 dicit
271 1832 333 1866 per
351 1820 469 1854 omnia
486 1820 581 1866 quod
600 1819 813 1853 Malcolmus
833 1819 919 1865 Beg,
953 1826 987 1853 et
1017 1819 1143 1866 adjecit
1161 1819 1256 1866 quod
1274 1833 1391 1854 comes
1409 1820 1531 1855 Dauid
1548 1821 1655 1855 frater

170 1877 261 1922 regis
282 1876 445 1917 Wilelmi‚
466 1889 508 1910 eo
527 1882 685 1923 tempore
703 1889 772 1922 quo
792 1875 912 1910 habuit
931 1875 1136 1910 comitatum
1155 1876 1197 1910 de
1230 1875 1399 1911 Levenax
1429 1882 1464 1911 et
1494 1875 1652 1924 poffiedit,

170 1932 283 1966 voluit
301 1933 343 1966 de
363 1932 465 1966 dietis
481 1932 584 1966 terris
603 1931 741 1966 ecclesie
760 1932 803 1966 de
825 1931 1012 1979 Kylpatrik
1033 1931 1161 1966 habere
1179 1932 1348 1966 auxilium
1366 1931 1451 1967 ficut
1469 1933 1512 1968 de
1531 1934 1654 1967 ceteris

170 1988 272 2022 terris
290 1989 485 2028 comitatus,
517 1993 553 2022 et
582 2001 655 2022 non
683 1988 798 2034 potuit
828 1988 909 2034 quia
939 1986 1077 2021 defense
1104 1993 1204 2022 erant
1221 2001 1284 2035 pei·
1302 1987 1488 2022 ecclesiam.
1542 1988 1653 2023 Gilon

165 2043 315 2089 juratus,
344 2044 437 2078 idem
456 2044 538 2078 dicit
568 2056 630 2090 pei·
657 2044 774 2078 onmia
800 2044 895 2089 quod
914 2043 1128 2078 hlalcolmus
1148 2043 1233 2090 Beg.
1286 2044 1477 2078 Gilbethoc
1500 2044 1651 2091 juratus,

171 2099 361 2133 concordat
388 2099 424 2132 in
455 2099 616 2133 omnibus
634 2112 713 2133 cuni
734 2099 928 2133 hlalcolino
960 2105 994 2133 et
1026 2099 1176 2138 Anecol‚
1208 2105 1242 2133 et
1272 2099 1399 2146 adjecit
1426 2101 1521 2146 quod
1539 2101 1654 2136 dietus

174 2154 270 2188 Beda
288 2154 494 2188 interfectus
513 2160 587 2188 erat
605 2167 668 2201 pro
690 2154 772 2201 jure
804 2160 839 2188 et
869 2155 1029 2189 libertate
1058 2153 1207 2189 ecclesie.
1261 2155 1394 2201 Fergus
1412 2157 1502 2190 filius
1522 2157 1655 2204 Cunig-

171 2211 248 2244 ham
263 2210 414 2257 juratus,
435 2209 626 2243 concordat
644 2222 723 2243 cum
741 2209 931 2244 Gilbetlioc
949 2211 985 2244 in
1004 2210 1176 2244 omnibus.
1231 2210 1388 2245 Hilarius
1400 2212 1550 2259 juratus,
1571 2213 1654 2248 dicit

171 2267 264 2301 idem
282 2279 344 2313 per
363 2266 480 2300 onmia
506 2265 601 2311 quod
628 2265 762 2311 Pergus
790 2271 824 2299 et
855 2265 1056 2300 Gilbethoc.
1110 2265 1254 2300 Nemias
1278 2266 1429 2314 juratus,
1459 2269 1551 2303 idem
1571 2270 1653 2304 dicit

170 2335 233 2369 per
251 2323 369 2358 omnia
385 2322 480 2369 quod
499 2321 649 2362 Anecol‚
670 2327 704 2356 et
730 2321 857 2368 adjecit
875 2322 918 2356 de
936 2327 1106 2369 tempore,
1135 2323 1230 2369 quod
1248 2324 1500 2372 quinquaginta
1517 2326 1599 2361 anni
1619 2333 1651 2361 et
