1870 2683
783 271 854 306 DE
886 271 1156 308 PASSELET.
1645 283 1718 321 427

237 366 282 401 d'e
301 365 449 401 Paffelet
475 371 511 401 et
538 366 612 413 ejus
630 365 808 402 confilium
827 368 1090 403 rationabilibus
1114 369 1290 416 judicatis,
1318 370 1424 418 ipsam
1452 371 1718 418 resignationem

236 423 380 457 liberam
399 428 433 457 et
450 421 675 470 spontaneam
695 424 730 457 in
749 424 910 459 manibus
927 423 994 459 suis
1011 423 1054 459 fic
1070 425 1198 460 saetam
1226 427 1368 474 recepit,
1398 426 1507 474 ipsum
1537 428 1718 464 dominum

240 478 422 525 Rogerum
441 479 483 513 ab
502 478 574 526 ipso
601 479 715 514 officio
742 480 873 515 abbatis
893 481 935 515 de
955 480 1179 527 Crosragmol
1209 487 1294 517 tunc
1324 484 1464 529 penitus
1493 483 1717 524 absolvendo,

238 533 314 581 ipfis
331 534 510 568 monachis
537 535 622 569 dieti
640 535 837 570 monasterii
865 536 908 570 de
937 536 1162 583 Crosragmol
1190 538 1347 584 precepit
1377 544 1417 572 ut
1447 539 1598 585 aliquem
1626 540 1717 575 diem

238 594 373 624 certum
390 603 455 637 pro
471 590 593 625 futuro
611 591 745 637 pastore
764 593 811 625 eis
831 592 994 638 eligendo
1013 593 1104 627 inter
1122 591 1155 627 se
1184 593 1384 634 statuerent,
1418 607 1462 629 ne
1493 595 1633 630 ecclefia
1658 597 1718 631 diu

239 645 443 680 vidueretur
470 646 604 693 pastore
623 647 659 681 in
676 645 921 693 spiritualibus,
944 653 979 682 et
997 649 1072 693 [in]
1090 650 1341 695 temporalibus
1359 651 1513 697 patiatur
1531 652 1718 687 detrimen-

237 706 325 736 tum.
379 702 474 736 Aeta
507 702 586 737 sunt
621 704 685 737 hec
716 716 821 744 anno,
851 705 917 744 die,
946 702 1074 743 mense,
1103 704 1307 745 indietione,
1336 706 1543 752 pontificatu
1573 713 1609 742 et
1638 708 1717 742 loco

236 758 427 804 predi<ffis3
458 758 678 793 Presentibus
697 758 860 805 religiosis
878 760 960 794 viris
992 764 1026 793 et
1057 759 1217 800 dominis,
1247 760 1367 794 Alano
1395 763 1567 797 monacho
1585 763 1719 798 monas·

237 813 316 848 terii
334 814 377 848 de
397 813 556 855 Paffelet,
585 814 751 848 WVilelmo
770 820 804 849 et
823 814 997 849 Nicholao
1016 814 1195 849 monachis
1214 816 1408 850 monasterii
1429 818 1472 852 de
1492 818 1717 865 Crosragmol

237 882 277 903 ac
294 869 447 904 discretis
466 869 548 903 viris
566 875 600 904 et
619 870 769 904 dominis
790 870 954 904 lVilelmo
975 869 1122 910 Adison,
1154 870 1301 916 Rogero
1321 871 1493 913 Garland,
1521 874 1718 909 rectoribus

236 923 456 959 ecelesiarum
475 925 518 959 de
537 924 674 960 Luffet
692 925 735 960 de
755 925 942 971 Eglflham,
972 924 1194 971 Glasguenfis
1222 926 1372 968 diocefis‚
1402 934 1437 962 et
1466 929 1541 964 aliis
1571 930 1614 964 ad
1641 943 1718 977 pre-

236 978 332 1017 mifl'a
348 981 480 1015 vocatis
498 986 533 1015 et
549 979 742 1027 specialiter
760 981 903 1027 rogatis.

333 1035 381 1070 Et
415 1048 481 1082 ego
512 1036 718 1070 Nicholaius
747 1037 790 1070 de
822 1036 921 1070 Burn
953 1036 1099 1071 clericus
1130 1036 1351 1083 Glasguenfis
1379 1039 1530 1081 diocefis,
1558 1041 1717 1088 publicus

331 1091 518 1138 apostolica
535 1092 746 1128 aufitoritate
764 1092 934 1133 notarius,
962 1091 1129 1138 premissis
1148 1093 1242 1128 dicte
1260 1094 1377 1129 littere
1395 1095 1541 1138 lecture,
1570 1097 1717 1144 refigna-

331 1148 431 1187 tioni,
441 1147 577 1182 testium
590 1148 783 1194 receptioni
798 1154 832 1183 et
847 1148 921 1182 aliis
935 1147 1151 1195 proutsupra
1162 1147 1361 1184 scribuntur
1375 1156 1409 1185 et
1420 1152 1623 1194 recitantur,
1632 1166 1716 1189 una—

333 1215 411 1238 cum
431 1203 684 1249 prenominatis
702 1203 844 1238 testibus
861 1204 1000 1250 presens
1018 1204 1174 1245 interfui,
1203 1218 1312 1252 eaque
1329 1205 1373 1241 fic
1391 1207 1466 1241 fieri
1484 1209 1567 1250 vidi,
1586 1210 1714 1250 audivi,

334 1263 370 1294 et
386 1258 613 1293 interlineare
631 1259 756 1293 horum
782 1260 1047 1300 vocabulorum,
1068 1264 1155 1294 tunc
1174 1266 1208 1295 et
1222 1261 1368 1303 abbatis,
1397 1262 1606 1299 insertorum
1625 1266 1717 1301 inter

332 1314 441 1349 lineas
460 1314 629 1349 decimam
649 1315 810 1350 ofitavam
830 1320 864 1349 et
883 1315 1052 1349 decimam
1081 1328 1211 1351 nonam
1240 1323 1275 1351 et
1304 1317 1498 1353 vicefimam
1516 1321 1655 1355 tertiam
1682 1327 1717 1356 et

332 1368 527 1405 vicesimam
562 1375 722 1416 quartam
752 1371 920 1418 approbo,
949 1371 1030 1417 quia
1059 1370 1130 1417 ipsa.
1157 1384 1263 1407 manu
1290 1374 1433 1421 propria
1460 1373 1599 1422 scripfi3
1637 1376 1716 1411 ideo

332 1424 473 1472 presens
491 1425 759 1460 instrumentum
779 1439 885 1460 manu
903 1427 1044 1473 propria
1061 1426 1174 1474 scripfi
1192 1434 1227 1462 et
1251 1428 1347 1475 figno
1366 1443 1445 1465 meo
1463 1431 1564 1466 solito
1582 1438 1617 1466 et
1635 1445 1716 1467 con-

332 1479 431 1516 sueto
448 1480 578 1528 fignavi
596 1487 749 1528 rogatus,
769 1482 805 1516 in
823 1482 928 1517 fidem
947 1487 982 1517 et
999 1482 1233 1518 testimonium
1252 1483 1505 1531 premifl'orum.

238 1649 471 1685 Confirmatio
491 1648 688 1684 Alexandri
706 1650 797 1695 regis
816 1649 943 1690 Scotie,
964 1650 1006 1684 de
1024 1650 1135 1685 tribus
1154 1650 1300 1686 ecclefiis
1319 1653 1362 1688 de
1379 1653 1527 1701 Karryc,
1551 1656 1714 1691 videlicet

236 1706 280 1741 de
299 1705 476 1746 Tornbir',
497 1705 540 1739 de
559 1705 729 1740 Stratton’
758 1711 793 1739 et
822 1705 865 1739 de
896 1705 1147 1748 Dalmakeran‚
1177 1713 1214 1744 et
1244 1708 1287 1743 de
1315 1709 1505 1745 donatione
1536 1712 1713 1748 denariate

237 1767 331 1797 terre
349 1761 392 1795 de
412 1760 647 1808 Crosragmol,
675 1766 709 1796 et
727 1761 770 1795 de
789 1761 947 1795 Sutblan'
965 1762 1002 1796 in
1021 1762 1167 1798 Carrek.

242 1872 575 1907 ALEXANDER
603 1872 674 1913 Dei
690 1874 803 1920 gratia
820 1885 883 1907 rex
901 1873 1087 1909 Scotorum
1115 1876 1276 1912 omnibus
1301 1878 1418 1924 probis
1447 1879 1646 1915 hominibus
1664 1886 1715 1915 to-

239 1929 308 1963 tius
326 1934 419 1962 terre
437 1926 495 1962 sue
513 1927 669 1963 salutem.
722 1928 841 1963 Sciant
870 1928 1046 1975 presentes
1073 1936 1109 1965 et
1137 1931 1247 1966 futuri
1276 1945 1340 1966 nos
1370 1933 1563 1968 concessiffe
1590 1941 1624 1969 et
1651 1936 1714 1970 hac

238 1990 334 2019 carta
350 1984 466 2018 nostra
483 1982 698 2018 confirmaffe
717 1984 945 2019 donationem
963 1985 1057 2019 illam
1076 1999 1179 2032 quam
1212 1987 1408 2022 Duncanus
1438 1989 1528 2023 filius
1559 1990 1713 2024 Gilberti

238 2052 354 2075 comes
372 2040 416 2074 de
435 2039 569 2074 Carrek
588 2040 668 2074 fecit
686 2040 838 2074 caritatis
865 2041 995 2075 intuitu
1022 2041 1103 2076 Deo
1134 2048 1169 2077 et
1198 2042 1328 2078 Saneto
1355 2044 1488 2079 Jacobo
1517 2050 1551 2079 et
1582 2045 1713 2081 Sancto

239 2096 375 2130 Mirino
395 2095 438 2130 de
457 2093 604 2130 Paffelet
621 2100 656 2130 et
674 2095 852 2129 monachis
870 2096 999 2131 ibidem
1018 2097 1099 2131 Deo
1132 2098 1359 2133 servientibus
1390 2105 1424 2133 et
1454 2100 1713 2147 imperpetuum

236 2151 425 2192 sprvituris,
453 2151 496 2186 de
523 2150 670 2186 ecclefiis
689 2152 732 2185 de
752 2151 950 2192 Turnbere‚
979 2152 1021 2186 de
1053 2152 1196 2187 Straton
1226 2159 1261 2187 et
1291 2154 1334 2188 de
1366 2154 1605 2190 Dalmakeran
1632 2170 1711 2192 cum

238 2207 399 2245 omnibus
417 2208 608 2242 earundem
630 2206 729 2254 justis
746 2207 966 2254 pertinentiis
981 2222 991 2251 3
1022 2207 1068 2241 Et
1085 2213 1246 2254 preterea
1272 2209 1315 2244 de
1345 2211 1498 2256 quinque
1526 2212 1712 2248 denariatis

236 2269 330 2298 terre
357 2263 401 2297 de
433 2262 658 2310 Crosragmol
688 2268 723 2297 et
764 2263 806 2297 de
838 2263 996 2304 Sutblan,
1035 2275 1097 2310 per
1127 2263 1242 2298 rectas
1273 2264 1395 2300 divisas
1420 2265 1519 2301 suas:
1572 2268 1712 2304 Tenen-

239 2320 320 2355 dam
355 2325 390 2354 et
424 2319 620 2360 habendam
656 2318 782 2355 eisdem
817 2319 996 2354 monachis
1023 2319 1060 2353 in
1088 2318 1246 2362 liberam,
1282 2333 1405 2368 puram
1440 2328 1474 2358 et
1507 2330 1710 2372 perpetuam
