1839 2652
177 291 245 323 118
588 282 902 320 REGISTRUM
930 282 1268 318 MONASTERII

179 384 385 423 dinavimus,
414 383 451 416 in
478 385 554 416 tota
570 381 643 416 vita
659 380 718 415 sua
736 380 865 414 dictam
897 378 1072 414 ecclefiam
1098 379 1244 419 tenebit,
1270 377 1452 413 reddendo
1482 378 1564 413 inde
1589 377 1652 413 fin-

178 440 268 487 gulis
286 439 384 473 annis
402 437 504 472 dietis
521 437 700 471 monachis
718 435 917 482 quindecim
935 434 1040 469 libras
1052 435 1189 482 argenti
1203 435 1346 469 nomine
1357 433 1541 482 penfionis.
1591 435 1654 469 Vi-

179 497 260 531 carii
278 500 395 530 autem
413 494 472 540 qui
489 506 554 540 pro
572 498 731 539 tempore
763 492 799 525 in
818 491 920 525 dietis
940 490 1086 525 eeclefiis
1105 490 1311 531 deservient,
1336 490 1438 525 nobis
1454 491 1512 525 vel
1528 490 1656 525 succes-

179 551 311 586 soribus
329 550 451 584 nostris
468 548 773 596 presentabuntur,
802 552 837 582 et
863 545 1123 595 respondebunt
1141 547 1184 582 de
1203 546 1451 594 episcopalibus
1470 551 1505 581 et
1523 547 1565 582 de
1584 560 1656 582 om-

179 608 281 642 nibus
299 606 463 641 oneribus
481 605 675 640 ordinariis.
728 604 775 639 Et
792 610 832 639 ut
857 604 922 638 hec
940 603 1082 638 donatio
1100 603 1216 638 nostra
1232 602 1341 637 robur
1359 602 1516 650 optineat
1534 616 1656 651 perpe-

180 670 240 698 tue
258 663 442 703 firmitatis,
463 675 538 697 eam
556 661 724 709 presentis
740 661 866 708 pagine
884 659 1080 694 testimonio
1099 665 1134 694 et
1151 658 1250 706 figilli
1267 658 1374 694 nostri
1391 660 1585 694 munimine
1603 672 1657 694 ro-

181 721 390 756 boravimus.
444 719 524 754 Hiis
550 718 701 759 testibus,
729 717 890 764 magistro
922 716 1042 764 Lauyr
1069 716 1314 751 archidiacono
1346 715 1466 750 Sanffi
1497 715 1656 757 Andree,

182 777 325 811 domino
345 775 491 811 Andrea
509 775 552 809 de
571 774 746 815 Moravia,
775 773 934 808 Roberto
965 773 1008 807 de
1029 773 1143 820 Haya,
1172 772 1333 819 magistro
1353 771 1493 806 Thoma
1510 772 1553 806 de
1572 772 1658 807 Tin-

182 839 269 875 mut,
298 832 459 879 magistro
479 831 561 866 Ada
580 830 697 872 Ovid’,
725 830 888 877 magistro
908 829 1086 877 Stephano
1116 829 1158 864 de
1187 828 1388 869 Lillisclive,
1417 827 1578 875 magistro
1598 828 1659 863 Ri-

183 889 289 925 cardo
308 889 350 924 de
371 888 544 929 Moravia,
565 892 599 922 et
617 887 736 922 multis
753 887 839 921 aliis.

186 1057 418 1093 Confirmatio
437 1054 656 1091 ecclesiarum
674 1055 717 1090 de
737 1055 917 1103 Innyrwic
935 1061 969 1091 et
996 1055 1208 1103 Lygerwod,
1230 1067 1293 1102 per
1311 1053 1516 1089 Wilelmum
1534 1053 1660 1102 episco-

184 1128 268 1162 pum
289 1114 408 1149 Sancti
428 1113 585 1147 Andree,

188 1226 427 1263 OMNIBUS
455 1224 556 1260 Cristi
574 1224 735 1259 fidelibus
751 1229 823 1258 tam
853 1222 1070 1271 presentibus
1100 1235 1204 1270 quam
1233 1223 1361 1258 futuris
1379 1222 1563 1258 Wilelmus
1590 1222 1661 1257 Dei

187 1284 298 1330 gratia
325 1283 443 1318 Sanfi’ci
464 1282 609 1316 Andree
640 1279 817 1327 episcopus
847 1285 1004 1314 eternam
1032 1280 1068 1313 in
1099 1279 1257 1314 Domino
1275 1279 1431 1314 salutem.
1482 1279 1664 1314 Nox-eritis

188 1353 263 1380 nos,
284 1340 401 1374 divine
420 1337 570 1372 caritatis
588 1336 729 1376 intuitu,
757 1335 801 1370 ad
819 1336 997 1382 exemplar
1014 1336 1123 1370 felicis
1141 1336 1395 1370 recordationis
1413 1335 1569 1370 Wilelmi
1586 1348 1663 1383 pre-

189 1395 372 1431 decessoris
402 1394 518 1434 nostri‚
557 1390 750 1428 conceffiffe
782 1397 816 1426 et
847 1390 1029 1439 episcopali
1057 1392 1245 1426 autoritate
1273 1390 1489 1426 confirmaffe
1518 1391 1599 1426 Deo
1629 1396 1664 1425 et

190 1453 320 1487 saneto
338 1451 471 1488 Jacobo
491 1451 533 1485 de
553 1448 700 1484 Pafl'elet
719 1453 753 1482 et
770 1448 949 1482 monachis
976 1448 1103 1483 ibidem
1131 1448 1212 1483 Deo
1241 1448 1469 1483 servientibus
1488 1453 1522 1483 et
1539 1448 1664 1495 imper-

188 1515 334 1556 petuum
352 1507 539 1547 servituris,
560 1507 603 1541 de
619 1505 798 1552 Innyrwic
817 1510 851 1539 et
870 1504 1061 1550 Ligerwod
1079 1503 1246 1546 ecclefias,
1266 1505 1303 1538 in
1319 1504 1399 1539 usus
1417 1505 1588 1551 proprios,
1615 1504 1666 1538 ita

189 1565 298 1600 libere
317 1569 351 1598 et
369 1564 484 1609 quiete
503 1562 586 1596 ficut
604 1561 710 1607 aliqui
728 1561 793 1595 viri
807 1560 955 1607 religiofi
967 1560 1098 1606 aliquas
1110 1559 1265 1595 ecclefias
1279 1561 1315 1594 in
1330 1559 1526 1607 episcopatu
1543 1559 1663 1595 Sancti

192 1621 339 1656 Andree
356 1619 499 1654 liberius
517 1624 551 1653 et
569 1617 719 1664 quietius
736 1621 861 1651 tenent
887 1621 921 1651 et
946 1615 1140 1663 poflident3
1170 1617 1280 1651 Salvis
1298 1616 1517 1664 portionibus
1535 1629 1602 1662 que
1620 1618 1665 1652 ad

190 1676 472 1713 sustentationem
490 1674 700 1709 vicariorum
717 1678 888 1720 perpetuo
907 1672 1149 1713 remanebunt,
1177 1685 1261 1718 quas
1287 1672 1378 1707 bone
1409 1673 1576 1707 memorie
1595 1673 1664 1708 dic-

192 1740 250 1768 tus
266 1729 486 1781 predeceflor
503 1729 618 1764 noster
636 1729 825 1764 autoritate
844 1727 1028 1775 episcopali
1056 1728 1122 1762 hoc
1148 1728 1254 1762 modo
1273 1729 1404 1763 taxavit
1422 1734 1457 1763 et
1475 1729 1661 1770 ordinavit,

191 1789 355 1825 videlicet
372 1793 412 1823 ut
429 1786 578 1822 vicarius
597 1786 640 1820 de
660 1785 841 1831 Innyrwic
858 1784 1066 1830 alteragiuin
1083 1784 1209 1818 habeat
1226 1797 1304 1819 cum
1324 1797 1395 1819 una
1412 1797 1492 1819 acra
1509 1790 1602 1820 terre
1621 1798 1665 1820 ex

193 1844 401 1881 occidentali
418 1848 516 1891 parte
534 1841 705 1881 cimiterii,
734 1840 915 1875 reddendo
946 1841 1027 1875 inde
1054 1839 1194 1887 lingulis
1221 1841 1321 1875 annis
1350 1841 1517 1888 predictis
1546 1854 1665 1876 mona-

193 1904 264 1938 chis
289 1901 418 1949 septem
437 1912 569 1935 marcas
587 1898 723 1945 argenti
748 1897 890 1932 nomine
907 1896 1090 1944 penfionis‚
1110 1897 1258 1931 vicarius
1275 1909 1360 1932 vero
1391 1897 1434 1931 de
1463 1896 1665 1944 Lygerwod

192 1959 318 1995 habeat
335 1958 477 1992 nomine
495 1956 622 1990 vicarie
640 1960 755 1989 totum
773 1953 979 2000 alteragium
1009 1958 1126 2000 preter
1144 1958 1285 1987 terram.
1336 1952 1469 1987 Vicarii
1494 1965 1579 1987 vero
1605 1954 1664 1999 qui

193 2028 258 2064 pro
276 2020 435 2061 tempore
447 2013 483 2046 in
496 2012 598 2046 dietis
616 2010 762 2046 ecclesiis
780 2009 985 2050 deservient,
1004 2009 1104 2043 nobis
1117 2008 1174 2043 vel
1190 2007 1435 2044 fiiccefforibus
1449 2008 1571 2043 nostris
1587 2022 1663 2058 pre-

193 2070 434 2110 sentabuntur,
463 2074 497 2103 et
514 2067 774 2115 respondebunt
792 2067 835 2101 de
853 2065 1101 2113 episcopalibus
1127 2070 1162 2099 et
1188 2064 1231 2099 de
1250 2065 1410 2099 omnibus
1428 2066 1592 2100 oneribus
1610 2079 1664 2101 or-

195 2127 347 2162 dinariis.
399 2125 447 2159 Et
464 2130 504 2159 ut
520 2124 584 2158 hec
602 2122 770 2158 conceffio
790 2128 824 2157 et
842 2121 1060 2157 confirmatio
1077 2120 1192 2154 nostra
1206 2120 1313 2155 robur
1327 2121 1482 2168 optineat
1494 2127 1663 2169 perpetue

193 2183 365 2218 firmitatis
382 2182 472 2216 hauc
490 2185 620 2215 cartam
639 2179 788 2214 nostram
805 2178 917 2225 gratia
934 2176 1118 2211 testimonii
1136 2175 1235 2210 scribi
1252 2177 1407 2218 fecimus,
1427 2183 1462 2212 et
1476 2190 1551 2212 eam
1565 2176 1664 2224 figilli

194 2239 301 2273 nostri
318 2237 531 2285 appofitione
549 2236 801 2270 roboravimus.
856 2234 935 2268 Hiis
962 2232 1112 2273 testibus,
1144 2232 1311 2279 magistris
1331 2232 1494 2268 VVilelmo
1524 2233 1567 2267 de
1595 2233 1664 2280 Eg-

195 2293 315 2328 lissiam
333 2293 577 2327 archidiacono
596 2291 791 2332 Laudonie‚
820 2289 960 2325 'l'homa
977 2289 1019 2323 de
1039 2288 1173 2336 Ayton,
1203 2288 1409 2323 Alexandro
1437 2289 1479 2323 de
1509 2288 1663 2335 Ricling-

195 2357 270 2391 ton,
297 2349 320 2385 J
323 2349 460 2384 ohanne
492 2348 534 2382 de
567 2347 721 2394 Kynkel,
757 2346 900 2388 clericis,
938 2345 1087 2381 dominis
1116 2344 1274 2380 Henrico
1305 2345 1348 2380 de
1382 2345 1512 2380 Sancto
1544 2344 1662 2385 Claro,
