1839 2652
169 239 215 269 54
566 233 879 269 REGISTRUM
907 233 1243 269 MONASTERII

170 331 299 377 piperis
315 330 372 365 vel
389 328 446 364 sex
465 330 635 370 denarios,
654 330 796 364 nomine
814 330 913 363 firme
931 330 1087 376 predicte
1105 335 1210 365 terre.
1257 329 1304 363 Et
1317 327 1341 363 11
1354 329 1444 363 forte
1455 340 1517 376 per
1530 329 1644 364 dictos

174 386 349 420 Abbatem
368 391 401 420 et
420 391 632 420 conventum
650 385 717 419 alia
733 397 812 432 pars
829 391 922 419 terre
935 386 977 419 de
992 385 1123 419 Fulton
1136 386 1180 420 ad
1192 385 1382 420 valentiam
1396 390 1545 430 quatuor
1556 397 1645 420 mar-

173 454 290 476 carum
308 442 364 476 vel
392 441 538 488 amplius
564 441 669 476 fuerit
697 439 899 488 perqueffla,
919 453 982 488 per
1014 446 1123 475 metas
1142 446 1176 475 et
1207 440 1329 475 divisas
1346 441 1383 474 in
1400 445 1496 475 carta
1511 441 1646 475 domini

176 497 324 531 Henrici
342 497 384 531 de
404 497 533 531 Sancto
553 496 711 531 Martino
731 502 922 537 contentas,
942 502 1052 531 totam
1071 502 1200 531 terram
1218 495 1456 544 perquefitam,
1477 509 1557 531 cum
1576 509 1648 531 om-

174 553 275 586 nibus
292 552 509 592 utilitatibus,
529 552 712 593 fructibus,
732 552 959 592 libertatibus,
978 553 1198 599 pertinentiis
1217 558 1251 586 et
1265 551 1480 593 aifiamentis,
1494 552 1531 586 in
1541 565 1649 586 manu

174 609 244 649 sua,
264 622 325 656 per
342 609 521 643 biennium
540 609 595 643 vel
613 609 803 643 triennium
821 622 885 656 pro
903 609 1085 643 voluntate
1103 608 1172 649 sua,
1194 614 1358 654 tanquam
1372 609 1446 643 veri
1465 608 1596 642 domini
1615 614 1649 642 et

170 664 251 712 justi
269 663 479 712 poffeflbi·e5‚
499 664 606 699 libere
624 670 659 699 et
675 665 816 712 pacifice
835 664 1016 705 tenebunt,
1042 665 1090 698 ita
1107 665 1201 711 quod
1218 663 1437 711 postmodum
1455 664 1649 710 predictam

176 728 305 755 terram
323 721 427 755 michi
446 721 602 755 firmario
620 720 693 761 suo,
721 734 785 768 pro
804 720 976 755 solutione
994 726 1144 767 quatuor
1161 732 1358 754 marcarum
1376 719 1587 755 residuarum
1607 720 1650 753 de

178 776 412 824 suprascriptis
438 777 561 822 viginti
579 777 714 817 marcis,
747 775 973 823 allignabunt,
1003 778 1040 811 in
1069 789 1148 811 meo
1165 781 1336 823 perpetuo
1354 776 1553 816 tenendam,
1582 775 1651 809 fine

178 833 293 879 aliquo
318 832 510 879 prejudicio
529 832 807 867 exheredationis
833 831 902 866 sue.
965 832 1070 867 Unde
1088 832 1170 866 volo
1190 838 1223 866 et
1241 832 1333 865 bona
1351 831 1419 866 fide
1438 832 1593 866 concedo
1612 838 1652 865 ut

179 895 254 923 tota
271 894 365 923 terra
381 888 579 935 prescripta,
599 894 670 922 tam
688 901 750 936 per
776 901 835 922 eos
861 887 1034 934 adquefita
1061 901 1162 934 quam
1193 888 1288 935 prius
1306 887 1347 921 ab
1372 887 1420 922 eis
1449 887 1592 921 obtenta
1617 894 1652 921 et

180 943 332 992 possefl'a,
359 945 434 992 post
451 944 622 979 decefl'um
641 957 769 985 meum,
801 945 1033 979 incontinenti
1060 945 1103 978 ad
1129 945 1305 991 predictos
1325 944 1500 978 Abbatem
1519 949 1554 978 et
1572 956 1653 978 con-

182 1008 327 1036 ventum
338 1007 536 1036 revertatur
550 1001 769 1042 hereditarie,
789 1000 857 1035 fine
873 1001 967 1035 omni
986 1000 1194 1047 calumpnia,
1214 1000 1427 1045 gravamine,
1447 999 1601 1034 molestia
1618 1005 1653 1033 et

183 1058 460 1092 contradictione
479 1070 522 1091 ex
539 1062 636 1104 parte
654 1070 732 1091 mea
749 1057 805 1091 vel
822 1056 968 1102 alicujus
986 1057 1028 1090 de
1048 1057 1134 1090 meis
1152 1071 1161 1099 ;
1191 1056 1239 1090 ita
1264 1056 1358 1102 quod
1372 1068 1476 1090 nemo
1495 1068 1538 1090 ex
1554 1062 1653 1102 parte

184 1127 261 1148 mea
278 1114 407 1159 aliquid
420 1113 510 1160 juris
527 1113 736 1147 hereditarie
755 1113 790 1146 in
807 1113 965 1160 predicta
982 1119 1076 1148 terra
1101 1113 1175 1160 post
1192 1112 1364 1148 deceffum
1382 1126 1509 1153 meum,
1538 1113 1654 1158 aliquo

181 1172 272 1218 jure,
287 1171 422 1218 judicio
440 1171 495 1205 vel
515 1170 593 1204 casu
611 1171 905 1216 contingentibus,
934 1169 1072 1215 exigere
1090 1167 1189 1215 possit
1215 1169 1271 1203 vel
1290 1169 1461 1210 clamare3
1493 1168 1571 1202 Nec
1589 1181 1654 1214 ego

186 1227 364 1262 Antonius
381 1227 492 1261 habeo
506 1226 562 1261 vel
580 1226 724 1266 habebo,
743 1239 808 1260 nec
826 1226 947 1271 aliquis
965 1225 1107 1259 nomine
1121 1237 1199 1259 meo
1211 1224 1360 1264 habebit,
1380 1223 1584 1270 potestatem
1600 1224 1655 1257 vel

185 1283 431 1318 auctoritatem
450 1283 604 1329 obligare
622 1281 678 1316 vel
696 1282 920 1328 inpignorare
934 1281 990 1315 vel
1005 1281 1047 1314 ad
1060 1280 1194 1314 firmam
1214 1281 1295 1314 dare
1309 1280 1501 1326 predictam
1513 1285 1655 1319 terram,

187 1341 221 1374 in
240 1344 338 1386 parte
357 1339 413 1372 vel
431 1339 467 1372 in
485 1343 572 1378 toto,
604 1338 706 1371 alicui
736 1336 881 1384 persone
907 1337 1051 1371 seculari
1077 1336 1133 1371 vel
1151 1336 1369 1371 ecclesiastice
1393 1336 1584 1383 potentiori
1602 1336 1658 1370 vel

187 1395 304 1430 ditiori
322 1407 440 1428 annuo
458 1394 598 1428 redditu
625 1393 747 1439 viginti
775 1405 981 1433 marcarum,
1002 1398 1037 1427 et
1054 1393 1120 1427 hoc
1147 1392 1249 1426 alicui
1277 1393 1433 1426 manenti
1462 1393 1498 1426 in
1515 1392 1660 1426 baronia

188 1453 230 1486 de
251 1451 400 1491 Renfru,
420 1449 488 1484 fine
510 1448 675 1484 consensu
687 1455 721 1483 et
736 1446 866 1483 affensu
878 1448 1021 1495 capituli
1032 1448 1081 1482 sui
1097 1462 1106 1490 ;
1127 1449 1336 1482 renuncians
1349 1446 1501 1495 exprefl'e
1512 1453 1582 1481 tam
1597 1460 1659 1494 per

188 1521 244 1542 me
256 1519 358 1553 quam
370 1519 434 1553 pro
446 1519 512 1546 1110,
528 1506 565 1539 111
576 1506 642 1539 hoc
657 1505 761 1544 facto,
778 1505 873 1538 omni
888 1505 1110 1545 cavillationi,
1125 1505 1406 1544 contradictioni,
1422 1503 1657 1551 appellationi,

189 1563 372 1611 privilegio
402 1562 479 1601 fori,
511 1561 606 1607 regie
623 1560 859 1608 prohibitioni,
893 1566 927 1595 et
953 1560 1113 1594 omnibus
1141 1560 1275 1607 legibus
1301 1566 1335 1594 et
1353 1559 1660 1594 confiietudinibus

190 1619 289 1665 regni
306 1618 438 1652 statutis
456 1617 512 1652 vel
529 1617 727 1656 statuendis,
748 1623 782 1650 et
802 1617 963 1651 omnibus
980 1617 1111 1663 gratiis,
1131 1616 1368 1662 indulgentiis,
1388 1616 1587 1663 privilegiis,
1608 1616 1660 1650 lit-

190 1676 273 1710 teris
290 1673 510 1720 generalibus
523 1673 579 1707 vel
597 1671 808 1719 specialibuS,
828 1686 848 1706 a
864 1671 943 1707 sede
961 1672 1145 1719 apostolica
1157 1673 1213 1707 vel
1227 1673 1269 1706 ab
1284 1673 1399 1718 aliquo
1411 1678 1555 1718 gerente
1570 1673 1661 1705 vices-

191 1729 302 1778 ipfius,
323 1727 485 1764 concessis
502 1728 558 1763 vel
576 1728 818 1768 concedendis,
848 1733 882 1762 et
901 1728 1061 1762 omnibus
1079 1728 1153 1762 aliis
1179 1741 1245 1774 que
1264 1728 1365 1762 dictis
1384 1728 1511 1762 Abbati
1530 1734 1563 1762 et
1581 1741 1662 1762 con-

191 1787 313 1821 ventui
330 1786 546 1833 prejudicare
563 1783 688 1832 poffint
705 1784 762 1819 vel
781 1781 903 1824 obeffe,
923 1789 1046 1818 contra
1062 1789 1221 1818 tenorem
1249 1789 1341 1818 carte
1358 1783 1417 1818 sue
1435 1784 1478 1818 de
1506 1784 1663 1830 predicta

192 1851 287 1878 terra
304 1842 405 1877 michi
426 1842 585 1876 confecte
600 1853 608 1875 :
647 1840 694 1874 Et
724 1841 767 1874 ad
797 1840 963 1887 majorem
996 1840 1098 1887 hujus
1126 1840 1175 1874 rei
1193 1839 1424 1880 securitatem,
1455 1839 1581 1887 subjeci
1608 1853 1662 1873 me

188 1898 419 1946 jurisdictioni
439 1898 569 1932 domini
587 1897 657 1931 mei
679 1896 782 1931 Alani
800 1896 973 1930 senescalli
989 1896 1114 1936 Scotie‚
1134 1902 1169 1930 et
1187 1896 1317 1930 domini
1330 1897 1451 1930 decani
1470 1895 1663 1942 Glasguen-

193 1956 232 1990 fis
250 1956 308 2002 qui
326 1967 389 2002 pro
408 1960 566 2001 tempore
580 1953 696 1993 fuerit,
722 1958 762 1986 ut
779 1952 880 1986 ambo
900 1952 955 1986 vel
973 1952 1060 1986 alter
1079 1964 1212 1992 eorum,
1233 1951 1256 1985 11
1273 1952 1375 1986 ambo
1393 1965 1466 1986 non
1484 1951 1661 1999 firperfint,

194 2011 318 2060 possint
345 2011 401 2045 vel
420 2009 518 2057 poflit
545 2023 601 2044 me
619 2009 828 2056 compellere
855 2009 898 2042 ad
925 2007 1200 2042 observationem
1227 2009 1383 2042 omnium
1410 2007 1663 2055 premissorum,

195 2069 306 2103 modis
325 2067 484 2101 omnibus
502 2072 537 2100 et
555 2065 822 2100 cohibitionibus
839 2064 962 2110 quibus
980 2063 1102 2097 melius
1116 2064 1265 2097 viderint
1277 2063 1331 2098 vel
1345 2064 1472 2098 viderit
1489 2064 1664 2110 expedire.

198 2125 240 2157 In
268 2123 369 2170 hujus
386 2123 435 2156 rei
454 2122 687 2156 testimonium
713 2121 874 2155 dominus
900 2132 997 2154 meus
1017 2119 1153 2153 Alanus
1170 2118 1384 2160 senescallus,
1405 2120 1663 2158 auctoritatem,

196 2178 397 2214 consensum
417 2184 450 2212 et
469 2176 636 2212 afl'ensum
655 2177 698 2212 ad
715 2177 780 2211 hec
798 2176 915 2211 omnia
931 2175 1088 2210 facienda
1100 2174 1262 2222 prestans,
1276 2188 1296 2209 a
1309 2188 1364 2210 1110
1379 2174 1568 2222 requisitus,
1581 2174 1666 2220 figil-

197 2236 270 2269 hun
287 2234 385 2269 suum
403 2247 474 2268 una
492 2247 571 2268 cum
589 2232 698 2279 figillo
717 2245 795 2267 meo
809 2232 890 2266 huic
900 2230 1025 2279 scripto
1037 2230 1215 2278 apposuit:
1258 2231 1337 2266 Hiis
1354 2231 1504 2272 testibus,
1524 2231 1666 2265 domino

198 2291 316 2326 David
334 2291 376 2326 de
394 2289 557 2337 Lffldsay,
587 2289 773 2324 Nicholaio
792 2289 835 2323 de
854 2288 970 2330 Sullis,
990 2287 1129 2323 Thoma
1147 2288 1189 2322 de
1209 2286 1334 2329 Beffat,
1354 2288 1496 2335 Gwydo
1515 2288 1557 2322 de
1576 2286 1668 2321 Nor-
