1839 2652
926 367 972 388 XX

236 456 401 496 Privilegia
417 454 557 490 Honorii,
572 452 722 493 Gregorii,
734 450 876 481 Nicholai
892 455 921 480 et
933 449 1097 480 Alexandri
1115 449 1244 490 [necnon
1260 449 1393 490 Urbani]
1411 458 1465 488 pro
1481 450 1584 480 ordine

197 506 386 537 Cluniacensi
409 509 438 534 et
460 504 598 534 membris
621 503 761 541 ejusdem,
786 501 823 530 fo.
848 500 993 530 clxxxvii.
1011 499 1129 538 (14843
1155 499 1237 529 bulla
1260 499 1401 538 Gregorii
1416 510 1459 528 1x.
1478 500 1585 533 122&

196 557 277 587 bulla
300 555 441 585 Nicholai
464 565 511 584 111.
536 553 640 591 12793
665 552 745 581 bulla
769 550 933 580 Alexandri
957 561 998 580 ιν.
1024 548 1125 583 1256;
1155 559 1269 578 necnon
1292 549 1374 578 bulla
1396 549 1515 579 Urbani
1540 561 1583 579 ιν.

197 605 306 643 1261‚)
1557 600 1592 628 P.
1610 599 1672 629 305

238 676 475 713 Transumptum
493 671 754 713 [confirmationis]
774 670 936 700 Clementis
952 680 1026 709 pape
1042 669 1142 708 quarti
1159 670 1292 699 omnium
1308 669 1507 704 ecclesiarum,
1526 673 1585 698 ter-

196 735 296 755 rarum
312 729 341 754 et
356 723 482 753 aliorum
498 722 722 762 privilegiorum
737 721 788 751 &a
805 721 843 750 fo.
861 731 923 750 cxc.
943 719 1051 759 (1469,
1068 718 1150 749 bulla
1165 730 1236 749 vero
1252 720 1321 749 data
1338 718 1447 758 1265‚)
1611 719 1674 748 308

237 794 356 823 Littera
371 792 589 822 conservatoria
604 791 725 830 optima,
743 791 780 819 fo.
798 789 908 819 cxciiii.
928 790 1053 829 (1344)
1610 789 1673 817 314

237 864 355 893 Littera
371 862 589 893 conservatoria
604 860 785 901 principalis,
802 860 840 889 fo.
858 859 952 890 cxcvi.
973 860 1097 898 (1483)
1609 860 1672 888 314

236 934 283 963 Ut
298 933 509 963 monasterium
520 931 633 962 Pasleti
648 931 756 960 habeat
766 929 865 959 omnia
876 929 1033 968 privilegia
1045 929 1141 959 ordini
1158 933 1187 958 et
1203 928 1381 958 monasterio
1394 929 1586 959 Cluniacensi

194 993 340 1018 concessa,
357 983 394 1012 fo.
413 982 531 1012 cxcviii.
551 982 676 1020 (1483‚)
1612 978 1674 1016 317

238 1053 475 1091 Transumptum
492 1051 681 1080 taxationum
697 1049 887 1079 ecclesiarum
903 1049 964 1078 sive
975 1047 1154 1077 vicariarum
1168 1049 1291 1084 Pasleti,
1308 1049 1345 1077 fo.
1358 1048 1455 1078 cxcix.
1476 1047 1586 1086 (1469,

193 1103 244 1132 ubi
261 1102 438 1132 exscribitur
455 1102 615 1131 indentura
634 1099 834 1135 taxationum‚
859 1098 952 1136 1227,
978 1097 1009 1126 in
1033 1108 1063 1127 se
1086 1098 1239 1127 continens
1262 1099 1373 1127 bullam
1392 1098 1522 1127 Honorii
1539 1108 1586 1126 111.

195 1152 303 1191 1226)
1611 1148 1673 1176 318

236 1222 286 1250 De
300 1220 556 1260 procurationibus
572 1219 760 1249 ecclesiarum
777 1217 855 1247 infra
870 1217 1009 1247 diocesim
1026 1217 1262 1257 Glasgwensem,
1280 1217 1317 1246 fo.
1335 1217 1397 1246 ccii.
1418 1217 1544 1256 (12:27³)
1606 1218 1668 1246 323

237 1291 325 1326 Quod
354 1290 502 1329 prefatum
536 1288 746 1318 monasterium
781 1298 799 1317 a
832 1286 1088 1326 procurationibus
1121 1291 1150 1316 et
1183 1286 1365 1316 sinodalibus
1397 1296 1510 1325 semper
1532 1286 1589 1315 fuit

194 1345 376 1379 exemptum,
393 1340 431 1368 so.
450 1339 526 1369 cciii.
545 1339 668 1379 (1220‚)
1611 1336 1674 1365 325

238 1409 407 1439 Conventio
417 1409 494 1438 inter
506 1408 690 1447 Episcopum
697 1407 921 1447 Glasgwensem
934 1411 962 1435 et
975 1405 1122 1435 Abbatem
1135 1406 1171 1435 de
1184 1406 1315 1441 Pasleto,
1323 1415 1412 1444 penes
1421 1405 1590 1434 taxationes

195 1459 395 1494 ecclesiarum,
412 1459 450 1487 fo.
470 1458 545 1488 cciii.
565 1458 604 1496 (a.
623 1457 732 1496 1227)
1612 1455 1673 1484 325

240 1528 374 1557 Taxatio
396 1527 613 1567 prociuationis
636 1526 828 1556 confirmatur
850 1535 903 1565 per
925 1525 1088 1565 capitulum
1119 1530 1147 1554 et
1180 1526 1337 1554 Decanum
1361 1525 1588 1565 Ghsguensem,

195 1578 232 1606 fo.
251 1577 330 1607 cciii.
350 1578 474 1617 (1222)
1611 1574 1674 1603 326

239 1647 373 1676 Taxatio
387 1645 631 1685 procurationum
645 1644 724 1675 inter
739 1655 792 1674 nos
807 1648 837 1674 et
853 1644 990 1683 G1asgw,
1007 1644 1045 1673 fo⁴
1063 1644 1151 1673 cciiii.
1169 1645 1292 1684 (1239)
1612 1646 1674 1683 327

238 1718 476 1747 Instrumentum
520 1718 557 1747 de
600 1716 765 1746 ostensione
803 1715 1027 1755 privilegiorum
1068 1718 1237 1743 nostrorum
1277 1714 1396 1743 domino
1438 1714 1589 1754 Episcopo

196 1767 396 1807 Glasgwensi,
413 1767 451 1796 fo.
469 1777 531 1796 ccv.
549 1765 674 1805 (1368,)
1611 1766 1674 1795 328

238 1837 477 1866 Instrumentum
499 1836 578 1866 inter
600 1836 783 1874 Episcopum
817 1835 1042 1874 Glasgwensem
1078 1838 1106 1863 et
1139 1833 1285 1862 Abbatem
1317 1834 1353 1863 de
1388 1834 1517 1869 PasletQ
1554 1835 1590 1863 de

197 1887 376 1922 visitatione,
393 1887 431 1915 fo.
449 1886 521 1915 ccvi.
541 1886 666 1925 (13840
914 1900 926 1905 «
1612 1886 1674 1915 330

240 1956 477 1986 Instrumentum
494 1965 581 1995 super
595 1954 739 1994 petitione
755 1954 907 1994 copiarum
923 1964 1124 1994 processuum,
1141 1954 1179 1983 fo.
1197 1953 1280 1983 ccvii.
1299 1954 1424 1993 (1388,)
1613 1956 1671 1985 331

239 2027 477 2055 Instrumentum
490 2026 526 2055 de
536 2024 734 2065 appellatione
747 2028 849 2053 contra
863 2024 1023 2054 Matheum
1033 2023 1202 2063 episcopum
1214 2023 1494 2063 Glasgwensem,fo.
1505 2024 1589 2053 ccvii.

198 2077 322 2116 (1388)
1610 2074 1674 2103 332

238 2146 287 2175 De
302 2145 456 2175 taxatione
472 2144 661 2175 ecclesiarum
677 2145 753 2174 infra
769 2144 907 2174 diocesim
926 2145 1162 2185 Glasgwensem‚
1186 2145 1224 2173 fo⁴
1242 2145 1336 2174 ccviii.
1356 2145 1480 2183 (1388,)
1614 2145 1677 2174 334

241 2215 439 2245 Confirmatio
455 2215 577 2255 capituli
594 2215 798 2255 Glasgwensis
814 2226 901 2254 super
917 2215 1070 2245 taxatione
1085 2214 1276 2249 vicariarum,
1293 2214 1331 2243 fo.
1351 2214 1425 2243 ccix.
1445 2213 1568 2253 (1222)
1615 2213 1677 2243 336

239 2286 415 2315 Notificatio
432 2291 460 2315 et
475 2286 597 2316 traditio
613 2286 829 2325 appellationis,
847 2286 884 2315 fo.
902 2297 966 2316 ccx.
987 2286 1112 2324 (1388,)
1613 2282 1676 2313 336

238 2356 286 2385 De
301 2355 470 2385 visitatione
485 2356 655 2386 monasterii
672 2367 724 2395 per
740 2356 922 2395 Episcopum
940 2356 1183 2395 Glasgwensem,
1201 2355 1239 2384 fo.
1259 2355 1332 2384 ccxi.
1353 2355 1476 2393 (14080
1527 2382 1531 2384 ,
1615 2354 1677 2391 337
