1839 2652
712 263 782 298 DE
814 261 1084 297 PASSELET.
1568 268 1638 302 219

165 416 375 463 Preeeptum
392 414 565 451 Johannis
583 414 719 449 comitis
737 415 781 449 de
800 414 978 455 Levenax,
1000 413 1142 461 piscarie
1161 413 1204 448 de
1224 411 1401 447 Lenbren.

164 526 443 562 JOHANNES
458 539 574 561 comes
586 525 803 561 deLevenax
817 538 856 560 ac
868 525 1031 560 dominus
1043 526 1086 560 de
1094 525 1231 560 Dernle
1244 524 1381 559 dilectis
1395 525 1518 560 nostris
1532 524 1643 560 nobili

166 590 202 619 et
226 584 363 631 potenti
381 583 524 617 domino
548 582 710 617 Wilelmo
730 583 874 616 domino
894 581 1052 628 Sympill,
1086 581 1238 615 Patricio
1260 580 1424 615 Houston
1442 581 1485 615 de
1504 581 1640 621 eodem,

167 640 334 686 Georgeo
355 638 528 680 Houston,
558 644 593 673 et
611 638 771 672 Roberto
792 638 941 685 Spreull,
970 637 1105 672 ballivis
1122 636 1247 671 nostris
1273 638 1309 671 in
1334 637 1399 672 hac
1417 643 1516 684 parte
1535 642 1570 672 et
1587 650 1644 672 eo-

167 708 246 730 rum
264 695 364 729 alteri
383 694 600 741 conjuntffim
619 699 654 728 et
672 693 803 728 divifim
822 693 979 727 salutem,
1033 693 1127 733 Quia
1145 693 1304 727 dedimus
1331 698 1366 727 et
1393 693 1430 727 in
1459 706 1583 740 puram
1610 698 1646 727 et

167 757 371 798 perpetuam
390 749 609 785 elemofinam
628 748 852 784 concessimus
871 749 963 788 Deo,
989 748 1120 783 San6³oe
1140 748 1274 784 Jacobo
1293 754 1327 783 et
1346 749 1476 783 San&o
1495 749 1644 789 Mirino,

169 807 348 842 monachis
366 811 400 840 et
418 805 625 840 monasterio
656 806 699 840 de
731 805 877 846 Passeto,
905 810 1015 839 totam
1044 809 1079 838 et
1107 804 1280 850 integram
1298 803 1477 851 piscariam
1494 804 1656 839 nostram-

171 863 213 897 de
248 862 437 909 Lenbreyn
467 874 547 896 cum
577 862 679 896 terris
708 860 930 907 sequentibus
958 865 993 894 et
1022 860 1243 906 pertinentiis
1272 859 1436 906 ejusdem,
1469 860 1646 907 jacentem

171 917 273 964 super
290 930 413 963 aquam
433 917 475 951 de
494 917 619 964 Levyn
638 922 672 952 et
690 917 780 951 infra
798 916 1081 951 vicecomitatum
1098 915 1254 950 nostrum
1273 916 1316 950 de
1335 916 1514 957 Levenax,
1541 921 1649 963 prout

172 974 252 1021 [in]
271 978 365 1007 carta
382 972 498 1006 nostra
523 973 571 1007 eis
601 971 747 1019 desuper
766 972 928 1007 confecfita
954 971 1092 1018 plenius
1110 971 1335 1014 continetur3
1365 985 1472 1017 quare
1490 971 1589 1006 vobis
1615 977 1649 1005 et

173 1028 322 1064 vestrum
342 1028 485 1063 cuilibet
503 1029 721 1076 conjunfitim
749 1034 783 1063 et
810 1026 941 1062 divifim
959 1027 1170 1074 precipimus
1199 1032 1233 1061 et
1251 1027 1456 1062 mandamus
1474 1027 1648 1073 quatinus,

173 1083 248 1120 vifis
265 1083 492 1132 presentibus,
512 1084 657 1119 indilate
674 1084 810 1125 statum,
839 1083 992 1119 saifinam
1010 1089 1046 1119 et
1063 1089 1269 1131 perpetuam
1287 1083 1526 1132 poffeffionem
1543 1085 1652 1119 totius

175 1146 210 1175 et
226 1141 362 1186 integre
381 1140 475 1174 dhste
492 1139 634 1187 piscarie
653 1141 696 1175 de
715 1140 905 1187 Lenbreyn
923 1153 1003 1175 cum
1019 1141 1121 1175 terris
1138 1140 1360 1186 sequentibus
1379 1147 1413 1175 et
1431 1140 1652 1188 pertinentiis

175 1195 339 1243 ejusdem,
358 1196 500 1242 prefatis
518 1196 697 1231 monachis
715 1197 758 1231 de
778 1195 911 1231 Passeto
929 1197 986 1232 vel
1005 1209 1128 1232 eorum
1146 1202 1243 1232 certo
1258 1197 1443 1232 affitornato
1458 1197 1562 1231 latori
1575 1210 1653 1244 pre-

174 1252 335 1293 sentium,
362 1251 553 1287 secundum
570 1253 654 1293 vim,
673 1253 821 1287 formam
840 1259 875 1287 et
891 1258 1053 1288 tenorem
1071 1258 1166 1287 carte
1184 1265 1287 1299 quam
1306 1253 1388 1287 inde
1407 1253 1547 1294 habent,
1561 1252 1652 1300 juste

176 1308 373 1343 deliberetis
388 1313 422 1343 et
435 1307 555 1343 haberi
566 1308 697 1342 faciatis
715 1314 750 1342 et
766 1307 836 1342 fine
851 1309 1029 1350 dilatione,
1047 1314 1081 1344 et
1096 1310 1206 1356 [hoc]
1221 1309 1320 1344 nullo
1336 1310 1442 1344 modo
1457 1310 1625 1345 omittatis
1641 1324 1652 1352 ;

175 1364 221 1398 ad
234 1364 328 1410 quod
345 1363 544 1398 faciendum
562 1364 660 1399 vobis
678 1369 713 1398 et
731 1363 879 1399 vestrum
899 1365 1040 1400 cuilibet
1058 1365 1277 1412 conjunfitim
1297 1371 1331 1400 et
1350 1364 1481 1400 divifim
1500 1365 1654 1400 nostram

176 1420 368 1467 plenariam
387 1424 422 1454 et
441 1420 679 1454 omnimodam
709 1420 746 1454 in
776 1420 839 1454 hac
856 1426 955 1467 parte
973 1422 1225 1456 committimus
1253 1421 1457 1469 potestatem
1487 1434 1550 1469 per
1576 1434 1653 1469 pre-

176 1474 299 1510 sentes.
353 1475 396 1509 In
415 1475 513 1522 cujus
539 1476 589 1511 rei
615 1475 850 1510 testimonium
868 1475 1016 1522 figillum
1034 1477 1188 1511 nostrum
1207 1477 1424 1524 presentibus
1453 1477 1499 1512 est
1525 1489 1655 1525 appen-

175 1530 250 1566 sum
268 1531 361 1578 apud
382 1530 553 1566 Passetum
570 1530 722 1566 secundo
741 1532 796 1566 die
814 1531 936 1566 menfis
954 1532 1114 1567 Januarii
1132 1545 1226 1567 anno
1250 1531 1431 1567 millefimo
1449 1533 1656 1579 quingente-

176 1586 259 1621 fimo
277 1585 436 1623 vicefimo
450 1588 575 1634 primo.
604 1587 735 1622 Coram
753 1588 817 1622 hiis
835 1588 985 1629 testibus,
1005 1589 1115 1623 nobili
1130 1595 1165 1623 et
1179 1590 1314 1636 potenti
1331 1589 1473 1623 domino
1489 1588 1655 1624 Wilelmo

179 1642 321 1677 domino
341 1642 498 1690 Sympill‚
520 1643 671 1678 Patricio
688 1643 852 1678 Houston
866 1644 909 1678 de
924 1645 1059 1685 eodem,
1078 1645 1197 1679 Alano
1212 1645 1371 1680 Steward
1385 1645 1427 1680 de
1441 1644 1654 1686 Cardonald,

180 1697 344 1733 Wilelmo
364 1698 529 1745 Sterling,
557 1704 592 1734 et
609 1698 770 1746 magistro
791 1699 950 1735 Roberto
970 1700 1142 1742 Maxuell,
1163 1714 1241 1736 cum
1261 1700 1399 1736 diverfis
1417 1701 1502 1735 aliis.

181 1865 289 1901 Carta
305 1864 446 1913 piscarie
465 1866 508 1900 de
527 1865 703 1901 Lenbren.

182 1976 421 2012 OMNIBUS
439 1977 529 2011 hanc
547 1982 677 2011 cartam
695 1977 817 2013 visuris
834 1978 890 2014 vel
908 1980 1078 2015 audituris
1095 1980 1118 2016 J
1121 1981 1276 2016 ohannes
1295 1994 1411 2016 comes
1429 1982 1472 2016 de
1491 1981 1659 2016 Levenax

182 2045 221 2066 ac
239 2033 401 2067 dominus
420 2032 556 2067 Dernle
573 2032 718 2068 salutem
736 2034 772 2068 in
792 2034 949 2070 Domino
971 2035 1228 2083 sempiternam.
1281 2037 1399 2071 Sciant
1416 2036 1566 2072 univerfi
1583 2050 1660 2084 pre-

182 2086 294 2122 sentes
312 2093 347 2122 et
364 2088 474 2122 futuri
490 2100 555 2122 nos
572 2087 703 2130 vidisse,
730 2089 908 2136 inspexiffe
926 2104 966 2126 ac
983 2092 1153 2127 veraciter
1181 2097 1216 2126 et
1247 2092 1434 2139 diligenter
1452 2092 1659 2128 examinaffe

182 2143 356 2189 quandam
375 2148 504 2177 cartam
522 2148 557 2178 et
575 2144 799 2179 donationem
818 2146 854 2179 in
873 2147 994 2181 eadem
1013 2152 1226 2189 contentam,
1259 2149 1456 2183 confetfftam
1483 2154 1517 2183 et
1543 2149 1659 2184 datam

183 2198 390 2232 monasterio
408 2203 443 2233 et
460 2200 649 2233 conventui
679 2199 722 2234 de
754 2200 887 2236 Passeto
917 2215 979 2249 per
1007 2203 1184 2248 quondam
1203 2203 1384 2238 dominum
1404 2203 1659 2249 Maldovenum

183 2253 346 2287 comitem
374 2252 416 2287 de
446 2252 594 2288 Lennax
611 2253 885 2300 predecefforem
903 2257 1070 2298 nostrum,
1099 2258 1141 2292 de
1159 2263 1234 2293 tota
1252 2265 1286 2294 et
1303 2260 1440 2307 integra
1456 2251 1599 2308 piscaria
1616 2262 1659 2296 de

184 2307 373 2355 Lenbreyn
391 2320 470 2343 cum
496 2309 598 2344 terris
624 2311 778 2351 annexis,
811 2312 1012 2358 adjacentiis
1040 2318 1075 2347 et
1105 2315 1324 2360 pertinentiis
1350 2315 1527 2363 ejusdem3
1556 2330 1658 2364 quam
