1839 2652
751 267 823 302 DE
851 267 1122 303 PASSELET.
1614 270 1683 306 195

191 375 402 410 quocunque
420 364 488 398 alio
505 363 584 399 loco
603 369 638 399 et
664 363 754 405 foro,
784 363 1005 399 ecclesiastico
1023 364 1079 399 vel
1097 364 1252 404 seculari,
1282 362 1475 410 impetratis
1492 361 1551 398 seu
1569 363 1676 410 impe-

190 420 335 460 mandis,
356 425 391 454 et
409 420 569 455 omnibus
581 421 731 468 juribUS,
752 420 1071 461 consuetudinibus,
1098 420 1249 467 judiciis,
1270 418 1404 453 statutis
1422 424 1456 453 et
1474 418 1673 459 statuendis,

192 477 455 524 exceptionibus
474 484 508 512 et
527 478 617 525 juris
636 479 794 512 canonici
813 484 848 512 et
865 477 974 512 civilis
992 477 1164 517 remediis,
1192 476 1306 510 viduis
1325 481 1359 510 et
1377 474 1573 521 conjugatis
1592 487 1673 510 con-

189 532 286 568 ceffis
305 539 339 568 et
358 534 601 575 concedendis,
630 540 664 569 et
682 534 880 581 exceptioni
898 533 1006 567 virilis
1025 531 1279 580 compulsionis,
1308 537 1342 566 et
1360 531 1552 579 specialiter
1569 531 1673 565 bene-

192 589 271 625 ficio
290 590 514 625 restitutionis
532 591 567 624 in
586 591 774 637 integrum,
805 595 840 624 et
870 589 966 623 omni
983 589 1167 636 privilegio
1195 586 1463 633 crucefingnatis
1481 587 1537 622 vel
1556 599 1674 622 cruce-

192 646 390 693 fingnandis
408 645 565 680 concesso
583 647 640 680 vel
658 645 896 685 concedendo,
925 650 959 679 et
978 645 1139 679 omnibus
1166 645 1241 678 aliis
1270 644 1509 690 indulgentiis,
1541 643 1672 689 gratiis,

193 703 393 750 privilegiis,
412 702 634 749 generalibus
651 702 708 736 vel
727 701 939 749 specialibus,
972 706 1007 735 et
1025 700 1186 734 omnibus
1204 699 1507 747 appellationibus,
1538 704 1675 733 contra-

193 758 416 799 difflonibus,
446 758 734 798 cavillationibus,
768 763 802 791 et
832 757 906 791 aliis
936 769 998 803 per
1025 769 1093 802 que
1124 756 1273 790 intentio
1301 755 1360 789 seu
1385 761 1489 789 tenor
1506 754 1674 802 presentis

193 813 309 861 scripti
327 815 363 848 in
379 820 478 861 parte
496 814 552 848 vel
570 814 606 848 in
625 819 700 848 toto
718 813 877 860 impediri
909 810 1009 859 poffit
1026 812 1083 847 vel
1101 812 1312 859 impugnari.
1365 811 1409 845 In
1428 811 1526 857 cujus
1544 811 1595 845 rei
1611 809 1675 845 tes-

192 870 391 910 timonium,
412 870 455 904 ad
472 869 667 904 instantiam
686 869 847 909 nostram,
866 868 979 915 gratia
996 868 1136 915 majoris
1154 867 1350 907 testimonii,
1374 867 1456 901 huic
1473 866 1600 914 scripto
1618 879 1676 914 ap-

194 925 299 973 pensa
315 925 394 960 sunt
411 925 520 972 figilla
537 926 669 959 domini
690 925 839 959 Roberti
859 924 928 958 Dei
946 924 1059 970 gratia
1077 921 1309 969 Glasgwenfis
1328 922 1488 969 episcopi,
1519 928 1554 956 et
1585 934 1677 956 com-

194 994 301 1016 mune
319 980 465 1028 figillum
484 982 626 1028 capituli
645 980 798 1028 ejusdem
816 980 895 1020 loci,
924 986 959 1014 et
984 979 1091 1027 figilla
1110 980 1333 1013 dominorum
1355 978 1552 1012 Alexandri
1569 977 1677 1012 senes-

195 1038 274 1073 calli
293 1038 420 1079 Scotie,
449 1044 484 1073 et
504 1038 657 1073 wilelmi
676 1038 817 1084 Cumyn
835 1037 878 1071 de
900 1036 1061 1083 Kylbrid,
1091 1048 1162 1070 una
1180 1048 1259 1069 cum
1276 1033 1392 1081 figillis
1410 1034 1544 1068 nostris.
1598 1033 1679 1068 Hiis

196 1093 347 1135 testibus,
380 1094 541 1141 magistro
576 1094 740 1128 Wilelmo
772 1093 889 1128 Fresel
920 1093 1052 1127 decano
1085 1089 1311 1137 GlaigweniL
1342 1090 1485 1124 domino
1520 1090 1678 1124 Roberto

197 1150 410 1186 thesaurario
423 1150 575 1198 ejusdem
590 1150 739 1192 ecclefie,
760 1150 921 1197 magistro
940 1149 962 1184 J
965 1149 1103 1183 ohanne
1116 1148 1158 1182 de
1172 1146 1345 1194 Lyndsay,
1366 1146 1527 1193 magistro
1540 1146 1681 1180 Thoma

198 1207 242 1242 de
258 1207 451 1247 Abeirden,
470 1207 632 1254 magistro
646 1207 811 1242 Gilberto
826 1207 869 1241 de
885 1205 1026 1245 Caneia,
1047 1203 1209 1250 magistro
1225 1203 1383 1237 Waltero
1399 1203 1441 1237 de
1454 1201 1677 1249 Grimhyiby,

200 1264 344 1298 domino
361 1263 522 1298 Wilelmo
537 1264 717 1311 capellano
729 1264 879 1311 predicti
897 1260 1067 1309 Episcopi,
1088 1260 1232 1294 domino
1249 1259 1425 1293 Mauricio
1440 1258 1621 1307 capellano
1636 1258 1678 1293 de

200 1318 359 1361 Paffelet,
379 1321 523 1355 domino
544 1320 707 1355 Wilelmo
726 1321 769 1355 de
788 1318 976 1367 Swynford
994 1317 1132 1357 clerico,
1153 1321 1188 1350 et
1205 1315 1324 1350 multis
1342 1315 1427 1350 aliis.

202 1489 339 1524 Littera
354 1487 594 1535 resignationis
614 1489 785 1523 Bernardi
804 1489 846 1523 de
866 1488 956 1522 Erth
975 1492 1009 1522 et
1029 1486 1141 1521 Elene
1160 1484 1279 1532 sponse
1297 1484 1367 1518 sue.

203 1600 441 1637 OMNIBUS
461 1601 586 1635 Christi
605 1601 766 1635 fidelibus
783 1599 922 1648 presens
939 1599 1104 1646 scriptum
1122 1597 1244 1632 visuris
1262 1597 1317 1631 vel
1344 1595 1514 1630 audituris
1533 1595 1683 1629 Bernar-

202 1658 266 1692 dus
285 1658 328 1692 de
348 1657 436 1692 Erth
456 1663 491 1692 et
510 1657 622 1692 Elena
639 1656 761 1704 sponsa
778 1656 836 1691 sua
852 1656 997 1690 {alutem
1016 1655 1052 1688 in
1072 1654 1230 1688 Domino
1256 1652 1513 1700 sempiternam.
1569 1651 1684 1686 Nove-

202 1714 248 1748 rit
264 1712 467 1748 univerfitas
484 1713 595 1747 vestra
612 1726 678 1747 nos
696 1713 809 1747 teneri
840 1718 874 1747 et
903 1710 1054 1759 presenti
1080 1710 1206 1757 scripto
1234 1709 1379 1755 obligari
1406 1708 1499 1754 quod
1527 1707 1683 1753 quando-

202 1782 341 1816 cunque
369 1770 464 1804 citati
495 1770 662 1804 fuerimus
693 1769 900 1803 litteratorie
927 1767 985 1802 seu
1005 1772 1170 1801 oretenus
1196 1778 1258 1813 per
1285 1765 1465 1799 dominum
1487 1763 1684 1798 Robertum

204 1825 275 1860 Dei
293 1826 405 1872 gratia
423 1824 622 1872 episcopum
641 1823 902 1871 Glasgwensem
921 1823 977 1859 vel
995 1823 1145 1869 aliquem
1165 1822 1239 1869 ejus
1257 1821 1441 1855 officialem
1458 1825 1499 1854 ut
1525 1820 1560 1855 in
1588 1819 1684 1854 curia

204 1881 390 1916 Malcolmi
409 1881 544 1915 comitis
563 1881 606 1915 de
625 1880 792 1915 Levenax
811 1892 1084 1927 compareamus,
1112 1878 1156 1912 ad
1182 1878 1380 1925 proximum
1400 1877 1566 1924 placitum
1584 1875 1684 1910 suum

203 1938 277 1985 post
294 1938 495 1972 citationem
514 1937 613 1970 nobis
631 1937 759 1971 fafflxuu
777 1937 821 1971 ad
838 1942 968 1971 terram
986 1935 1137 1969 nostram
1156 1935 1199 1968 de
1219 1933 1343 1980 Camsy
1361 1934 1397 1967 in
1416 1933 1594 1972 Levenax,
1613 1931 1683 1966 fine

204 1994 299 2028 omni
315 1992 546 2032 excusatione,
567 1993 745 2033 dilatione,
759 1992 1020 2039 prorogatione,
1034 1990 1266 2030 cavillatione,
1281 1990 1485 2036 exceptione
1501 1994 1535 2022 et
1548 1988 1682 2028 fraude,

203 2049 404 2094 ubicunque
422 2049 459 2082 in
477 2049 645 2082 comitatu
664 2049 823 2094 predffiko
841 2048 1007 2095 placitum
1034 2047 1149 2086 fuerit,
1178 2046 1305 2079 ibidem
1325 2045 1505 2079 veniemus
1523 2042 1683 2090 persona-

204 2105 295 2144 liter,
317 2110 351 2138 et
368 2104 472 2150 plene
491 2110 525 2138 et
544 2102 697 2150 express'e
714 2117 778 2151 pro
796 2104 896 2138 nobis
915 2109 949 2138 et
967 2102 1153 2137 heredibus
1171 2101 1293 2135 nostris
1312 2101 1347 2134 in
1365 2100 1469 2147 plena
1487 2100 1584 2133 curia
1601 2112 1683 2134 con-

205 2160 382 2195 fitebimur
409 2160 503 2205 quod
531 2159 638 2193 nichil
666 2159 756 2206 juris
786 2160 886 2194 nobis
919 2159 978 2194 seu
1013 2157 1198 2192 heredibus
1232 2157 1354 2191 nostris
1382 2156 1498 2202 aliquo
1526 2161 1685 2203 tempore

207 2215 385 2262 competiit
403 2214 462 2249 seu
480 2221 677 2262 competere
691 2216 818 2261 poterit
836 2217 872 2249 in
889 2215 991 2249 terris
1010 2214 1052 2248 de
1066 2213 1323 2252 Cochmanach‚
1345 2212 1555 2252 Fimbalach,
1577 2212 1685 2246 Edin-

207 2273 352 2311 bei-nan,
383 2271 559 2311 Bakclian,
587 2275 623 2304 et
654 2270 888 2311 Drumcreue,
917 2271 998 2304 licet
1016 2269 1202 2315 aliquando
1223 2269 1397 2303 Abbatem
1417 2274 1451 2303 et
1469 2274 1683 2303 conventum

209 2329 251 2362 de
271 2326 417 2362 Paflelet
435 2325 536 2373 super
553 2324 718 2373 premiffis
736 2327 837 2360 terris
855 2328 971 2361 vocari
989 2326 1112 2373 injuste
1130 2326 1274 2361 fecimus
1291 2327 1328 2360 in
1348 2326 1494 2373 judicio,
1527 2332 1562 2361 et
1587 2328 1682 2373 quod
