1839 2652
734 257 805 292 DE
834 256 1102 292 PASSELET.
1592 263 1660 300 157

178 422 286 457 Carta
304 421 461 456 Donaldi
482 420 719 468 Makgilcriste
739 420 873 455 domini
891 420 934 454 de
953 419 1126 454 Tarbard.

178 533 459 569 UNIVERSIS
477 532 595 567 sancte
612 533 733 567 matris
751 531 890 567 ecclefie
908 532 987 566 filiis
1000 532 1217 579 presentibus
1233 539 1267 567 et
1280 533 1407 568 futuris
1426 533 1658 568 Douenaldus

180 588 419 636 Makgilcriste
438 589 601 623 dominus
618 589 661 622 de
680 588 841 622 Tarbard
860 593 1016 623 eternam
1043 590 1079 624 in
1099 590 1258 624 Domino
1276 590 1433 625 salutem.
1479 591 1659 625 Noveritis

179 657 235 679 me
254 645 382 679 devota
398 650 516 679 niente
546 642 741 678 concessiffe
772 649 807 678 et
837 656 900 691 per
927 644 1123 691 presentem
1154 651 1285 680 cartam
1316 659 1441 687 meam,
1470 660 1534 694 pro
1552 646 1660 681 salute

178 701 375 735 animarum
401 698 654 734 antecefforum
681 711 841 733 meorum
873 705 908 734 et
936 713 1000 747 pro
1031 699 1140 735 salute
1170 702 1285 735 anime
1304 715 1391 742 mee,
1421 703 1456 736 in
1474 715 1599 749 puram
1627 709 1661 737 et

179 761 383 803 perpetuam
403 754 625 790 elemofinam
643 753 771 789 dediffe
789 768 853 802 pro
872 768 928 789 me
959 761 993 789 et
1021 756 1208 790 heredibus
1226 757 1312 791 meis
1331 757 1424 798 Deo,
1454 759 1585 793 Sancto
1603 759 1661 794 Ja-

180 812 268 847 cobo
287 818 322 846 et
340 812 472 846 Sancto
493 811 628 845 Mirino
648 811 691 845 de
711 810 859 846 Paffelet
876 824 915 845 ac
933 812 1112 846 monachis
1131 812 1259 846 ibidem
1279 812 1360 847 Deo
1378 812 1607 849 servientibus
1626 821 1660 849 et

180 869 438 915 imperpetuum
457 866 645 908 servituris,
675 867 819 901 liberam
850 868 1027 902 licentiam
1058 869 1274 914 amputandi,
1304 870 1463 917 capiendi
1495 876 1529 905 et
1555 871 1662 906 abdu-

181 924 283 958 cendi
301 924 542 958 omnimodum
562 923 768 958 meremium
787 921 912 958 eisdem
932 923 1098 971 religiosis
1116 924 1267 971 placens,
1295 939 1360 973 pro
1389 927 1609 961 edificatione
1629 934 1663 962 et

179 979 426 1014 fiistentatione
444 979 641 1014 monasterii
659 979 709 1014 sui
728 985 762 1014 et
781 980 905 1015 domus
934 980 977 1015 de
1005 979 1163 1021 Paffelet‚
1192 982 1282 1016 infra
1300 995 1422 1017 omnes
1440 982 1537 1018 filvas
1555 985 1664 1019 totius

179 1041 273 1070 terre
292 1048 380 1070 mee.
433 1035 494 1069 Do
513 1035 617 1070 etiam
636 1041 671 1070 et
690 1036 846 1070 concedo
864 1049 929 1084 pro
948 1050 1003 1071 me
1022 1043 1057 1072 et
1075 1037 1262 1073 heredibus
1280 1039 1365 1073 meis
1384 1039 1511 1074 eisdem
1525 1040 1664 1086 religio—

180 1090 220 1125 fis
238 1096 273 1126 et
290 1091 490 1125 hominibus
508 1090 575 1126 suis
593 1091 854 1139 imperpetuum
886 1100 956 1127 tam
984 1093 1134 1128 liberum
1153 1094 1337 1129 introitum
1367 1101 1402 1130 et
1430 1096 1564 1131 exitum
1583 1109 1663 1131 cum

182 1147 392 1182 omnimodis
410 1147 584 1182 meremiis
601 1146 669 1181 suis
686 1148 885 1195 amputatis,
911 1150 1134 1196 amputandis
1152 1155 1187 1184 et
1205 1150 1430 1193 abducendis,
1459 1165 1563 1198 quam
1580 1152 1664 1187 libe-

182 1216 256 1237 ram
274 1203 464 1244 licentiam,
496 1202 566 1238 fine
585 1203 657 1238 visu
685 1203 852 1252 serjantiS‚
885 1206 1100 1252 amputandi,
1130 1206 1290 1254 capiendi
1308 1213 1343 1242 et
1360 1207 1567 1242 abducendi.
1621 1207 1666 1242 In

183 1259 282 1306 cujus
299 1260 351 1294 rei
369 1259 605 1294 testimonium
635 1260 788 1307 presenti
819 1267 913 1296 carte
940 1275 1017 1296 mee
1047 1261 1196 1308 sigillum
1228 1275 1345 1298 meum
1376 1263 1530 1311 apposui.
1586 1263 1666 1298 Hiis

183 1316 334 1357 testibus,
364 1317 507 1351 domino
529 1316 685 1363 Hugone
712 1318 755 1352 de
784 1317 964 1352 Parcliner
981 1323 1154 1365 perpetuo
1172 1319 1303 1354 vicario
1331 1320 1374 1354 de
1408 1319 1663 1367 Kylmacolme,

185 1372 329 1407 domino
348 1372 535 1407 Nicholaio
554 1373 746 1421 capellano,
775 1374 919 1409 domino
940 1373 1121 1409 Macolmo
1141 1375 1333 1422 capellano.

184 1499 294 1535 Carta
312 1500 448 1536 Alwini
466 1501 602 1536 comitis
621 1502 664 1537 de
684 1501 864 1538 Leuenax.

185 1596 381 1632 SCIANT
406 1596 584 1644 presentes
602 1604 637 1632 et
654 1599 763 1633 futuri
789 1600 885 1646 quod
912 1612 977 1646 ego
998 1599 1163 1634 Alwinus
1182 1613 1298 1635 comes
1327 1602 1370 1636 de
1399 1601 1569 1638 Leuenax
1587 1616 1668 1638 con-

185 1651 262 1687 cefli
282 1659 317 1687 et
335 1653 540 1688 confirmavi
567 1654 706 1690 ecclefie
733 1656 776 1690 de
808 1656 984 1703 Kilpatrik
1016 1669 1138 1690 omnes
1167 1663 1279 1693 terras
1311 1659 1354 1693 de
1383 1659 1596 1701 Cochinach‚
1625 1661 1668 1695 (le

189 1708 458 1750 Edenanernan,
488 1710 531 1745 de
552 1710 700 1752 Baccan,
729 1712 773 1746 de
793 1711 1013 1753 Finbealach‚
1042 1713 1085 1747 de
1105 1712 1342 1756 Drumcreue,
1372 1716 1415 1749 de
1446 1716 1670 1763 Graguenta—

187 1764 274 1805 lach,
304 1765 347 1799 de
367 1765 720 1808 Monachkenneran,
749 1769 793 1802 de
822 1768 1167 1816 Drumtechglunan‚
1189 1771 1231 1805 de
1252 1770 1447 1812 Cuiltebut,
1468 1778 1503 1807 et
1521 1773 1564 1808 de
1584 1773 1670 1808 Dal-

189 1820 370 1862 lenenach,
399 1834 478 1856 cum
498 1823 660 1858 omnibus
672 1823 772 1871 justis
797 1826 1017 1872 pertinentiis
1035 1825 1103 1860 suis
1121 1832 1155 1861 et
1174 1826 1285 1862 divisis
1301 1841 1309 1862 z
1338 1828 1528 1863 Tenendas
1545 1830 1671 1877 imper-

189 1880 334 1921 petuum
353 1877 402 1910 ita
418 1877 527 1912 libere
544 1876 629 1913 ficut
647 1879 790 1913 liberius
808 1881 953 1915 concedi
971 1880 1111 1929 pofliint
1129 1889 1164 1918 et
1190 1884 1313 1925 teneri,
1342 1897 1422 1918 cum
1440 1885 1500 1919 illa
1517 1892 1612 1920 terra
1629 1887 1672 1920 de

191 1930 421 1966 Cateeonnen
438 1946 501 1979 per
520 1947 642 1969 omnes
659 1935 774 1969 rectas
800 1935 923 1970 divisas
940 1936 1026 1972 suas.
1081 1939 1202 1980 Quare
1220 1940 1303 1974 volo
1330 1946 1371 1974 ut
1400 1946 1470 1974 tam
1502 1941 1562 1975 illa
1578 1947 1673 1975 terra

191 1986 235 2020 de
243 1986 484 2028 Cateconnen,
504 2002 609 2035 quam
624 2002 689 2036 ego
704 1990 774 2038 ipse
789 1991 869 2025 dedi
883 1993 926 2026 ad
941 1993 1112 2029 honorem
1126 1995 1246 2030 Sanfflfi
1262 1996 1413 2036 Patrieii‚
1434 2010 1537 2043 quam
1551 2010 1673 2032 omnes

192 2040 258 2075 alie
276 2047 372 2076 terre
388 2044 547 2090 predicte
564 2045 715 2080 habeant
733 2047 952 2083 omnimodas
973 2049 1150 2085 libertates
1178 2064 1262 2097 quas
1291 2064 1357 2097 ego
1377 2052 1460 2086 dare
1477 2051 1611 2099 poffum
1638 2062 1673 2088 et

193 2097 387 2132 concedere
417 2099 474 2133 vel
504 2099 610 2146 aliqui
637 2114 737 2148 pares
764 2103 844 2137 mei.
912 2103 992 2139 Hiis
1021 2106 1173 2147 testibus,
1203 2107 1433 2148 Maldoveno,
1464 2107 1669 2151 Malcolm0‚

194 2151 273 2186 filiis
291 2153 387 2193 meis,
409 2153 628 2190 Maldoveno
647 2157 779 2192 decano
798 2159 842 2193 de
861 2159 1039 2202 Levenax,
1070 2162 1236 2197 Rodarco
1254 2169 1383 2210 nepote
1402 2177 1491 2205 me0,
1513 2165 1673 2212 magistro

196 2206 375 2242 Michaele
394 2208 589 2257 Gilmodyn
606 2211 753 2258 persona
770 2214 814 2248 de
841 2215 970 2257 Nenet,
1000 2217 1219 2252 Ewarnerdo
1247 2219 1320 2254 filio
1350 2219 1525 2269 Gilescop,
1555 2222 1672 2258 Adam

193 2263 240 2298 de
259 2263 407 2305 Fintref,
427 2264 593 2300 Gilcristo
620 2267 662 2301 de
690 2268 894 2317 Drummyn
911 2272 1092 2319 capellano
1110 2287 1200 2315 meo,
1229 2281 1264 2310 et
1293 2276 1412 2312 multis
1441 2277 1527 2320 aliis,
1556 2291 1672 2314 coram

190 2318 362 2355 Jocelino
381 2319 552 2369 episcopo,
580 2323 673 2370 apud
692 2323 846 2371 Glasgw.
