1839 2652
712 265 783 301 DE
815 265 1085 301 PASSELET.
1584 269 1651 307 179

174 368 430 403 retenemento,
461 375 541 398 cum
570 363 732 397 omnibus
750 364 980 410 pertinentiis,
1010 362 1238 403 libertatibus,
1266 362 1458 397 afiamentis
1476 367 1512 397 et
1529 361 1652 403 divifis,

172 419 334 459 habeant,
350 425 494 454 teneant
513 424 547 454 et
566 418 757 466 postideant
776 420 984 454 hereditarie
1003 420 1274 467 imperpetuum,
1294 419 1413 459 libere,
1435 419 1562 464 quiete,
1581 418 1653 466 ple-

172 477 270 510 narie
289 482 323 510 et
341 476 545 516 honorifice,
573 474 642 510 fine
661 476 757 510 omni
782 476 947 516 molestia,
974 476 1177 522 gravamine
1195 476 1250 510 vel
1278 475 1477 522 calumpnia
1495 488 1538 509 ex
1555 480 1654 522 parte

173 531 289 566 nostra
305 531 361 566 vel
380 532 548 566 heredum
567 531 764 566 nostrorum
784 532 818 565 in
836 531 1033 578 posterum3
1056 533 1103 566 ita
1121 533 1215 578 quod
1234 546 1297 567 nos
1311 533 1367 567 vel
1385 532 1531 566 heredes
1549 531 1653 565 nostri

173 589 350 636 presentes
368 589 422 624 vel
441 590 561 629 futuri,
582 589 637 623 vel
656 589 778 635 aliquis
796 590 939 623 nomine
958 589 1084 629 nostro,
1111 589 1219 623 nichil
1238 590 1273 623 in
1291 589 1451 636 predicta
1468 593 1573 628 terra,
1593 600 1655 622 no-

174 647 267 680 mine
286 646 388 686 dotis,
417 646 472 680 vel
492 646 608 691 aliquo
633 645 779 692 judicio,
802 645 884 692 jure
914 645 970 678 vel
1001 644 1079 679 casu
1108 645 1402 691 contingentibus,
1432 646 1572 691 exigere
1598 643 1655 679 vel

175 702 324 736 clamare
342 702 533 748 poterimus
561 702 603 735 de
630 707 771 743 cetero,
801 701 947 735 eandem
976 706 1106 735 terram
1125 706 1159 735 et
1177 707 1308 735 cartam
1336 714 1439 747 quam
1457 700 1652 740 habuimus,

175 764 210 792 et
228 763 339 792 totum
353 758 413 804 jus
431 758 524 803 quod
543 757 642 790 nobis
660 757 716 790 vel
741 756 926 790 heredibus
944 756 1066 790 nostris
1092 757 1271 803 competiit
1289 757 1344 790 vel
1371 762 1570 804 competere
1595 769 1656 804 po-

174 815 242 848 tuit
260 813 317 848 seu
337 813 456 847 debuit
475 813 509 846 iu
528 812 703 859 posterum
731 813 767 845 in
797 812 957 858 predic-ta
986 818 1090 852 terra,
1120 813 1221 846 dicffis
1241 812 1370 846 Abbati
1403 818 1438 847 et
1465 813 1655 847 conventui

174 883 237 917 per
254 869 380 904 fustum
400 875 433 903 et
453 869 613 903 baculum
633 869 669 902 in
687 868 784 903 curia
801 867 954 915 ipsorum
972 868 1198 908 reddidimus,
1220 867 1469 914 resignavimus
1488 874 1533 909 et,
1553 869 1656 903 tactis

174 925 408 965 sacrosanctis,
440 925 665 972 solempniter
689 924 937 971 abjuravimus,
965 924 1124 958 volentes
1142 929 1177 958 et
1194 925 1427 959 concedentes
1445 930 1484 959 ut
1501 923 1525 958 fi
1543 924 1656 970 alique

176 987 269 1016 carte
288 981 404 1027 aliquo
422 987 581 1028 tempore
599 987 737 1028 reperte
756 981 887 1015 fuerint
906 980 1122 1014 mentionem
1152 980 1318 1014 facientes
1345 986 1385 1014 ut
1413 981 1449 1014 in
1479 980 1539 1014 illa
1563 985 1658 1014 terra

175 1037 404 1072 hereditatem
424 1037 621 1078 habeamus,
642 1037 773 1071 nullius
790 1035 856 1070 fint
873 1036 1042 1070 momenti
1061 1036 1118 1070 vel
1135 1036 1282 1077 roboris,
1302 1035 1351 1071 set
1369 1037 1466 1071 irrite
1485 1043 1520 1071 et
1537 1037 1658 1071 inanes

177 1099 212 1128 et
228 1093 329 1128 nobis
347 1093 403 1128 vel
421 1093 608 1128 heredibus
638 1093 761 1127 nostris
792 1092 892 1127 nullo
922 1098 1082 1139 tempore
1112 1093 1274 1127 valituro.
1326 1093 1373 1128 Et
1391 1092 1414 1127 fi
1433 1094 1522 1128 forte
1541 1094 1657 1140 aliquo

177 1156 335 1197 tempore
353 1162 417 1184 nos
438 1150 490 1183 vel
510 1150 655 1184 heredes
673 1149 780 1183 nostri
798 1154 921 1183 contra
939 1149 1028 1183 hanc
1046 1149 1291 1190 redditionem,
1315 1149 1583 1196 refignationem
1601 1151 1658 1185 vel

177 1206 431 1253 abjurationem
452 1207 485 1239 in
505 1206 621 1252 aliquo
639 1206 760 1240 venire
780 1206 1004 1245 voluerimus,
1032 1217 1097 1239 nos
1115 1205 1217 1240 dictis
1237 1206 1368 1240 Abbati
1395 1211 1430 1241 et
1455 1207 1657 1247 conventui,

178 1268 260 1297 ante
278 1262 348 1297 litis
366 1261 553 1308 ingreffiim
573 1262 629 1296 vel
648 1268 835 1308 antequam
866 1262 903 1295 in
930 1261 997 1295 alia
1015 1261 1112 1295 curia
1129 1262 1324 1302 audiamur,
1353 1263 1396 1297 de
1413 1262 1519 1310 plano
1538 1268 1573 1297 et
1590 1262 1659 1297 fine

178 1319 321 1366 strepitu
335 1318 505 1366 judiciali,
525 1325 666 1354 centum
687 1318 790 1353 libras
808 1319 951 1353 nomine
965 1331 1055 1365 pene
1069 1318 1223 1365 plenarie
1237 1318 1484 1365 persolvemus,
1505 1320 1553 1354 ita
1566 1320 1660 1366 quod

179 1380 265 1410 tunc
283 1388 354 1410 non
373 1375 540 1409 valebunt
558 1375 667 1415 nobis,
697 1380 867 1421 quantum
898 1375 941 1408 ad
971 1374 1170 1421 supradi6ta
1188 1375 1407 1416 infirmanda,
1436 1376 1551 1422 aliqua
1570 1376 1660 1423 juris

180 1431 339 1466 canonici
358 1431 412 1465 vel
431 1431 541 1465 civilis
560 1431 738 1471 beneficia,
766 1430 944 1477 generalia
961 1430 1018 1465 vel
1047 1429 1216 1477 specialia,
1244 1431 1369 1466 statuta
1386 1432 1442 1466 vel
1468 1432 1659 1468 statuenda.

182 1488 229 1522 Et
247 1488 290 1522 ad
309 1488 427 1522 omnia
444 1488 603 1534 predicta
620 1488 656 1522 in
687 1488 843 1534 quolibet
861 1486 1009 1522 articulo
1028 1487 1180 1522 fideliter
1198 1488 1422 1528 observanda,
1454 1488 1661 1536 subjecimus

180 1556 246 1579 nos
264 1550 299 1578 et
316 1544 462 1578 heredes
481 1544 863 1591 nostrosjurilklietioni
879 1544 1011 1579 domini
1032 1543 1193 1591 Episcopi
1212 1543 1443 1591 Glasgweufis
1459 1545 1515 1580 vel
1535 1546 1661 1580 Archi-

182 1601 319 1636 diaconi
338 1600 436 1634 vallis
455 1601 497 1635 de
519 1600 612 1635 Clud
638 1601 697 1646 qui
727 1614 792 1647 pro
822 1607 981 1648 tempore
999 1601 1116 1642 fuerit,
1145 1608 1185 1636 ut
1214 1602 1317 1636 ambo
1336 1602 1393 1637 vel
1423 1603 1512 1637 alter
1539 1617 1660 1640 eorum

182 1655 308 1704 poflint
341 1656 397 1690 vel
432 1654 533 1703 possit
560 1669 635 1697 1105,
665 1657 708 1690 de
736 1657 842 1703 plano
871 1663 906 1692 et
935 1657 1061 1704 abique
1090 1658 1234 1705 strepitu
1267 1658 1437 1705 judiciali,
1466 1661 1661 1697 monitione

182 1710 352 1760 premiss'a,
403 1725 466 1759 per
500 1712 706 1747 sententiam
743 1715 1127 1757 excommunicationis,
1172 1716 1229 1751 vel
1266 1716 1379 1751 modis
1423 1716 1496 1752 aliis
1540 1717 1665 1763 quibus

182 1768 306 1803 melius
336 1769 488 1803 viderint
514 1768 571 1802 vel
596 1769 724 1803 viderit
755 1770 932 1816 expedire,
960 1771 1004 1805 ad
1027 1770 1305 1807 observationem
1334 1774 1491 1808 omnium
1522 1775 1664 1821 premis-

183 1825 299 1860 sorum
339 1825 560 1872 compellere,
606 1831 742 1860 remota
775 1826 929 1872 qualibet
956 1827 1191 1874 appellatione
1231 1834 1266 1863 et
1300 1831 1580 1865 contradictione
1620 1845 1663 1866 ex

182 1886 281 1929 parte
310 1881 425 1915 nostra
451 1887 486 1916 et
515 1881 685 1916 heredum
712 1881 868 1917 nostrum
898 1883 1184 1930 imperpetuum;
1224 1887 1472 1921 renunciantes
1498 1892 1570 1922 tam
1598 1901 1662 1935 pro

184 1938 285 1973 nobis
302 1951 405 1984 quani
424 1951 488 1984 pro
506 1938 692 1972 heredibus
709 1937 833 1972 nostris
858 1939 1117 1986 imperpetuum
1149 1941 1244 1975 omni
1275 1942 1498 1983 cavillationi,
1528 1950 1665 1978 contra-

186 1994 344 2033 ditffioni,
372 1993 608 2040 appellationi,
641 1994 849 2041 exceptioni,
877 1995 1126 2042 impetratioffl,
1155 2001 1189 2030 et
1219 1997 1380 2031 omnibus
1410 1998 1555 2044 legibus,
1583 2013 1664 2034 con-

186 2049 426 2084 suetudinibus
445 2050 555 2095 regni,
583 2049 716 2084 statutis
744 2055 779 2084 et
805 2049 1004 2091 statuendis,
1033 2057 1068 2086 et
1087 2052 1248 2087 omnibus
1265 2054 1396 2098 gratiis,
1424 2054 1662 2101 indulgentiis,

187 2104 377 2152 privilegiis
406 2105 627 2150 generalibus
644 2105 701 2140 vel
718 2105 932 2153 specialibus,
963 2112 997 2141 et
1023 2107 1185 2141 omnibus
1203 2108 1328 2142 litteris
1346 2122 1367 2143 a
1383 2108 1462 2144 sede
1480 2111 1665 2157 apostolica

188 2160 245 2194 vel
262 2160 305 2194 ab
323 2160 439 2206 aliquo
457 2166 602 2206 gerente
620 2161 712 2196 vices
729 2160 831 2208 ipsius
848 2161 1011 2196 conceffis
1030 2168 1064 2197 et
1082 2164 1324 2204 concedendis,
1344 2165 1537 2212 impetratis
1551 2172 1586 2201 et
1603 2168 1666 2202 im-

189 2216 378 2262 petrandiS‚
400 2221 434 2250 et
452 2215 644 2262 specialiter
661 2217 830 2251 beneficio
848 2217 1073 2252 restitutionis
1090 2219 1127 2252 in
1145 2220 1333 2266 integrum,
1354 2227 1389 2255 et
1407 2222 1568 2258 omnibus
1592 2225 1666 2259 aliis

189 2284 256 2317 que
275 2278 398 2306 contra
428 2271 566 2318 presens
584 2271 750 2319 scriptum
770 2272 860 2307 obici
876 2272 1016 2320 poffunt
1034 2274 1089 2308 vel
1108 2276 1270 2322 proponi.
1323 2276 1370 2311 Et
1388 2290 1453 2312 nos
1469 2285 1503 2313 et
1521 2279 1666 2315 heredes

190 2326 294 2361 nostri
306 2328 501 2375 predictam
513 2333 643 2363 terram
656 2328 699 2363 de
715 2328 827 2370 Cnoc‚
847 2329 883 2363 in
903 2329 1064 2364 omnibus
1078 2337 1118 2365 ut
1129 2331 1328 2378 predffifflm
1345 2333 1401 2375 est,
1419 2334 1521 2370 dictis
1535 2336 1666 2372 Abbati
