1839 2652
205 291 251 323 88
603 286 919 322 REGISTRUM
947 287 1290 324 MONASTERII

209 384 328 419 multis
342 383 426 418 aliis.
479 383 575 418 Αὸὶα
592 383 685 430 apud
703 382 885 418 Linlithcu
903 383 958 418 die
972 383 1056 419 lune
1069 385 1230 431 proxima
1247 384 1322 432 post
1340 386 1481 420 &cavas
1496 386 1614 434 Epiph
1622 388 1701 423 anie

208 453 301 474 anno
317 439 509 473 nativitatis
527 439 702 475 dominice
721 438 902 474 millesimo
923 439 1157 475 ducentesimo
1170 439 1430 488 quadragesimo
1448 441 1556 484 sexto,
1577 456 1700 478 coram

209 495 348 531 testibus
366 494 585 543 supradictis.

216 664 322 698 Carta
341 664 538 699 Alexandri
556 664 617 699 filii
636 664 784 699 Walteri
803 665 846 699 de
864 669 959 699 terra
976 665 1066 700 infra
1091 665 1261 713 parchum
1287 666 1419 702 inclusa
1438 672 1473 702 et
1493 667 1536 702 de
1554 667 1613 701 viii
1632 668 1701 702 cel-

217 721 287 756 dris
305 722 415 757 farine
433 735 549 757 annue
568 721 739 769 pensionis
757 723 800 757 de
821 722 1041 769 Inchynnan.

219 834 550 870 ALEXANDER
569 835 662 869 filius
675 834 829 869 lValteri
845 835 959 869 Scotie
973 833 1176 868 senescallus
1191 834 1321 869 (1116ἃο
1335 840 1369 869 et
1383 835 1477 870 fideli
1489 835 1549 870 suo
1565 835 1703 871 Thome

219 891 262 925 de
283 891 392 926 Bosco
424 892 570 926 baronie
603 892 645 926 de
667 892 806 926 Renfru
835 891 990 926 salutem.
1049 889 1186 924 Mando
1217 891 1279 924 tibi
1310 896 1344 926 et
1361 892 1516 939 precipio
1537 892 1705 938 quatinus

219 960 281 993 per
294 948 423 994 probos
440 954 475 983 et
493 948 612 982 fideles
627 948 786 982 homines
803 947 994 982 mensurari
1013 946 1116 980 facias
1140 952 1251 980 totam
1277 947 1371 981 illam
1396 953 1525 982 terram
1551 961 1618 994 qne
1636 949 1701 982 fuit

221 1005 474 1039 monachorum
489 1005 531 1039 de
548 1003 704 1045 Paffelet,
718 1017 821 1050 quam
837 1004 997 1038 dominus
1008 1008 1107 1050 pater
1118 1015 1216 1037 meus
1231 1009 1265 1037 et
1277 1016 1343 1049 ego
1357 1003 1489 1037 includi
1501 1004 1645 1038 fecimus
1664 1005 1699 1038 in

221 1073 327 1107 parco
345 1061 461 1096 nostro
487 1074 529 1095 ex
548 1061 754 1096 occidentali
772 1066 877 1108 parte.
897 1059 1001 1094 rivuli
1028 1059 1070 1093 de
1098 1057 1253 1105 Espdare
1271 1071 1279 1092 ε
1308 1064 1342 1093 et
1361 1064 1446 1105 quot
1464 1072 1559 1094 acras
1577 1059 1704 1094 ibidem

221 1118 435 1158 inveneritis,
464 1123 518 1152 tot
544 1130 639 1152 acras
664 1116 733 1152 fine
761 1117 857 1151 omni
884 1117 1051 1150 dilatione
1078 1115 1126 1149 eis
1153 1115 1294 1149 liberari
1313 1115 1419 1149 facias
1437 1116 1705 1162 propinquiores

223 1172 363 1208 ecclesie
380 1186 502 1208 eorum
522 1174 565 1208 de
585 1173 756 1220 Innirkyp
775 1186 859 1219 quas
887 1174 935 1207 eis
965 1172 1045 1206 dedi
1073 1172 1110 1205 in
1138 1171 1356 1205 excambium
1382 1177 1476 1206 terre
1494 1171 1703 1219 supradicte.

225 1229 391 1264 Preterea
409 1229 535 1263 eisdem
554 1230 787 1263 incontinenti
803 1228 956 1263 saifinam
974 1228 1078 1262 facias
1097 1228 1139 1262 (16
1157 1227 1215 1262 sex
1232 1228 1320 1262 acris
1339 1234 1431 1262 terre
1450 1229 1706 1276 propinquiori-

225 1285 289 1320 bus
307 1285 437 1332 capclle
456 1285 499 1319 de
519 1285 760 1319 Lochwinhoc
778 1297 862 1331 quas
884 1285 932 1318 eis
960 1284 1039 1318 dedi
1069 1285 1105 1317 111
1123 1284 1279 1324 liberam,
1307 1297 1431 1331 puram
1450 1290 1483 1319 et
1501 1291 1706 1332 perpetuam

226 1340 447 1376 elemosinam
466 1354 508 1375 ex
528 1341 644 1375 debito
677 1346 712 1374 et
738 1338 901 1387 promifl'o
933 1340 1064 1374 domini
1093 1340 1200 1387 patris
1228 1340 1308 1380 mei,
1339 1353 1403 1387 pro
1434 1346 1529 1375 terra
1555 1354 1622 1387 que
1640 1341 1706 1375 fuit

228 1397 381 1431 wilelmi
400 1397 608 1443 Francigeni
626 1397 719 1443 apud
739 1397 918 1437 Innirwic,
948 1410 1015 1443 que
1033 1397 1137 1431 michi
1156 1402 1190 1431 et
1208 1396 1393 1431 heredibus
1412 1397 1496 1431 meis
1515 1397 1707 1432 remanebit

227 1455 496 1501 imperpetuum.
549 1452 629 1486 Tibi
649 1451 788 1500 insuper
806 1453 960 1500 precipio
978 1453 1141 1498 quatinus
1160 1452 1286 1487 eisdem
1305 1453 1485 1487 monachis
1502 1452 1586 1486 solvi
1604 1454 1706 1488 facias

227 1509 368 1557 lingulis
385 1509 484 1543 annis
503 1508 545 1542 de
563 1508 664 1542 firma
682 1508 724 1542 de
745 1508 955 1556 Inchynnan
969 1509 1051 1543 οᾶὶο
1071 1508 1204 1543 celdras
1222 1509 1342 1549 farine,
1362 1509 1523 1543 videlicet
1539 1509 1622 1543 duas
1641 1510 1707 1543 cel-

230 1566 308 1600 dras
326 1578 410 1611 quas
429 1565 476 1598 eis
495 1564 605 1599 debeo
624 1577 687 1611 per
712 1570 842 1599 cartam
873 1578 985 1599 meam
1004 1578 1068 1612 pro
1087 1565 1242 1599 multura
1261 1565 1303 1600 de
1323 1563 1416 1605 Rafl',
1446 1571 1480 1599 et
1498 1564 1555 1599 sex
1573 1565 1707 1600 celdras

228 1634 312 1668 quas
331 1634 396 1667 ego
415 1626 449 1655 et
468 1620 609 1654 domina
626 1626 738 1655 mater
756 1633 834 1655 mea
852 1621 900 1655 eis
927 1621 1093 1655 debemus
1122 1622 1301 1655 annuatim
1321 1622 1356 1654 in
1375 1621 1446 1655 vita
1472 1621 1603 1655 domini
1638 1622 1707 1656 Ra-

231 1677 316 1712 dulfi
335 1677 514 1723 capellani,
547 1676 582 1710 in
601 1677 819 1711 excambium
849 1682 942 1711 terre
971 1690 1093 1712 eorum
1125 1677 1167 1711 de
1197 1677 1394 1711 Innerwic:
1423 1682 1457 1711 et
1483 1677 1582 1711 nullo
1601 1679 1707 1712 modo

231 1734 370 1769 omittas
388 1733 472 1779 quin
490 1733 592 1766 facias
610 1733 660 1767 eis
686 1731 838 1767 satisfieri
866 1733 908 1766 de
930 1733 1090 1766 omnibus
1109 1733 1291 1778 arreragiis
1310 1733 1483 1767 dictarum
1501 1732 1558 1768 sex
1577 1734 1707 1768 celdra-

232 1804 310 1825 rum
328 1791 364 1824 in
382 1789 506 1835 quibus
529 1802 594 1835 ego
624 1795 658 1823 et
686 1789 828 1823 domina
857 1794 968 1823 mater
986 1801 1063 1822 mea
1081 1788 1128 1822 eis
1147 1794 1319 1822 tenemur.
1373 1788 1415 1823 In
1435 1789 1532 1836 cujus
1551 1790 1599 1824 rei
1619 1789 1707 1824 testi-

233 1846 390 1881 monium
409 1845 470 1878 has
487 1845 620 1879 litteras
638 1857 730 1878 meas
748 1850 906 1891 patentes
924 1844 985 1878 tibi
1003 1845 1115 1878 mitto.
1159 1843 1260 1878 Vale.

236 2014 343 2049 Carta
360 2014 500 2048 licentie
519 2013 680 2048 trahendi
699 2026 823 2060 aquam
841 2026 861 2047 a
879 2012 992 2047 rivulo
1012 2012 1200 2060 El'pedayr.

239 2125 569 2161 ALEXANDER
597 2125 688 2160 filius
707 2125 854 2160 Walteri
885 2125 1000 2160 Scotie
1030 2125 1234 2159 senescallus
1263 2125 1423 2159 omnibus
1451 2126 1648 2160 hominibus
1675 2132 1708 2160 et

236 2182 353 2216 amicis
372 2181 437 2215 suis
455 2181 611 2216 salutem.
665 2182 786 2216 Sciatis
803 2194 867 2216 nos
886 2180 1024 2222 dediffe,
1045 2180 1237 2216 conceffifl'e
1256 2187 1290 2216 et
1308 2181 1371 2216 hac
1386 2187 1480 2215 carta
1498 2181 1612 2216 nostra
1629 2195 1709 2216 con-

238 2235 383 2271 firmaffe
402 2237 580 2272 monachis
598 2237 720 2272 nostris
738 2238 780 2272 de
800 2237 946 2272 Paffelet
961 2238 1137 2272 licentiam
1156 2238 1317 2272 trahendi
1336 2251 1459 2284 aquam
1477 2236 1560 2272 licut
1576 2237 1634 2272 fibi
1653 2251 1710 2272 ex-

238 2293 357 2340 pedire
385 2293 537 2328 viderint
567 2307 586 2327 a
616 2294 730 2328 rivulo
761 2295 819 2340 qui
847 2294 974 2328 dicitur
1004 2293 1190 2341 Espedayr,
1224 2294 1313 2328 infra
1344 2294 1511 2340 pal-chum
1541 2293 1707 2334 nostrum,

238 2348 344 2395 usque
363 2349 407 2383 ad
427 2349 666 2384 molendinum
686 2350 728 2384 ab
747 2349 822 2397 ipfis
853 2350 1135 2391 construendum,
1172 2350 1240 2385 line
1276 2349 1427 2397 ejusdem
1455 2349 1574 2397 parchi
1604 2349 1710 2384 nostri
