1839 2652
152 231 198 262 82
555 226 870 262 REGISTRUM
897 226 1235 263 MONASTERII

155 324 305 359 Roberti
324 324 395 358 Dei
411 322 523 370 gratia
541 323 632 369 regis
651 323 837 357 Scotorum
869 323 1009 357 illustris
1039 325 1275 370 progenitoris
1305 324 1422 365 nostri,
1450 326 1634 372 animeque

155 381 337 416 Elizabeth
355 380 474 414 matris
491 379 617 420 nostre,
647 384 681 414 et
699 378 894 426 specialiter
911 392 976 426 pro
994 378 1103 414 salute
1121 380 1236 414 anime
1254 380 1369 415 nostre
1388 387 1422 415 et
1444 381 1635 417 liberorum

154 438 362 477 nostrorum,
378 449 418 471 ac
433 436 588 470 omnium
605 433 856 470 antecefforum
869 441 903 470 et
915 434 1145 470 succefforum
1157 435 1354 470 nostrorum
1369 449 1491 483 regum
1507 438 1634 479 Scotie,

156 499 190 529 et
204 493 361 528 omnium
376 492 531 527 fidelium
550 492 811 532 defunctorum,
832 492 868 526 in
887 492 1047 526 omnibus
1059 493 1201 538 pumffis
1212 491 1279 526 suis
1294 498 1327 527 et
1341 493 1506 533 articulis,
1520 494 1638 528 condi-

154 549 307 584 tionibus
322 554 356 584 et
370 549 483 583 modis
494 561 533 582 ac
551 547 814 583 circumstantiis
824 546 891 582 suis
905 546 1294 594 quibuscunque,forma
1307 549 1437 596 pariter
1449 554 1483 583 et
1497 549 1636 590 affeetu,

155 608 192 640 in
210 605 372 640 omnibus
390 610 425 640 et
438 618 501 652 per
520 605 647 645 onmia,
667 604 911 651 approbamus,
931 606 1142 640 ratificamus
1156 611 1191 640 et
1207 619 1272 653 pro
1290 606 1390 640 nobis
1405 612 1439 640 et
1453 607 1639 641 heredibus

155 663 278 698 nostris
296 668 335 697 ut
353 660 554 709 premiffum
573 660 619 695 est
637 661 741 695 etiam
759 661 803 694 ad
822 674 964 696 manum
983 668 1157 696 mortuam
1177 663 1437 709 imperpetuum
1455 663 1638 697 confirma-

156 733 255 755 mus:
299 719 420 754 Nichil
437 719 518 752 inde
544 718 704 752 faciendo
735 717 835 751 nobis
853 718 909 752 vel
936 718 1124 753 heredibus
1150 724 1211 753 aut
1240 718 1485 754 succefforibus
1503 719 1636 761 nostris,

157 775 218 811 nifi
235 781 373 811 tantum
392 775 591 809 orationum
609 772 769 819 suffragia
786 773 1005 808 devotarum.
1062 775 1106 809 ln
1125 775 1222 822 cujus
1240 776 1290 809 rei
1308 775 1543 810 testimonium
1562 789 1639 823 pre-

157 832 244 867 senti
263 838 357 866 carte
375 830 490 865 nostre
509 830 782 865 confirmationis
800 829 954 864 nostrum
972 831 1190 878 precepimus
1202 832 1329 878 apponi
1345 830 1504 878 sigillum.
1556 831 1639 866 Tes-

157 890 259 930 tibus,
287 888 482 923 reverendo
511 887 547 920 in
575 885 686 921 Cristo
721 891 820 933 patre
851 886 1016 920 Gilberto
1045 885 1204 934 episeopo
1234 886 1477 922 Aberdonenfi
1506 889 1639 923 cancel-

158 946 245 980 lario
263 944 391 985 nostro,
422 943 582 977 Roberto
601 942 690 976 duce
709 942 861 976 Albanio
880 943 1006 977 comite
1038 943 1080 977 de
1108 943 1193 990 Fyfe
1222 948 1256 977 et
1287 944 1329 977 de
1349 943 1516 978 Menteth
1533 945 1640 979 fratre

158 1003 276 1038 nostro
310 1015 490 1049 germano,
531 1000 651 1034 David
679 1000 721 1034 de
753 998 937 1046 Lyndesay
968 999 1094 1033 comite
1125 999 1168 1033 de
1199 999 1408 1040 Craufurde,
1436 1000 1570 1036 Jacobo
1597 1001 1640 1035 de

160 1059 322 1106 Douglas
349 1059 492 1092 domino
520 1057 562 1091 de
592 1055 761 1096 Dalketh,
792 1055 955 1090 Wilelmo
989 1056 1031 1089 de
1064 1054 1317 1102 Conynghame
1350 1056 1392 1090 de
1425 1056 1638 1103 Kyhnauris,

160 1116 337 1156 militibus,
371 1120 406 1148 et
435 1113 596 1159 magistro
616 1111 774 1146 &valtero
804 1111 833 1145 F
835 1111 982 1146 orestare
1012 1110 1196 1145 secretario
1226 1112 1354 1152 nostro,
1382 1113 1475 1159 apud
1494 1112 1639 1147 castrum

160 1173 314 1208 nostrum
334 1172 376 1206 de
397 1168 595 1216 Rothesaye
614 1169 749 1203 decimo
769 1169 895 1202 oeta-vo
915 1168 970 1202 die
987 1166 1110 1202 menfis
1125 1168 1258 1214 Aprilis
1276 1181 1369 1202 anno
1385 1169 1517 1203 domini
1530 1169 1641 1203 mille-

160 1230 243 1265 fimo
261 1224 601 1276 quadringentesimo
619 1231 744 1271 quarto
764 1230 798 1259 et
816 1224 916 1270 regni
935 1223 1040 1258 nostri
1058 1224 1333 1270 quartodecimo.

162 1358 437 1394 Instrumentum
468 1353 739 1389 renuntiationis
770 1352 903 1386 domini
928 1352 1100 1388 Johannis
1122 1351 1251 1393 VValas,
1280 1357 1314 1386 et
1344 1353 1493 1399 qualiter
1522 1367 1640 1402 recog-

160 1415 260 1449 novit
278 1412 377 1447 suum
396 1424 552 1447 errorem
571 1410 613 1445 de
631 1409 755 1457 injusta
771 1408 977 1456 spoliatione
994 1414 1168 1443 terrarum
1200 1409 1242 1443 de
1262 1408 1422 1444 Thornle
1452 1411 1640 1445 monacho-

160 1484 239 1506 rum
258 1471 301 1505 de
320 1468 449 1516 Passay.

162 1567 219 1602 IN
238 1566 331 1601 DEI
351 1563 566 1600 NOMINE
581 1575 694 1597 amen.
722 1562 790 1596 Per
801 1562 868 1596 hoc
880 1560 1020 1608 presens
1032 1560 1210 1607 publicum
1225 1561 1491 1596 instrumentum
1505 1564 1640 1598 cunetis

159 1628 278 1672 pateat
299 1621 480 1656 evidenter
499 1625 533 1653 et
550 1617 590 1652 fit
606 1624 742 1658 notum,
763 1617 857 1663 quod
871 1629 964 1650 anno
983 1616 1024 1650 ab
1038 1616 1279 1651 incarnatione
1295 1616 1442 1651 Domini
1460 1618 1640 1653 millefimo

160 1675 492 1727 quadringintesimo
502 1673 762 1721 quadragelimo
768 1685 876 1713 nono,
885 1673 940 1706 die
952 1685 1036 1706 vero
1048 1670 1170 1706 mensis
1176 1672 1199 1707 J
1201 1673 1336 1706 annarii
1349 1675 1638 1720 antepenultimo,

158 1735 354 1772 indictione
372 1733 506 1767 decima
522 1731 636 1771 tertia,
656 1730 878 1777 pontificatus
895 1727 1091 1763 sanetiffimi
1108 1730 1144 1763 in
1173 1729 1308 1764 Christo
1326 1731 1433 1777 patris
1450 1744 1489 1765 ac
1508 1733 1640 1770 domini

160 1791 268 1827 nostri
287 1789 419 1824 domini
439 1787 471 1822 N
477 1787 611 1833 icholay
630 1786 748 1820 divina
765 1786 986 1832 providentia
1014 1799 1103 1832 pape
1132 1786 1244 1832 quinti
1261 1799 1354 1821 anno
1373 1788 1489 1828 tertio,
1518 1789 1553 1823 in
1572 1786 1641 1826 mei

161 1847 290 1883 notarii
307 1845 437 1893 publici
456 1849 490 1878 et
515 1843 651 1877 testium
681 1841 950 1889 subscriptorum
969 1841 1151 1888 presentia,
1180 1841 1407 1889 personaliter
1435 1844 1640 1881 constitutus

161 1903 288 1939 nobilis
306 1902 359 1936 vir
377 1900 557 1936 Johannes
576 1898 693 1932 Walas
711 1898 873 1931 dominus
903 1898 946 1932 de
978 1897 1095 1944 Cragy
1113 1898 1222 1938 miles,
1252 1899 1394 1945 proprio
1413 1905 1511 1934 motu
1529 1901 1566 1935 in
1582 1901 1642 1937 sua

163 1958 375 1995 conscientia
400 1955 605 2001 recognovit
636 1954 731 2000 quod
762 1954 905 1987 domino
926 1954 1055 1987 Abbati
1075 1954 1271 1988 monasterii
1290 1955 1333 1989 de
1354 1954 1487 1990 Passeto
1506 1962 1541 1991 et
1559 1970 1640 1992 con·

162 2015 285 2051 ventui
303 2012 455 2061 ejusdem
474 2009 607 2046 diversa
624 2010 743 2044 intulit
760 2010 973 2055 gravamina,
1002 2015 1036 2044 et
1062 2009 1150 2056 ipsos
1176 2011 1211 2044 in
1239 2010 1298 2045 sua
1315 2010 1516 2058 polseffione
1533 2019 1641 2049 terra·

164 2085 243 2107 rum
262 2070 400 2104 suarum
419 2069 462 2103 de
481 2067 653 2107 Thornle,
682 2078 761 2100 cum
781 2066 1013 2112 pertinentiiS,
1035 2066 1227 2112 jacentium
1255 2068 1291 2101 in
1321 2068 1465 2102 baronia
1482 2070 1525 2103 de
1546 2070 1641 2105 Ren-

164 2129 231 2167 fru,
259 2125 317 2160 fibi
335 2138 397 2172 per
415 2123 591 2171 quondam
609 2122 700 2156 bone
730 2122 898 2156 memorie
925 2122 1105 2157 dominum
1128 2123 1320 2169 Hugonem
1340 2124 1457 2159 Walas
1482 2126 1639 2167 militem,

167 2189 201 2217 et
220 2195 299 2216 cum
318 2179 484 2216 consensu
502 2180 617 2214 fratris
634 2178 684 2213 sui
704 2177 859 2212 Vv'ilelmi
882 2178 994 2212 Walas
1020 2192 1060 2213 ac
1089 2180 1355 2215 confirmatione
1385 2181 1517 2216 domini
1535 2182 1640 2217 nostri

169 2238 289 2284 Regis,
318 2235 563 2276 concessarum,
592 2234 808 2281 inquietavit,
836 2234 1064 2281 perturbavit,
1094 2240 1128 2269 et
1147 2236 1189 2270 de
1213 2235 1279 2270 suis
1309 2237 1417 2271 firmis
1434 2238 1640 2273 multImode

166 2293 336 2342 spoliavit,
365 2293 401 2327 in
418 2293 609 2340 dampnum
628 2289 729 2338 ipfius
747 2290 879 2324 domini
899 2290 1048 2326 Abbatis
1078 2297 1112 2326 et
1142 2297 1336 2327 conventus
1362 2306 1435 2328 non
1464 2294 1640 2330 modicum
