1839 2652
712 271 783 307 DE
816 270 1085 307 PASSELET.
1577 281 1644 311 Qll

173 425 404 461 Confirmatio
424 424 631 460 Maldoveni
650 425 784 460 comitis
803 426 846 460 de
865 425 1043 468 Levenax,
1064 426 1107 461 de
1125 439 1196 461 una
1213 425 1320 462 salina
1346 427 1383 462 in
1413 427 1583 470 Rosneth‚
1613 436 1647 464 et

172 483 215 517 de
231 481 402 516 tractibus
419 482 455 515 in
475 481 643 516 Garloch.

173 594 329 630 SCIAN
332 593 367 629 T
383 599 454 628 tam
471 592 647 641 presentes
664 606 767 639 quam
785 593 895 627 futuri
913 594 1007 639 quod
1022 607 1087 640 ego
1101 594 1338 630 Maldovenus
1352 609 1468 631 comes
1480 597 1524 631 de
1539 596 1650 632 Leve-

172 663 242 685 nax
260 648 405 685 conceffi
424 655 458 684 et
476 650 540 684 hac
557 655 652 683 carta
669 662 747 683 mea
765 649 970 685 confirmavi
990 650 1071 685 Deo
1091 657 1125 685 et
1143 652 1263 686 domui
1293 653 1336 687 de
1356 651 1504 688 Paffelet
1522 659 1558 688 et
1575 667 1649 689 mo—

172 707 302 747 nachis,
322 706 359 740 in
375 711 581 752 perpetuam
600 704 832 745 elemosinam,
852 718 958 740 unam
976 706 1118 741 ialinam
1137 721 1240 754 quam
1260 708 1408 744 Amelec
1426 710 1534 745 frater
1551 724 1649 746 meus

173 763 221 798 eis
239 763 334 798 dedit
352 775 415 809 per
432 768 561 796 terram
579 761 673 796 suam
694 762 736 796 de
756 762 924 796 Levenax
940 763 1140 810 ubicunque
1166 765 1355 806 voluerint,
1384 779 1464 801 cum
1490 767 1650 802 libertate

172 819 322 854 habendi
339 819 546 853 meremium
575 817 690 853 usibus
717 831 840 853 eorum
871 818 914 852 de
944 818 1071 854 boscho
1090 819 1193 867 ipfius
1210 821 1480 869 imperpetuum,
1510 829 1545 858 et
1570 837 1650 859 cum

173 875 335 910 omnibus
351 875 521 910 traetibus
538 875 666 909 retium
684 888 746 922 per
764 880 878 909 totum
898 874 1055 910 Garloeh
1074 876 1117 910 ad
1135 875 1327 912 salmonem
1345 884 1380 912 et
1398 879 1504 913 alium
1523 879 1649 926 piscem

172 933 391 981 capiendum,
421 933 524 967 Salvo
542 933 703 980 predicto
723 933 871 967 Amelec
899 937 934 966 et
962 932 1148 966 heredibus
1166 931 1232 967 suis
1250 932 1390 980 fingulis
1408 936 1507 969 annis
1525 942 1650 982 quarto

170 989 324 1024 salmone
341 989 400 1036 qui
417 1002 480 1036 per
499 988 637 1023 eosdem
655 989 789 1024 tractus
807 989 974 1036 capietur,
999 987 1083 1022 ficut
1101 988 1137 1022 iu
1156 995 1251 1024 carta
1267 991 1418 1038 predicti
1437 991 1586 1027 Amelec
1604 994 1652 1028 eis

172 1046 298 1081 exinde
328 1046 422 1080 faeta
452 1046 664 1080 continetur.
718 1045 799 1079 Hiis
828 1045 978 1085 testibus,
1019 1045 1189 1091 Dufgallo
1220 1046 1327 1082 fratre
1354 1061 1445 1089 meo,
1476 1048 1653 1084 Absalone

172 1101 357 1137 senescallo
375 1115 466 1143 meo,
497 1101 663 1136 VVilelmo
689 1101 761 1135 filio
790 1101 897 1142 Bede‚
930 1101 1126 1136 Malcolmo
1159 1102 1244 1150 Beg,
1274 1104 1393 1139 David
1424 1105 1467 1140 de
1500 1105 1649 1145 Renfru,

172 1158 380 1193 Alexandro
399 1158 441 1192 de
461 1158 647 1199 Smalham,
677 1163 712 1192 et
729 1157 848 1192 multis
866 1158 950 1193 aliis.

175 1330 283 1364 Carta
302 1328 432 1363 Hauel'
450 1327 565 1362 fratris
584 1326 794 1362 Maldoveni
812 1328 948 1362 comitis
966 1327 1009 1363 de
1028 1327 1207 1370 Levenax,
1237 1329 1279 1364 de
1298 1342 1370 1365 una
1387 1329 1493 1366 salina
1511 1332 1546 1366 in
1568 1332 1653 1367 Ros-

171 1386 268 1421 neth.

176 1496 457 1534 UNIVERSIS
483 1496 544 1530 has
562 1496 695 1531 litteras
713 1495 835 1531 visuris
860 1496 917 1531 vel
942 1496 1113 1531 audituris
1146 1496 1275 1532 Hauel'
1305 1498 1414 1533 frater
1446 1499 1654 1536 Maldoveni

175 1554 310 1589 comitis
329 1554 372 1588 de
391 1553 559 1587 Levenax
576 1552 733 1587 salutem.
785 1552 937 1587 Noverit
954 1552 1158 1588 universitas
1174 1553 1285 1588 vestra
1311 1568 1367 1589 me
1385 1556 1516 1591 intuitu
1534 1559 1655 1593 carita-

176 1611 220 1645 tis
238 1608 376 1650 dediffe,
404 1607 597 1643 conceffifle
616 1614 651 1643 et
669 1609 733 1644 hac
750 1608 902 1656 presenti
920 1614 1015 1643 carta
1032 1622 1110 1644 mea
1128 1610 1344 1645 confirmaffe
1364 1611 1446 1646 Deo
1465 1617 1499 1647 et
1519 1613 1655 1649 Sanctis

176 1665 309 1702 Jacobo
328 1670 363 1700 et
392 1665 528 1699 Mirino
557 1665 600 1700 de
629 1662 776 1700 Pafl'elet
806 1670 841 1700 et
870 1665 1050 1700 monachis
1077 1666 1205 1700 ibidem
1239 1667 1320 1701 Deo
1351 1667 1591 1712 servientibus,
1619 1672 1655 1705 in

177 1734 301 1769 puram
320 1727 354 1756 et
371 1727 576 1769 perpetuam
596 1720 827 1762 elemosinam,
846 1734 954 1755 unam
980 1721 1122 1756 salinam
1141 1723 1177 1756 in
1195 1728 1290 1758 terra
1306 1737 1385 1759 mea
1405 1725 1448 1760 de
1469 1725 1627 1761 Rosneth
1644 1743 1653 1770 ;

179 1777 390 1812 Habendam
422 1783 457 1811 et
486 1775 733 1824 poffidendam‚
762 1778 807 1812 ad
836 1777 974 1812 libitum
1006 1791 1129 1813 eorum
1158 1779 1352 1814 faciendam
1385 1782 1421 1814 in
1449 1795 1655 1829 quacunque

176 1839 275 1880 parte
293 1838 387 1868 terre
405 1833 529 1868 melius
546 1833 724 1868 voluerint
750 1839 785 1868 et
812 1834 1030 1868 commodius
1049 1835 1096 1869 eis
1114 1836 1220 1870 fuerit
1249 1836 1294 1870 ad
1322 1837 1482 1872 habenda
1500 1838 1654 1885 ejusdem

177 1888 282 1924 saline
301 1888 509 1923 aifiamenta.
562 1888 642 1923 Hiis
659 1889 810 1931 testibus,
839 1889 938 1924 Luca
955 1891 1135 1937 capellano
1155 1893 1197 1926 de
1217 1891 1374 1934 Paffelet‚
1405 1893 1549 1929 Neuino
1579 1909 1656 1943 per-

113 1962 119 1967 ·
178 1944 262 1979 sona
279 1945 322 1979 de
341 1944 495 1985 Neueth,
526 1944 683 1991 Rogerio
701 1946 830 1980 vicario
857 1947 900 1980 de
929 1946 1166 1993 Kylberchan,
1196 1948 1405 1983 Gilmothan
1433 1950 1505 1984 filio
1523 1950 1655 1986 sacriste

178 2000 221 2035 de
239 2000 394 2040 Neueth,
425 2000 631 2042 Beliedi&o‚
652 2001 810 2043 Udardo,
829 2001 1059 2038 servientibus
1078 2004 1121 2038 de
1142 2002 1298 2045 Paffelet,
1319 2010 1354 2039 et
1371 2005 1490 2040 multis
1507 2006 1593 2041 aliis.

181 2167 289 2202 Carta
306 2167 507 2202 donationis
524 2173 617 2203 terre
636 2174 671 2203 et
687 2168 829 2216 piscarie
848 2170 891 2205 de
910 2170 1078 2218 Lynbren
1096 2185 1160 2219 per
1179 2172 1378 2208 Robertum
1398 2174 1583 2212 Hertford.

181 2278 421 2314 OMNIBUS
447 2279 508 2314 has
525 2279 658 2314 litteras
675 2280 797 2315 visuris
813 2282 871 2316 vel
888 2283 1059 2317 audituris
1079 2283 1258 2319 Robertus
1277 2285 1453 2322 Hertford
1469 2296 1657 2336 precentor

182 2333 414 2382 Glasgwenfis
431 2333 576 2371 salutem
594 2336 631 2371 in
649 2335 818 2371 Domino.
871 2338 993 2373 Sciatis
1010 2340 1104 2386 quod
1133 2353 1259 2389 corpus
1289 2355 1407 2379 meum
1434 2346 1570 2381 reddidi
1598 2348 1658 2381 do-
