1839 2652
160 296 231 327 QOQ
554 288 869 325 REGISTRUM
898 288 1241 324 MONASTERII

163 390 282 424 datum
301 386 456 422 nostrum
474 391 509 421 et
526 386 770 420 inhibitionem
788 385 938 420 nostram
966 398 1006 419 ac
1031 385 1242 419 monitiones
1261 384 1309 419 eis
1326 384 1496 431 legittime
1523 385 1646 427 factas,

167 445 209 479 de
228 443 332 478 causis
350 443 516 490 predictis
533 441 635 489 super
653 441 779 476 eisdem
798 442 900 476 terris
919 448 1200 487 congnoverunt,
1230 439 1289 475 seu
1318 441 1355 474 in
1383 440 1510 476 eisdem
1546 441 1651 476 causis

169 507 202 535 et
220 499 370 546 querelis
387 496 638 546 processerunt,
659 503 782 532 contra
801 497 920 532 Deum
939 502 974 532 et
985 497 1164 545 justitiam,
1190 498 1226 531 in
1244 496 1464 532 ecclefiastice
1484 497 1652 532 libertatis

168 555 463 602 quamplurimum
484 554 716 602 prejudicium
736 560 770 589 et
787 567 989 601 gravamen,
1018 559 1052 589 et
1070 553 1166 588 binas
1185 553 1416 588 distriffiones
1434 566 1498 600 pro
1517 553 1654 588 duobus

169 613 425 648 merciamentis
446 613 488 647 de
508 612 607 647 bonis
626 612 820 647 eorundem
839 610 1080 658 religiosorum
1099 611 1174 658 capi
1192 611 1352 645 fecerunt
1371 615 1406 644 et
1424 615 1541 657 captas
1569 609 1655 644 deti-

170 676 256 705 nent
273 669 407 717 injuste,
440 675 564 704 contra
581 669 758 703 libertates
777 667 927 708 ecclesie,
959 681 1023 715 pro
1051 680 1093 702 eo
1120 667 1214 713 quod
1233 666 1318 700 dicti
1338 665 1487 712 religiosi
1503 666 1541 700 in
1559 666 1655 701 curia

170 726 229 761 sua
246 726 368 773 laycali
386 725 488 773 super
507 724 634 760 eisdem
653 726 755 760 terris
782 724 1012 760 elemosmatis
1039 724 1182 758 minime
1211 722 1423 770 respondere
1449 722 1653 762 voluerunt,

170 789 275 831 prout
294 783 337 817 de
362 782 444 829 jure
463 795 535 816 non
553 781 786 816 tenebantur:
825 781 880 815 Ac
900 781 1003 815 iidem
1025 779 1205 814 Robertus
1232 784 1266 814 et
1292 778 1458 815 Johanna
1475 791 1566 813 uxor
1583 777 1654 818 sua,

171 845 294 874 contra
307 839 507 886 predictum
521 838 725 872 mandatum
743 837 910 877 nostrum,
926 837 960 870 in
976 836 1070 870 (116111
1087 836 1183 870 curia
1202 834 1303 882 super
1321 834 1447 870 eisdem
1467 835 1570 870 terris
1588 834 1656 869 ele-

171 894 355 935 mosmatis,
371 893 509 929 eosdem
527 892 706 940 religiosos
718 893 891 940 prosecuti
904 893 1059 933 fuerunt,
1077 898 1110 927 et
1129 892 1173 926 ad
1192 892 1256 926 hec
1275 892 1318 926 de
1337 891 1393 926 die
1411 892 1447 925 in
1467 892 1558 926 diem
1576 904 1656 938 pro-

172 951 266 998 sequi
284 964 356 985 non
374 956 543 985 verentur
570 950 685 984 minus
709 949 810 997 juste,
841 955 947 996 prout
965 962 1027 996 per
1045 948 1333 983 certificatorium
1352 948 1452 982 nobis
1469 947 1572 995 super
1589 948 1656 982 hoc

171 1005 402 1042 transmissum
433 1006 583 1040 constitit
614 1006 806 1045 evidenter,
838 1004 1045 1039 sententiam
1072 1004 1444 1039 excommunicationis
1461 1004 1602 1051 majoris
1619 1004 1656 1038 in

173 1062 262 1110 ipsos
279 1076 340 1110 per
359 1075 423 1096 nos
440 1063 546 1096 latam
565 1063 789 1102 incurrendo,
819 1075 858 1096 ac
888 1062 1005 1095 animo
1033 1061 1198 1095 indurato
1225 1061 1285 1095 diu
1303 1059 1512 1101 sustinendo,
1542 1060 1657 1094 claves

173 1118 312 1154 66616116
330 1125 495 1165 tanquam
514 1119 576 1153 filii
595 1118 800 1165 perditionis
815 1118 1049 1152 irreverenter
1064 1117 1362 1164 contempnendo.
1416 1116 1462 1151 Et
1476 1117 1557 1163 quia
1571 1115 1656 1150 cres-

174 1181 274 1210 cente
305 1176 524 1210 contumacia
553 1174 706 1208 crescere
735 1173 838 1208 debet
868 1180 903 1207 et
930 1186 1031 1220 pena,
1064 1173 1161 1207 vobis
1192 1172 1252 1207 sub
1269 1185 1361 1220 pena
1378 1173 1658 1207 excommunica-

173 1233 287 1272 tionis,
320 1244 423 1277 quam
452 1231 487 1265 111
514 1229 677 1278 personas
695 1230 821 1264 vestras
851 1230 887 1264 in
918 1230 982 1263 hiis
1000 1228 1132 1276 scriptis
1150 1229 1359 1275 proferimus
1384 1227 1408 1262 fi
1434 1229 1470 1263 in
1488 1227 1655 1276 presentis

174 1288 327 1322 mandati
345 1287 450 1322 nostri
473 1287 680 1321 executione
700 1287 918 1332 negligentes
936 1285 1071 1319 fueritis
1096 1285 1153 1318 vel
1181 1283 1318 1325 remissi,
1350 1285 1497 1319 firmiter
1514 1284 1660 1332 precipi-

175 1344 267 1379 endo
287 1344 503 1383 mandamus,
524 1343 698 1389 quatinus,
718 1341 895 1389 afl'uinptis
914 1340 1089 1375 vobiscum
1108 1339 1237 1388 septem
1257 1341 1313 1375 vel
1332 1339 1390 1375 sex
1408 1340 1510 1376 vestri
1528 1340 1660 1375 ordinis

175 1401 218 1434 ad
230 1398 454 1446 quoscunque
467 1399 558 1433 diem
571 1404 606 1433 et
620 1399 737 1433 locum
752 1399 933 1445 contingat
944 1398 1122 1444 predictos
1136 1397 1315 1444 religiosos
1329 1398 1420 1432 trahi
1434 1397 1490 1432 vel
1505 1397 1604 1431 citari
1617 1397 1661 1431 ad

177 1457 307 1491 curiam
328 1456 412 1490 dicti
430 1455 578 1490 Comitis
590 1455 645 1490 vel
665 1455 738 1502 ejus
754 1455 844 1490 vices
858 1455 1022 1500 gerentiS,
1042 1454 1099 1488 vel
1117 1454 1160 1488 ad
1179 1455 1414 1501 quodcunque
1432 1454 1546 1488 forum
1563 1453 1661 1488 aliud

176 1513 319 1560 laycale,
339 1525 401 1560 per
419 1511 641 1558 quascunque
661 1510 835 1558 personaS,
864 1510 966 1558 super
985 1511 1087 1544 dictis
1105 1512 1207 1545 terris
1225 1509 1466 1551 elemofinatis,
1499 1510 1661 1544 videlicet

178 1569 457 1609 deCocmanach,
473 1568 713 1608 Edinbernan,
730 1567 940 1606 Fimbalach,
957 1566 1098 1600 Backan
1111 1572 1146 1601 et
1159 1567 1404 1607 Drumcrewe,
1421 1567 1469 1600 eis
1482 1566 1662 1613 [ratione]

179 1624 317 1660 ecclesie
335 1636 458 1658 eorum
478 1623 520 1657 de
542 1623 730 1670 Kylpatrik
749 1623 785 1656 in
802 1635 926 1669 puram
946 1629 980 1658 et
997 1629 1203 1671 perpetuam
1222 1622 1442 1658 elemofinam
1462 1623 1561 1663 datis,
1582 1635 1663 1656 con-

180 1679 284 1722 ceffis,
314 1686 348 1715 et
366 1694 386 1714 a
403 1680 634 1726 quadraginta
652 1679 751 1713 annis
769 1685 804 1713 et
822 1679 971 1725 amplius
989 1693 1068 1714 cum
1087 1680 1182 1713 omni
1204 1679 1286 1727 jure
1305 1680 1457 1727 optentis
1475 1684 1510 1713 et
1527 1679 1663 1725 integre

180 1737 338 1785 poffessis,
358 1736 587 1784 personaliter
604 1736 819 1776 accedentes,
841 1735 975 1770 dictum
995 1735 1171 1770 Comitem
1190 1741 1225 1769 et
1243 1734 1317 1782 ejus
1336 1735 1429 1770 vices
1445 1740 1608 1781 gerentes
1625 1748 1664 1769 ac

180 1795 326 1829 ballivos
343 1793 422 1828 suos
440 1799 474 1828 et
493 1799 627 1828 ceteros
646 1793 777 1827 curiam
797 1798 970 1832 tenentes,
998 1792 1042 1826 ad
1068 1791 1132 1826 hec
1159 1791 1284 1826 iterato
1303 1796 1338 1826 et
1365 1791 1536 1837 legittime
1555 1791 1666 1825 nomi-

182 1851 289 1885 natim
309 1851 491 1891 moneatis,
523 1849 618 1896 quod
644 1862 664 1883 a
690 1849 892 1895 cognitione
911 1847 1092 1883 causarum
1110 1847 1350 1894 predictarum
1375 1846 1478 1894 super
1495 1847 1598 1881 terris
1615 1846 1666 1881 su-

181 1907 349 1955 pradictis
366 1907 504 1954 penitus
523 1904 690 1945 defistant,
711 1917 776 1939 1166
796 1904 839 1939 de
858 1904 985 1939 eisdem
1003 1903 1199 1950 aliqualiter
1217 1904 1253 1937 in
1271 1904 1348 1938 foro
1366 1903 1489 1951 laycali
1507 1902 1540 1937 se
1560 1904 1667 1938 intro-

183 1964 335 2003 mittant,
367 1961 588 2008 cognoscant,
621 1961 677 1996 vel
696 1962 828 1996 curiam
846 1966 1001 2001 teneant,
1034 1967 1069 1995 et
1096 1960 1206 1994 dictas
1233 1960 1464 1995 districtiones
1481 1972 1546 2007 pro
1565 1960 1667 1994 diffis

185 2020 452 2060 merciamentis,
473 2024 599 2053 contra
615 2018 793 2052 libertates
811 2016 949 2053 66616116
969 2023 1097 2064 captas«,
1131 2016 1258 2051 eisdem
1290 2015 1455 2062 religiosis
1473 2016 1667 2051 deliberent

186 2076 254 2112 11116
274 2076 478 2111 difficultate
496 2074 555 2109 seu
573 2074 713 2109 liberari
731 2074 869 2115 faciant,
900 2072 1027 2108 defient
1055 2073 1209 2120 cognitio
1235 2073 1408 2107 dictarum
1437 2072 1615 2108 causarum
1634 2080 1668 2107 et

186 2133 407 2179 querelarum
434 2131 535 2179 super
561 2131 729 2179 predictis
756 2131 868 2170 terris,
898 2131 933 2165 in
960 2143 1083 2177 puram
1103 2136 1137 2164 et
1167 2135 1372 2177 perpetuam
1391 2128 1612 2164 elemosinam
1628 2135 1668 2163 ut

187 2190 319 2223 dictum
347 2189 395 2223 est
420 2188 566 2229 collatis,
586 2187 630 2222 ad
647 2187 763 2221 forum
793 2186 1052 2221 eccleliasticum
1072 2186 1114 2221 de
1137 2186 1220 2233 jure
1250 2186 1460 2233 pertineant,
1491 2198 1555 2220 nec
1573 2185 1668 2219 curia

189 2244 408 2280 ecclesiastica
425 2245 474 2279 eis
490 2243 593 2291 super
610 2244 677 2278 hoc
696 2244 831 2278 directo
851 2243 987 2278 defecit.
1043 2241 1222 2277 Moneatis
1249 2242 1354 2277 etiam
1373 2242 1498 2276 iterato
1518 2247 1552 2276 et
1570 2241 1668 2287 legit-

187 2303 271 2337 time
290 2301 424 2336 dietum
444 2300 643 2335 Robertum
662 2306 695 2335 et
713 2299 735 2335 J
738 2300 914 2334 ohannam
932 2311 1079 2333 uxorem
1098 2297 1192 2332 suam
1208 2298 1426 2338 nominatim,
1448 2303 1482 2332 et
1500 2295 1667 2343 quoscun-

187 2371 254 2405 que
272 2357 357 2392 alios
375 2362 497 2391 contra
515 2356 692 2404 predictos
710 2355 888 2402 religiosos
906 2355 1008 2403 super
1026 2353 1153 2390 eisdem
1172 2355 1274 2389 terris
1300 2353 1528 2389 elemofinatis
1553 2351 1667 2400 prose-
