1870 2683
221 299 290 335 :336
633 290 949 329 REGISTRUM
978 290 1317 326 MONASTERII

224 395 375 430 mittitur
386 391 568 438 affignatis,
588 390 644 425 vel
656 388 745 437 ipsos
762 388 885 436 quovis
902 388 971 422 alio
990 387 1096 422 modo
1120 386 1326 433 restringere
1345 391 1383 420 ut
1401 388 1703 432 augmentationes

224 448 420 498 hujusmodi
439 461 458 481 a
475 447 575 482 nobis
593 446 741 481 ulterius
758 458 831 480 non
849 448 1025 492 petantur,
1046 443 1208 478 volumus
1228 448 1263 477 et
1282 442 1505 477 concedimus
1519 443 1613 489 quod
1626 456 1703 491 pre—

223 508 314 541 fatus
332 504 494 539 dominus
513 502 698 537 VVilelmus
716 513 838 536 omnes
856 500 1065 547 quantitates
1084 498 1127 533 fic
1143 511 1207 546 per
1224 499 1334 546 ipsum
1352 502 1414 532 aut
1431 498 1525 532 suam
1539 510 1703 545 procura-

223 564 354 597 tionem
373 561 531 595 detentas
549 558 606 594 vel
624 557 797 593 restri&as
815 557 851 592 in
868 556 948 591 usus
960 554 1044 590 ‘suos
1061 555 1222 603 proprios
1239 554 1365 588 habeat
1383 559 1418 589 et
1439 559 1622 589 convertat
1639 567 1704 601 pro

223 626 382 665 tempore
400 616 471 651 vite
490 614 547 650 sue
566 627 630 663 pro
648 613 715 648 suis
733 613 910 648 laboribus
928 617 962 647 et
980 609 1134 659 expensis
1153 611 1189 644 in
1206 609 1404 657 hujusmodi
1422 610 1567 656 negotio
1579 610 1706 645 facien-

225 674 286 714 dis,
307 679 341 708 et
360 673 402 707 de
421 672 546 706 eisdem
565 684 629 718 pro
648 670 839 705 voluntatis
856 668 915 704 sue
931 668 1031 703 libito
1053 667 1221 715 disponat,
1240 666 1374 701 statutis
1392 671 1426 701 et
1447 665 1707 701 consuetudini-

224 731 288 765 bus
306 729 412 764 nostri
426 728 557 763 ordinis
575 740 614 762 ac
632 727 706 761 aliis
724 727 760 761 in
779 725 993 761 contrarium
1009 724 1109 759 editis
1121 737 1193 759 non
1206 723 1417 758 obstantibus
1431 722 1704 769 quibuscunque.

225 787 360 821 Datum
379 785 439 820 sub
457 783 566 832 sigillo
585 783 764 818 communi
782 782 888 817 nostri
907 780 1048 828 capituli
1075 780 1167 827 apud
1193 779 1440 814 monasterium
1458 778 1613 814 nost-rum
1631 791 1707 826 pre-

227 843 373 883 dictum,
394 842 460 882 die,
483 840 598 876 mense
617 845 652 874 et
670 851 763 874 anno
781 838 998 886 supradictis.

227 1011 458 1046 Confirmatio
477 1009 619 1057 capituli
638 1006 858 1056 Glasguenfis
878 1007 980 1054 super
998 1006 1176 1040 taxatione
1195 1005 1415 1040 vicariarum,

792 1129 885 1169 [Vide
900 1127 997 1167 supra,
1014 1137 1041 1166 p.
1058 1124 1136 1166 326]

228 1295 432 1330 Notificatio
451 1299 486 1328 et
504 1292 646 1328 traditio
665 1290 917 1339 appellationis.

228 1407 284 1442 IN
298 1406 512 1442 NOMINE
526 1403 731 1440 DOMINI
746 1405 875 1438 Amen.
928 1405 1033 1436 Anno
1048 1401 1159 1447 gratie
1178 1413 1222 1435 ΜΟ
1241 1408 1324 1435 ccc0
1341 1400 1554 1447 octogesimo
1567 1402 1705 1441 octavo,

226 1464 282 1499 die
301 1464 435 1498 decimo
454 1475 550 1497 nono
568 1459 691 1495 nlenfis
711 1459 935 1508 Septembris,
967 1457 1190 1504 pontificatus
1208 1455 1404 1491 sanetiffimi
1432 1457 1467 1490 in
1495 1457 1631 1492 Christo
1649 1470 1706 1504 pa-

223 1520 285 1554 tris
304 1525 338 1554 et
356 1519 488 1553 domini
507 1518 612 1552 nostri
631 1517 764 1551 domini
784 1515 976 1550 Clementis
995 1514 1112 1548 divina
1125 1513 1347 1560 providentia
1358 1526 1445 1560 pape
1460 1512 1595 1560 septimi
1609 1525 1703 1547 anno

228 1576 374 1615 decimo,
396 1574 576 1620 religiosus
594 1574 648 1607 vir
667 1572 830 1606 dominus
853 1571 987 1605 Alanus
1006 1570 1048 1604 de
1076 1569 1221 1604 Cowale
1239 1569 1430 1603 monachus
1448 1566 1616 1615 profeffus
1634 1581 1706 1603 mo-

226 1632 362 1666 nasterii
382 1631 424 1665 de
444 1629 589 1669 Passeto‚
610 1627 759 1663 afferens
776 1627 809 1661 se
827 1632 1091 1674 procuratorem
1121 1631 1156 1659 et
1185 1637 1397 1672 yconomum
1416 1624 1612 1659 monasterii
1630 1637 1706 1671 pre-

228 1688 324 1729 dieti,
353 1699 470 1722 coram
499 1685 643 1720 domino
671 1683 829 1718 VValtero
858 1683 900 1717 de
934 1682 1051 1716 Roule
1082 1681 1220 1715 re&ore
1252 1679 1389 1715 ecclesie
1418 1681 1461 1714 de
1492 1680 1704 1720 Torbolton,

227 1758 283 1779 me
301 1744 439 1779 notario
465 1742 636 1790 presente,
665 1738 893 1788 personaliter
924 1737 1139 1777 constitutus,
1167 1737 1342 1783 quandam
1372 1736 1643 1783 appellationem
1670 1737 1706 1769 in

225 1801 358 1848 seriptis
377 1799 554 1834 redafi‘ffim
573 1810 613 1832 ac
630 1796 726 1844 figno
754 1802 788 1831 et
814 1794 1063 1841 subscriptione
1090 1794 1158 1828 mei
1187 1794 1314 1827 notarii
1341 1792 1547 1839 infrascripti
1565 1792 1705 1826 robora-

227 1864 298 1892 tam
317 1857 430 1892 eidem
449 1855 593 1890 domino
613 1853 771 1887 lValtero
790 1865 852 1900 per
871 1864 925 1886 me
943 1851 1012 1896 legi
1032 1855 1065 1884 et
1084 1850 1257 1884 notificari
1287 1849 1379 1889 fecit,
1409 1861 1448 1883 ac
1475 1847 1534 1882 fibi
1562 1848 1705 1883 tradidit

227 1913 375 1948 eandem
391 1927 401 1955 ;
421 1911 519 1958 cujus
536 1909 779 1958 appellationis
796 1914 899 1943 tenor
916 1906 990 1954 post
1005 1905 1109 1941 verba
1120 1906 1189 1940 mei
1202 1906 1337 1940 notarii
1349 1904 1391 1939 fic
1407 1905 1537 1951 incipit.
1591 1903 1705 1939 CUM

225 1968 481 2017 procurationis
500 1972 535 2001 et
552 1965 794 2014 appellationis
812 1964 1005 1999 remedium
1035 1963 1071 1996 in
1101 1960 1338 2009 oppressorum
1358 1960 1541 1995 subfidium
1560 1973 1604 1995 ex
1619 1961 1705 1994 utri-

226 2025 333 2072 usque
346 2024 436 2072 juris
455 2022 676 2071 providentia
693 2019 731 2055 fit
750 2021 943 2060 inventum,
972 2020 1053 2053 hinc
1080 2019 1126 2053 est
1153 2018 1247 2065 qnod
1274 2031 1338 2052 nos
1368 2017 1548 2053 Johannes
1565 2016 1704 2064 permis-

226 2081 319 2116 fione
339 2081 457 2115 divina
474 2078 577 2114 abbas
595 2077 792 2113 monasterii
811 2077 853 2111 de
874 2074 1017 2115 Passeto,
1047 2075 1178 2109 ordinis
1206 2073 1451 2113 Cluniacenfis‚
1484 2072 1704 2119 Glasguenfis

229 2135 379 2177 diocesis,
409 2142 443 2170 et
469 2134 622 2183 ejusdem
640 2134 708 2168 loci
727 2138 932 2172 conventus,
965 2131 1186 2166 attendentes
1204 2137 1238 2165 et
1257 2128 1512 2164 considerantes
1530 2129 1625 2175 quod
1641 2141 1703 2163 vos

228 2193 368 2227 domine
380 2191 536 2226 lValtere
556 2192 599 2225 de
619 2190 748 2230 Roule,
768 2189 897 2229 rector,
920 2188 983 2233 (5-0,
1003 2192 1035 2222 et
1053 2188 1092 2221 in
1109 2187 1242 2221 ultimis
1260 2187 1350 2220 dicte
1367 2185 1613 2231 appellaliom‘s
1630 2196 1703 2218 ver-

227 2248 279 2282 bis
290 2253 371 2282 ante
384 2248 449 2282 mei
463 2247 589 2282 notarii
603 2247 708 2287 dicta,
725 2246 873 2292 sz‘cfinit
881 2261 894 2287 ;
915 2257 954 2278 ac
965 2243 1125 2291 prosequi
1138 2257 1216 2278 cum
1232 2243 1359 2278 effeetu
1373 2242 1534 2288 quotiens
1549 2246 1583 2275 et
1596 2251 1702 2285 quam

228 2304 272 2337 do
291 2303 396 2337 suerit
414 2309 628 2350 oportunum
651 2307 685 2337 et
703 2301 802 2336 nobis
817 2301 991 2336 videbitur
1006 2300 1181 2347 expedire,
1202 2306 1236 2334 et
1253 2298 1354 2347 ipsius
1373 2298 1506 2345 copiam
1526 2297 1607 2331 dare
1625 2307 1700 2329 eam

226 2359 396 2405 legittime
414 2360 557 2405 petenti.
612 2358 694 2399 Qua
704 2357 937 2405 appellatione
950 2369 1011 2404 per
1024 2355 1133 2403 ipsum
1148 2356 1328 2390 dominum
1342 2354 1538 2388 VValterum
1549 2356 1698 2397 recepta,
