1839 2652
193 280 265 316 290
593 277 907 313 REGISTRUM
936 277 1275 313 MONASTERII

200 386 306 421 copus
323 373 440 408 servus
457 372 636 407 servorum
656 373 726 408 Dei
744 374 881 408 dilectis
899 373 978 408 filiis
996 374 1038 408 de
1057 373 1297 422 Dunfermlyn
1316 379 1351 409 et
1369 374 1412 409 de
1431 375 1553 423 Cupro
1576 383 1611 412 et
1630 378 1672 412 de

201 429 392 469 Newbotil,
421 428 671 464 Sanctiandree
690 429 841 470 diocefis,
861 434 901 464 ut
917 431 1125 476 suprajblio
1146 440 1180 464 18
1198 443 1308 477 usque
1325 431 1406 472 huc,
1427 431 1674 478 Sigillabantur

202 499 286 521 vero
305 486 397 520 dicte
415 486 532 520 littere
550 486 734 533 apostolice
763 486 872 533 figillo
901 487 1066 534 plumbeo
1094 487 1130 520 in
1161 487 1305 521 cordula
1335 488 1474 535 canapis
1498 490 1674 535 pendente

201 555 298 577 more
318 543 480 577 Romane
498 544 594 578 curie
611 544 648 577 in
665 556 735 589 quo
753 541 861 590 figillo
879 542 1012 589 sculpta
1030 548 1130 577 erant
1153 556 1196 577 ex
1223 556 1295 577 uno
1326 543 1436 578 latere
1462 544 1533 579 duo
1552 547 1673 592 capita,

202 611 312 633 unum
330 612 409 633 cum
427 599 533 633 barba
550 599 686 646 prolixa
711 605 746 634 et
773 599 869 633 aliud
895 611 974 633 cum
1002 598 1108 632 barba
1133 604 1243 638 curta,
1272 605 1307 634 et
1324 598 1427 646 supra
1445 600 1540 635 dicta
1565 602 1677 648 capita

203 655 327 702 scripta
353 661 451 690 erant
477 656 542 690 hee
573 656 699 696 littere,
732 668 759 690 s.
781 667 937 695 PAULUS,
968 667 995 689 s.
1015 667 1165 696 PETRUS,
1194 656 1230 689 in
1257 656 1325 690 alio
1344 669 1429 691 vero
1456 656 1565 691 latere
1592 658 1676 691 dieti

201 712 299 758 figilli
315 711 479 759 scriptum
498 711 565 747 five
584 712 755 759 sculptum
781 713 857 752 fuit,
887 723 1059 747 CLEMENS
1088 723 1182 746 PAPA
1202 723 1351 746 SEXTUS.
1405 711 1567 758 Cumque
1585 714 1676 748 idem

203 769 366 803 dominus
384 768 552 803 Officialis
570 769 777 815 cognoverit
804 769 871 803 hoc
899 768 1098 815 exemplum
1129 781 1191 814 per
1219 781 1275 802 me
1303 769 1481 803 notarium
1498 769 1675 816 publicum

202 824 456 872 infrascriptum
474 824 650 871 sumptum
669 838 712 859 ex
731 825 832 860 dietis
850 825 975 859 litteris
1005 824 1188 858 autenticis
1219 837 1298 859 cum
1331 824 1399 859 illis
1427 826 1572 860 omnino
1598 839 1678 860 con-

203 881 360 922 cordare,
388 882 432 915 ad
450 880 550 928 ipfius
569 882 720 929 exempli
738 882 878 928 plenam
908 881 1014 915 fidem
1043 886 1077 914 et
1103 880 1339 914 testimonium
1357 879 1452 915 suam
1471 882 1679 929 interposuit

203 939 461 978 auctoritatem,
490 938 658 972 mandans
684 938 771 971 illud
789 937 888 983 figilli
914 936 964 971 sui
993 936 1096 971 officii
1114 935 1321 983 appenfione
1340 938 1488 972 munire.
1542 937 1677 972 Datum

203 1000 238 1028 et
271 995 390 1028 aetum
424 994 513 1034 loco,
554 1007 658 1034 anno,
695 993 822 1034 mense,
852 994 918 1033 die,
946 993 1140 1027 indietione
1170 998 1204 1027 et
1233 993 1439 1039 pontificatu
1469 993 1676 1041 prescriptis.

204 1050 425 1085 Presentibus
444 1050 698 1085 venerabilibus
723 1056 757 1084 et
786 1048 938 1083 discretis
964 1049 1057 1088 viris,
1086 1048 1253 1094 magistris
1272 1054 1306 1083 et
1325 1049 1485 1090 dominis,
1513 1049 1677 1086 Johanne

203 1107 303 1153 Gray
322 1107 543 1140 decretorum
564 1107 722 1146 doctore,
752 1105 917 1140 lVilelmo
945 1104 1090 1151 Sympill
1108 1104 1239 1138 vicario
1258 1104 1300 1138 de
1320 1104 1525 1152 Ennerkyp,
1544 1105 1677 1141 Jacobo

204 1164 246 1197 de
266 1163 496 1209 Leyrmonth,
524 1163 668 1197 notariis
699 1162 856 1210 publicis,
885 1167 919 1195 et
939 1160 1056 1195 Adam
1075 1161 1280 1195 Stratherne
1298 1162 1429 1196 vicario
1447 1162 1490 1196 de
1510 1162 1675 1203 Cadzow,

204 1220 297 1253 dicte
311 1217 542 1265 Glasgwenfis
556 1217 707 1259 diocefis,
727 1218 868 1252 testibus
885 1218 928 1251 ad
941 1215 1100 1263 premiffa
1118 1217 1248 1251 vocatis
1259 1216 1452 1264 specialiter
1470 1224 1506 1252 et
1522 1220 1653 1265 rogatis
1667 1233 1675 1253 ;

204 1275 420 1322 presentibus
435 1276 537 1309 etiam
551 1275 647 1309 dicto
662 1275 717 1309 die
734 1274 860 1308 0613νο
875 1273 1009 1320 prefato
1021 1272 1182 1319 magistro
1196 1272 1219 1308 J
1222 1273 1360 1307 ohanne
1375 1273 1475 1321 Gray
1489 1280 1524 1310 et
1535 1275 1679 1310 domino

203 1331 365 1366 ,Iohanne
384 1330 574 1377 Gardyner
591 1329 791 1377 presbitero,
808 1329 948 1364 testibus
962 1337 1002 1364 ut
1015 1330 1117 1378 supra
1130 1331 1260 1377 rogatis
1274 1330 1468 1378 specialiter
1483 1338 1518 1367 et
1535 1334 1678 1367 vocatis.

302 1387 349 1421 Et
368 1400 433 1433 ego
452 1386 475 1422 J
478 1387 633 1421 ohannes
651 1387 694 1421 de
715 1386 873 1433 Hauuyk
891 1386 1057 1433 prespiter
1084 1386 1316 1433 Glasgwensis
1344 1388 1495 1430 diocesis,
1522 1389 1681 1436 publicus

300 1444 511 1478 auctoritate
529 1443 701 1490 imperiali
718 1443 887 1483 notarius,
907 1456 946 1477 ac
964 1442 1071 1477 scriba
1097 1444 1192 1478 curie
1220 1444 1304 1478 dieti
1335 1444 1468 1478 domini
1499 1444 1679 1483 Officialis,

303 1500 345 1534 de
377 1500 450 1547 ejus
478 1500 643 1533 mandato
679 1506 713 1533 et
743 1498 815 1546 ipso
846 1500 1092 1533 auctoritatem
1121 1499 1304 1546 prestante,
1344 1500 1519 1546 predictas
1549 1501 1681 1536 litteras

302 1556 502 1603 apostolicas
519 1556 693 1603 publicavi
711 1561 746 1590 et
763 1556 799 1589 in
818 1556 907 1589 hanc
924 1555 1071 1589 formam
1098 1555 1271 1601 publicam
1299 1556 1429 1602 redegi,
1457 1557 1516 1602 qui
1543 1556 1682 1604 presens

301 1613 351 1646 fui
369 1612 405 1646 in
423 1612 585 1646 omnibus
602 1610 768 1659 premiffis
785 1624 825 1645 30
843 1611 951 1658 ipsum
979 1611 1148 1657 originale
1179 1612 1260 1652 vidi,
1291 1625 1329 1646 ac
1347 1612 1453 1646 indici
1482 1618 1516 1647 et
1544 1613 1682 1647 testibus

303 1667 537 1715 suprascriptis
551 1668 682 1715 perlegi
698 1674 732 1702 et
747 1667 889 1708 ostendi,
911 1675 944 1702 et
963 1667 1041 1701 ideo
1060 1667 1147 1701 istud
1165 1667 1419 1714 transumptum
1434 1681 1497 1715 per
1513 1669 1620 1703 alium
1639 1670 1682 1704 de

303 1725 469 1759 mandato
487 1737 566 1759 meo
585 1723 748 1771 scriptum
768 1724 912 1764 confeci,
932 1723 1106 1770 publicavi
1125 1729 1160 1757 et
1179 1724 1214 1757 in
1232 1723 1407 1770 publicam
1426 1724 1515 1759 hanc
1533 1725 1680 1759 formam

303 1781 422 1827 redegi
440 1779 604 1827 lignoque
635 1793 713 1815 meo
740 1780 841 1814 solito
870 1793 925 1814 me
955 1779 1199 1814 subscribendo
1218 1780 1357 1827 signavi,
1384 1794 1537 1816 unacum
1556 1795 1682 1830 appen-

302 1835 395 1871 sione
412 1835 511 1883 sigilli
529 1836 633 1871 officii
652 1836 783 1870 domini
803 1835 970 1871 Officialis
988 1835 1188 1883 supradicti,
1220 1842 1364 1883 rogatus
1382 1843 1417 1872 et
1434 1837 1626 1884 requifitus,
1647 1840 1682 1872 in

302 1893 408 1927 fidem
427 1899 461 1927 et
478 1892 711 1928 testimonium
732 1892 888 1926 omnium
908 1898 943 1926 et
960 1891 1174 1939 singulorum
1193 1891 1447 1939 premifforum.

212 2063 333 2097 Litera
360 2062 592 2109 exemptionis
622 2061 818 2095 monasterii
850 2060 1085 2095 Cluniacenfis
1117 2067 1150 2095 et
1178 2060 1417 2095 membrorum
1448 2060 1613 2108 ejusdem,
1641 2062 1682 2096 ab

209 2119 305 2153 omni
331 2116 576 2165 jurisdictione
603 2117 774 2152 diocesani
793 2130 833 2151 30
852 2117 1007 2151 omnium
1038 2116 1375 2164 archiepiscoporum
1395 2122 1430 2151 et
1447 2117 1681 2163 quorumlibet

208 2176 476 2210 ordinariorum.

208 2286 451 2321 CLEMENS
478 2285 657 2333 episcopus
674 2286 792 2320 servus
809 2285 989 2320 servorum
1008 2284 1079 2319 Dei
1106 2285 1242 2319 dilectis
1270 2281 1358 2319 filiis‘
1377 2284 1507 2319 Abbati
1538 2290 1573 2319 et
1601 2297 1680 2319 con-

208 2343 329 2378 ventui
347 2342 543 2377 monasterii
563 2341 798 2377 Cluniacenfis
816 2342 859 2376 ad
880 2341 1076 2376 Romanam
1108 2339 1281 2375 ecclefiam
1310 2340 1409 2375 nullo
1437 2340 1553 2375 medio
1578 2341 1681 2386 perti-
