1839 2652
172 255 242 290 266
565 253 879 288 REGISTRUM
907 253 1245 290 MONASTERII

173 352 315 390 fuerint,
343 355 453 384 terras
470 349 600 384 nostras
625 349 868 396 infrascriptas‚
900 362 1047 395 quarum
1065 363 1137 385 una
1161 364 1240 397 pars
1268 352 1440 387 dictarum
1471 358 1645 390 terrarum

169 408 264 455 jacet
281 406 324 440 ad
342 406 447 439 finem
467 405 720 439 occidentalem
739 405 824 439 (1ίᾶὶί
844 405 949 439 nostri
967 405 1069 452 burgi
1086 405 1204 441 versus
1222 407 1385 448 austrum,
1415 408 1508 444 inter
1533 415 1646 445 terras

175 464 218 497 de
238 460 408 507 Calsayfid
426 466 461 495 et
479 466 590 495 terras
608 460 747 495 Thome
767 460 876 495 Leich
894 466 1033 496 vocatas
1064 462 1094 496 le
1113 462 1207 497 bank
1225 476 1269 497 ex
1286 468 1385 510 parte
1404 464 1576 506 orientali,
1610 472 1645 500 et

175 525 285 553 terras
304 517 345 551 de
366 516 560 557 Castelhed,
581 529 719 551 necnon
738 522 848 551 terras
866 517 998 551 domini
1013 517 1161 552 Henrici
1177 518 1307 559 Mows,
1327 518 1350 555 J
1353 519 1499 554 ohannis
1519 520 1646 561 Quhit-

176 573 267 613 furd,
288 578 322 607 et
340 572 370 606 le
389 572 503 606 Stobis
522 573 565 607 de
585 572 814 607 Ricardibare
833 585 876 607 ex
894 578 993 619 parte
1011 573 1159 614 australi,
1180 580 1215 609 et
1233 575 1339 609 finem
1357 575 1464 610 varde
1483 581 1647 610 vocatum

177 630 232 664 {Ite
252 629 376 664 bodam
393 630 440 674 of
458 628 514 663 the
530 629 631 663 ward
648 641 691 663 ex
710 634 808 675 parte
827 629 1045 670 occidentali,
1074 635 1109 664 et
1139 630 1284 664 caudam
1304 631 1346 665 de
1365 631 1395 665 le
1424 631 1648 666 Brumlandis

177 698 316 719 necnon
341 685 372 719 le
402 684 622 719 WVelmedow
651 697 689 719 ac
718 684 864 719 croftam
892 684 1022 719 Prioris
1051 698 1093 719 ex
1124 692 1223 732 parte
1241 686 1372 721 boreali
1386 701 1396 729 ;
1425 692 1460 721 et
1486 687 1553 722 alia
1569 700 1649 735 pars

178 742 351 776 di&arum
370 746 543 775 terrarum
567 740 662 787 jacet
680 753 723 775 ex
749 746 847 787 parte
866 740 998 775 boreali
1016 741 1100 775 dicti
1119 741 1221 788 burgi
1251 743 1343 777 inter
1368 747 1479 777 terras
1505 743 1548 777 de
1576 743 1650 779 Ox-

178 797 361 833 schawhed
379 810 418 830 ac
435 795 553 831 filvam
574 797 616 831 de
636 796 810 831 Oxschaw
829 809 968 831 necnon
987 797 1134 832 croftam
1154 797 1304 833 Roberti
1323 798 1467 833 Caveris
1490 804 1649 834 vocatam

180 855 209 889 Ze
228 853 432 889 Sclactbanlc
451 865 494 887 ex
508 858 610 899 parte
629 852 779 893 australi,
809 858 843 887 et
868 858 979 887 terras
1008 853 1051 887 de
1070 853 1270 888 Snawdone
1289 867 1328 889 ac
1346 867 1470 900 aquam
1489 855 1532 890 de
1561 855 1650 889 Kert

180 922 319 944 necnon
337 909 367 944 le
383 908 530 943 holmme
551 908 593 942 de
615 908 864 943 lVardmedow
881 921 925 943 ex
950 914 1049 955 parte
1067 909 1241 950 orientali,
1270 915 1305 945 et
1331 910 1361 945 le
1378 911 1582 945 marchedilc
1609 911 1650 944 de

181 965 269 1000 Incli
288 978 327 999 ac
345 977 567 999 communem
586 963 727 998 moffam
747 965 789 998 de
810 963 942 998 Passeto
961 977 1004 999 ex
1022 970 1120 1011 parte
1138 965 1282 1006 boreali,
1310 971 1345 1000 et
1360 966 1489 1000 dietam
1509 965 1650 1000 mofl'am

181 1035 223 1057 ex
241 1026 339 1068 parte
358 1021 575 1061 occidentali,
605 1021 760 1067 partibus
778 1020 820 1054 ab
839 1033 909 1054 una
927 1026 961 1055 et
979 1021 1112 1063 altera3
1141 1034 1205 1068 pro
1224 1034 1347 1055 eorum
1371 1022 1547 1056 communi
1567 1022 1651 1056 dieti

181 1078 282 1123 burgi
300 1076 358 1111 seu
377 1077 553 1111 communi
571 1076 707 1123 pastura
723 1076 925 1110 animalium
944 1076 1121 1111 dictorum
1140 1076 1312 1124 prepositi,
1332 1077 1552 1118 ballivorum,
1573 1078 1652 1112 bur-

183 1133 337 1180 gensium
357 1138 391 1167 et
409 1133 667 1167 communitatis
685 1145 749 1179 pro
767 1137 936 1179 perpetuo
955 1130 1182 1179 poffidendas.
1235 1133 1291 1167 Ac
1310 1133 1414 1167 etiam
1442 1133 1600 1167 dedimus
1619 1140 1653 1168 et

183 1187 407 1224 concessimus
425 1188 569 1223 liberam
590 1189 765 1223 licentiam
785 1194 820 1223 et
850 1187 1053 1235 potestatem
1077 1187 1152 1235 ipfis
1183 1187 1373 1235 Prepofito,
1402 1188 1546 1229 ballivis,
1573 1189 1653 1223 bur-

182 1244 340 1291 genfibus
367 1251 401 1279 et
419 1245 661 1279 communitati
680 1250 714 1279 et
732 1243 798 1278 suis
816 1243 1059 1278 succefforibus
1089 1245 1148 1290 qui
1178 1257 1243 1291 pro
1273 1250 1432 1291 tempore
1462 1245 1593 1279 fuerint
1610 1245 1653 1279 ad

183 1301 390 1335 lucrandum
410 1306 444 1335 et
474 1301 683 1347 capiendum
715 1300 773 1334 sua
800 1300 924 1334 focalia
952 1302 987 1333 in
1017 1299 1277 1346 quibuscunque
1296 1300 1418 1334 nostris
1444 1301 1584 1347 petar-iis
1611 1301 1652 1335 de

184 1356 302 1404 Passay
320 1370 384 1404 pro
401 1356 646 1391 sustentatione
664 1355 816 1403 ipsorum
837 1355 1014 1403 Prepofiti‚
1035 1356 1254 1397 ballivorum,
1274 1356 1496 1403 burgenfium
1514 1363 1549 1392 et
1563 1370 1654 1392 colu-

183 1413 362 1447 munitatis
380 1418 414 1447 et
432 1410 660 1446 succefforum
678 1411 818 1447 suorum
837 1413 1106 1459 imperpetuum,
1127 1418 1161 1446 et
1179 1413 1222 1446 ad
1240 1413 1447 1447 lucrandum
1468 1418 1501 1447 et
1520 1414 1655 1460 capien-

184 1469 266 1503 dum
285 1469 416 1516 lapides
435 1469 477 1503 de
495 1468 617 1502 nostris
633 1469 802 1515 lapicidiis
819 1481 883 1515 pro
896 1468 1153 1503 constructione
1166 1473 1200 1502 et
1215 1469 1432 1503 edificatione
1451 1469 1536 1503 dicti
1555 1469 1654 1515 burgi

184 1526 313 1559 totiens
325 1525 485 1571 quotiens
493 1524 878 1571 eislicebit[placebit?]
890 1525 924 1558 in
932 1525 1101 1564 futurum,
1110 1525 1301 1559 dummodo
1308 1522 1654 1559 nostraneceffariain

186 1580 310 1615 eisdem
323 1581 463 1628 petariis
475 1587 509 1614 et
520 1580 687 1627 lapicidiis
700 1581 759 1615 ubi
775 1580 873 1614 nobis
885 1580 1054 1627 placuerit
1061 1580 1258 1615 habeamus.
1287 1580 1333 1615 Et
1345 1579 1367 1614 fi
1379 1579 1437 1628 ipfi
1446 1580 1652 1628 P1·epofitus‚

185 1637 314 1677 ballivi,
334 1636 522 1683 burgenses
536 1641 597 1670 aut
612 1637 842 1670 communitas
861 1637 945 1670 dieti
957 1636 1058 1683 burgi
1073 1637 1254 1671 inveniant
1268 1635 1327 1671 seu
1341 1636 1523 1671 lucrentur
1537 1636 1655 1671 carbo-

187 1693 324 1727 narium
338 1692 396 1726 seu
411 1692 613 1726 carbonaria
627 1693 663 1725 in
678 1705 799 1726 eorum
813 1692 990 1726 communi
1005 1692 1090 1726 dieti
1102 1692 1214 1738 burgi,
1230 1692 1392 1726 volumus
1406 1698 1440 1728 et
1454 1693 1656 1727 ordinamus

187 1748 281 1794 quod
299 1761 362 1782 nos
381 1754 415 1782 et
432 1746 637 1782 suc-ceffores
655 1748 761 1782 nostri
775 1748 856 1782 iude
875 1747 1062 1782 habeamus
1077 1747 1192 1782 nostra
1210 1746 1405 1789 neceffaria,
1425 1749 1584 1783 faciendo
1599 1761 1656 1784 ex-

186 1804 307 1851 pensas
323 1803 423 1851 super
442 1804 636 1838 lucratione
655 1804 739 1838 dieti
755 1803 948 1838 carbonarii
966 1803 1025 1838 seu
1044 1803 1329 1838 carbonariorum
1347 1817 1411 1851 pro
1429 1809 1528 1852 parte
1542 1804 1657 1839 nostra

186 1859 273 1894 ficut
290 1859 349 1907 ipfi
368 1859 575 1906 Prepofitus,
598 1859 726 1900 ballivi,
747 1860 933 1905 burgenses
951 1864 985 1894 et
995 1860 1225 1894 communitas
1239 1860 1325 1894 dicti
1337 1860 1439 1906 burgi
1452 1873 1517 1907 pro
1534 1873 1657 1895 eorum

186 1923 285 1964 parte
304 1916 453 1963 ejusdem
474 1916 607 1950 faciunt
625 1915 681 1950 seu
701 1916 813 1950 facere
833 1915 1021 1950 voluerint.
1075 1915 1222 1963 Insuper
1241 1916 1362 1950 damus
1380 1922 1415 1951 et
1433 1917 1657 1951 concedimus

189 1973 290 2007 dietis
309 1970 497 2018 PrepofitQ
518 1971 663 2012 ballivis,
686 1970 909 2017 burgensibus
928 1976 962 2006 et
980 1972 1221 2006 communitati
1240 1972 1326 2006 dicti
1343 1972 1445 2018 burgi
1471 1984 1657 2006 commune

192 2027 391 2075 paffagium,
413 2040 455 2062 ex
473 2028 658 2062 latitudine
678 2028 862 2062 duodecim
881 2027 1044 2062 ulnarum
1063 2041 1106 2063 ex
1124 2027 1255 2063 boreali
1281 2033 1379 2075 parte
1407 2029 1517 2063 crucis
1537 2028 1655 2062 Sancti

190 2085 346 2125 Niniani,
378 2084 571 2119 extendens
597 2097 616 2118 a
643 2084 737 2118 dicta
761 2089 859 2130 parte
886 2089 1058 2118 terrarum
1086 2084 1281 2118 communis
1306 2084 1455 2130 predicti
1481 2083 1588 2129 usque
1613 2083 1657 2117 ad

189 2141 331 2175 alteram
351 2146 485 2188 partem
504 2140 705 2175 earundem.
758 2139 971 2175 Tenendum
993 2146 1028 2174 et
1054 2140 1253 2174 habendum
1279 2145 1393 2174 totum
1420 2145 1455 2174 et
1480 2140 1656 2186 integrum

189 2197 323 2231 dictum
341 2197 492 2243 burgum
513 2197 554 2231 de
575 2195 692 2243 Passay
710 2196 747 2230 in
765 2196 919 2236 baronia,
948 2208 1027 2230 cum
1045 2196 1265 2235 tenementis,
1285 2194 1528 2236 manfionibus,
1558 2195 1653 2234 ortis,

189 2253 276 2286 acris
294 2258 477 2293 terrarum,
510 2253 633 2287 bondis
664 2259 698 2287 et
724 2252 891 2287 limitibus
909 2251 1060 2299 ejusdem
1091 2265 1154 2299 per
1184 2264 1247 2286 nos
1265 2250 1391 2286 eisdem
1409 2249 1580 2297 affignatis
1598 2249 1656 2284 [eu

190 2307 405 2354 affignandis,
442 2322 519 2343 cum
548 2309 724 2344 communi
751 2308 887 2355 pastura
912 2308 1113 2343 animalium
1140 2307 1242 2354 super
1269 2305 1410 2342 moffam
1438 2306 1585 2341 nostram
1613 2305 1655 2339 de
