1839 2652
162 273 231 305 100
562 261 877 299 REGISTRUM
905 261 1243 296 MONASTERII

167 364 351 401 Malcolmi
368 362 470 409 regis,
491 366 525 395 et
543 373 607 408 pro
626 360 741 394 anima
762 358 907 392 Walteri
924 358 986 391 filii
1006 357 1125 397 Alani,
1154 362 1188 391 et
1205 369 1270 404 pro
1288 358 1467 394 animabus
1485 361 1590 407 patris
1609 366 1643 396 et

166 421 286 457 matris
304 431 380 453 mee
399 423 434 453 91
451 416 716 452 benefactorum
736 427 907 454 meorum,
929 419 963 448 et
981 426 1046 460 pro
1064 412 1172 447 salute
1191 426 1268 448 mea
1286 419 1321 448 et
1337 416 1456 449 uxoris
1474 429 1550 451 mee
1571 417 1645 452 He-

167 480 257 518 lene,
278 482 313 511 et
330 475 439 510 salute
458 474 566 522 patris
585 478 619 507 et
636 473 755 507 matris
774 472 858 519 eJuS,
880 477 914 506 91
929 484 994 518 pro
1006 470 1114 505 salute
1127 471 1259 505 domini
1279 472 1387 506 Alani
1405 473 1562 508 advocati
1577 476 1645 510 mei

169 535 356 570 etfratrum
369 544 539 566 meorum.
570 531 649 565 Hiis
661 528 811 569 testibus,
820 529 842 564 J
845 528 982 562 ocelino
995 526 1153 574 episcopo
1161 526 1377 574 Glasguenfi,
1387 528 1529 564 Simone
1538 531 1647 565 archi-

169 591 331 630 diacono,
355 588 536 623 Herberto
556 588 700 626 decano,
713 585 877 620 Johanne
897 584 939 619 de
960 583 1372 625 HuntendunssValtero,
1393 584 1568 626 wilelmo,
1584 586 1648 621 Ni-

170 646 317 686 cholaio,
332 644 464 679 clericis
473 643 645 692 Episcopi,
659 641 802 677 domino
811 641 929 675 Alano
948 640 1118 674 advocato
1136 640 1264 681 nostro,
1277 640 1436 675 Roberto
1456 641 1559 682 Croc,
1578 642 1650 676 Ro-

170 703 231 737 bin
247 701 320 736 filio
336 700 483 734 Roberti
498 700 540 734 de
557 699 691 739 Pulloc,
708 698 867 732 Henrico
882 697 924 731 de
939 694 1055 736 Neffe,
1069 701 1103 730 91
1119 696 1235 730 Adam
1248 696 1355 731 fratre
1370 697 1453 744 ejus,
1472 697 1649 745 Stephano

173 759 216 793 de
237 755 485 796 Kinardesseia,
515 755 679 789 Wilelmo
699 754 741 788 de
761 752 934 801 Lyndlay,
964 752 1139 787 Gocelino
1161 752 1268 787 fratre
1289 753 1454 800 Hugonis
1473 753 1649 802 Granger.

176 927 334 962 Donatio
353 925 491 961 99919119
511 925 552 959 (19
573 922 733 958 Mernes’
750 936 813 970 per
833 923 975 957 Heliam
994 923 1168 957 clericum.

179 1039 373 1074 HELIAS
400 1038 545 1073 clericus
575 1037 666 1071 filius
697 1036 855 1070 Fulberti
884 1036 1044 1070 omnibus
1074 1036 1191 1071 sancte
1220 1037 1339 1071 matris
1367 1036 1505 1072 ecclesie
1523 1038 1601 1072 filiis
1620 1044 1654 1072 et

177 1095 338 1130 fidelibus
355 1094 512 1129 salutem.
565 1093 686 1128 Sciatis
704 1105 759 1126 me
779 1090 905 1125 dediffe
925 1098 959 1126 et
977 1093 1040 1126 1139
1058 1106 1135 1126 11193
1162 1099 1256 1127 carta
1282 1093 1497 1128 confirmaffe
1516 1093 1654 1129 ecclefie

178 1152 299 1187 Sancti
316 1150 439 1187 Jacobi
458 1155 491 1184 et
511 1149 631 1184 Sancti
650 1148 773 1182 Mirini
793 1153 827 1181 et
846 1147 973 1182 Sancte
1000 1147 1180 1195 Milburge
1199 1149 1241 1183 de
1262 1148 1407 1183 Paffelet
1426 1155 1460 1184 et
1478 1150 1656 1184 monachis

176 1208 306 1243 ibidem
325 1207 407 1241 Deo
426 1205 667 1245 iervientibus,
696 1203 871 1238 eccleliam
892 1204 934 1237 de
962 1203 1133 1244 Merncs',
1163 1217 1240 1239 cum
1261 1205 1421 1239 omnibus
1438 1206 1658 1252 pertinentiis

177 1263 256 1304 suis,
284 1264 321 1297 in
338 1262 440 1297 terris
458 1267 492 1296 et
510 1261 617 1306 aquis,
646 1261 681 1293 in
700 1260 811 1307 planis
830 1265 864 1293 et
890 1258 1032 1306 pascuis,
1065 1260 1172 1294 libere
1191 1266 1225 1295 et
1243 1261 1370 1307 quiete,
1403 1262 1657 1309 imperpetuam

180 1318 411 1358 elemofinam,
431 1330 495 1364 pro
513 1317 628 1350 anima
646 1316 793 1350 lValteri
812 1316 873 1349 filii
890 1315 998 1349 Alani
1017 1321 1050 1349 et
1068 1329 1132 1362 pro
1150 1317 1265 1351 anima
1281 1317 1449 1352 Herberti
1465 1317 1658 1365 Glasguen-

178 1375 218 1410 fis
236 1373 395 1422 episcopi,
416 1378 451 1408 et
468 1386 532 1420 pro
550 1372 729 1406 animabus
743 1372 849 1419 patris
868 1377 902 1405 et
920 1372 1038 1405 matris
1051 1384 1137 1412 mee,
1159 1378 1192 1406 et
1206 1372 1470 1408 benefactorum
1486 1387 1656 1414 meorum,

180 1439 215 1467 et
232 1444 296 1479 pro
315 1429 493 1465 animabus
512 1427 764 1463 antecefl'orum
783 1441 941 1462 meorum
963 1434 997 1462 et
1014 1427 1255 1470 successorum,
1277 1436 1311 1464 et
1328 1443 1392 1477 pro
1410 1429 1518 1464 1311119
1536 1443 1613 1464 11193
1625 1436 1659 1465 91

181 1487 290 1522 Alani
307 1486 466 1521 advocati
484 1485 590 1519 nostri
609 1490 641 1519 et
659 1485 806 1518 fratrum
825 1497 995 1518 meorum.
1050 1484 1129 1517 Hiis
1146 1485 1296 1526 testibus,
1319 1486 1478 1520 Roberto
1491 1486 1562 1520 filio
1578 1486 1658 1520 Ful-

180 1544 280 1583 berti‚
301 1548 335 1576 91
353 1542 459 1576 fratre
478 1541 552 1587 ejus
572 1540 689 1580 Petro,
712 1540 871 1573 Roberto
891 1539 994 1580 Croc,
1017 1540 1172 1575 Radulfo
1191 1542 1233 1576 de
1252 1541 1381 1582 Insula,
1403 1542 1567 1577 lVilelmo
1586 1543 1658 1577 filio

181 1599 304 1639 Meid',
325 1597 482 1632 Ernaldo
501 1597 543 1630 de
563 1596 698 1636 Pertec,
720 1595 881 1642 Philippo
899 1601 1027 1643 nepote
1044 1595 1116 1630 suo.

183 1766 414 1802 Confirmatio
434 1764 587 1799 Wilelmi
606 1765 697 1811 regis
716 1764 841 1805 Scotie,
862 1764 1000 1800 eeclefie
1019 1766 1061 1800 de
1083 1765 1256 1802 Mernes’.

183 1877 462 1914 WILELMUS
482 1876 552 1911 Dei
571 1877 682 1923 gratia
708 1889 770 1911 rex
797 1877 982 1911 Scotorum
1010 1878 1169 1913 omnibus
1194 1879 1312 1926 probis
1337 1881 1536 1916 hominibus
1553 1883 1661 1917 totius

183 1942 276 1970 terre
294 1933 352 1968 sue
371 1933 504 1968 clericis
522 1938 556 1967 et
573 1933 667 1967 laicis
685 1932 841 1967 salutem.
894 1933 1011 1967 Sciant
1029 1934 1204 1980 presentes
1223 1941 1257 1969 et
1274 1936 1383 1970 futuri
1398 1950 1453 1972 me
1467 1938 1660 1974 conceffiffe

186 1997 220 2027 et
237 1991 301 2025 hac
320 1995 414 2024 carta
431 2002 509 2023 mea
526 1986 741 2023 confirmaffe
760 1989 841 2023 Deo
869 1994 903 2023 et
929 1988 1066 2024 ecclesie
1095 1990 1214 2025 Sancti
1242 1991 1366 2026 Mirini
1393 1994 1435 2028 de
1463 1993 1610 2030 Paffelet
1627 2001 1662 2030 et

184 2047 363 2082 monachis
381 2045 509 2080 ibidem
528 2045 610 2079 Deo
628 2044 865 2086 servientibus,
895 2045 1120 2080 donationem
1139 2047 1233 2081 illam
1252 2062 1356 2094 quam
1377 2049 1499 2084 Helias
1517 2052 1560 2086 de
1581 2051 1662 2087 Per-

187 2103 279 2138 theic
296 2103 344 2137 eis
361 2101 443 2136 fecit
460 2114 522 2148 per
540 2100 791 2135 conceffionem
813 2101 908 2135 Petri
939 2102 981 2136 de
1002 2102 1123 2137 Polloc
1153 2103 1268 2138 fratris
1295 2104 1356 2146 sui,
1390 2106 1432 2140 de
1464 2107 1602 2143 99919113
1620 2109 1662 2144 (19

189 2157 372 2194 Mernes’:
414 2157 586 2192 Tenenda
613 2158 649 2191 in
679 2158 822 2192 liberam
842 2164 875 2192 et
892 2164 1096 2204 perpetuam
1125 2159 1345 2194 elemofinam
1375 2161 1423 2195 ita
1440 2162 1558 2204 libere,
1591 2165 1662 2210 qui-

189 2222 255 2255 ete,
276 2214 429 2261 plenarie
448 2220 482 2248 et
500 2214 693 2248 honorifice
710 2212 794 2248 ficut
808 2214 890 2248 alias
905 2213 1059 2248 ecclesias
1072 2214 1147 2250 suas
1162 2216 1314 2257 liberius,
1335 2218 1494 2263 quietius,
1514 2219 1661 2265 plenius,

190 2275 224 2304 91
242 2268 529 2303 honorificentius
547 2274 680 2309 tenent,
709 2275 743 2303 et
760 2267 844 2303 ficut
862 2275 955 2304 carta
981 2271 1129 2317 predicti
1158 2272 1275 2319 Helye
1302 2273 1453 2308 testatur.
1506 2274 1663 2310 Testibus

189 2327 264 2367 hiis,
286 2325 404 2361 Alano
422 2325 544 2361 abbate
575 2327 617 2361 de
635 2326 907 2374 Dunfermelyn‚
942 2326 1098 2374 Hugone
1129 2328 1334 2363 cancellario
1362 2342 1452 2372 meo,
1485 2329 1663 2366 Rollando
