1839 2652
721 263 791 298 DE
824 260 1093 297 PASSELET.
1615 264 1661 303 37

182 360 367 407 deputatiS,
380 366 420 395 ut
439 361 486 395 eis
505 360 547 395 de
567 365 767 408 opportuno
783 360 939 394 remedio
952 358 1053 406 super
1070 358 1237 405 predififfis
1256 358 1390 405 injuriis
1403 363 1436 392 et
1448 358 1660 404 gravamine,

182 417 313 451 virtute
331 417 435 451 officii
453 417 553 452 nobis
571 415 746 457 commisti,
776 417 984 451 duceremus
1010 415 1207 462 providere.
1260 414 1337 448 Nos
1355 427 1439 449 vero
1458 414 1662 448 mandatum

183 473 408 520 apostolicum
427 479 630 508 reverenter
649 479 687 507 ut
706 479 868 507 tenemur
887 472 1010 518 exequi
1030 472 1220 518 cupienteS,
1248 471 1285 504 in
1311 469 1411 505 causa
1428 470 1484 504 vel
1504 471 1539 504 in
1558 469 1662 505 caufis

183 542 286 575 quam
305 530 360 564 vel
379 543 463 576 quas
481 530 566 564 dieti
584 528 732 575 religiosi
751 528 948 563 monasterii
975 528 1018 561 dc
1049 525 1218 561 Paffeleto
1237 532 1361 561 contra
1391 527 1525 561 dietum
1555 527 1663 560 domi-

183 598 269 620 num
288 585 492 620 lVilelmum
512 585 618 619 More
637 585 795 625 militem,
812 597 951 619 necnon
971 590 1004 617 et
1023 589 1147 617 contra
1160 582 1382 629 quascunque
1400 583 1483 616 alias
1501 581 1663 629 personas

185 641 420 677 ecclesiasticas
450 641 506 676 vel
534 641 714 681 seculares,
743 640 979 687 cujuscunque
1009 639 1113 673 status
1143 639 1199 673 vel
1228 639 1439 673 conditionis
1469 639 1661 678 extiterint,

183 710 326 731 movere
344 697 544 736 intendunt,
564 696 661 730 vobis
679 696 734 730 vel
753 697 815 729 uui
834 695 984 730 vestrum
1003 696 1221 742 conjune'tim
1239 694 1297 729 seu
1316 695 1458 736 divifim,
1478 696 1570 730 vices
1588 694 1678 730 nos?

182 759 264 794 tras,
292 758 463 800 quatenus
481 751 668 800 poffumus,
697 751 875 799 quousque
894 764 950 785 eas
969 751 1172 785 duxerimus
1190 752 1440 792 revocandum,
1463 765 1541 786 cum
1561 765 1663 786 cano-

183 811 262 844 nica
280 810 502 850 cohibitione,
523 822 585 857 per
603 808 790 856 presentes,
812 807 1062 842 committimus
1081 813 1115 841 et
1133 806 1408 853 subdelegamus‚
1429 807 1526 842 vobis
1544 809 1664 842 aueto-

183 867 286 900 ritate
305 879 373 912 qua
389 866 569 912 fungimur
587 866 623 899 in
642 865 705 899 hac
730 870 828 912 parte
856 865 1004 899 firmiter
1031 865 1274 911 precipienteS,
1303 871 1474 910 quatenus
1501 865 1537 898 in
1566 865 1666 900 caula

183 923 343 969 predkffiz
361 922 416 956 vel
435 922 509 956 aliis
526 922 549 956 fi
568 935 651 968 quas
670 922 855 956 habuerint
874 926 997 955 contra
1016 920 1123 967 ipsum
1143 920 1199 954 vel
1218 920 1301 954 alias
1318 919 1481 967 personas
1499 921 1665 966 quascun-

184 992 262 1024 que,
293 979 454 1024 quotiens
487 991 550 1025 per
579 978 691 1012 dictos
722 976 901 1024 religiosos
928 977 1064 1011 fueritis
1094 975 1257 1022 requiliti,
1285 975 1476 1011 secundum
1504 983 1664 1012 tenorem

184 1034 278 1069 bulle
296 1035 425 1082 papalis
443 1040 638 1082 prenotate,
658 1035 828 1081 legIttime
846 1034 1053 1081 procedatis.
1107 1033 1242 1068 Datum
1261 1033 1321 1067 sub
1335 1032 1450 1080 figillis
1469 1034 1663 1069 officiorum

184 1090 382 1126 nostrorum
400 1091 493 1138 apud
521 1090 742 1138 Eddynburg
771 1090 930 1125 vicefimo
961 1090 1017 1125 die
1046 1088 1168 1125 menfis
1201 1089 1361 1136 Augusti,
1394 1103 1487 1124 anno
1518 1090 1664 1125 Domini

186 1146 365 1182 millesimo
391 1146 633 1182 trecentefimo
651 1146 859 1194 sexagesimo
878 1146 1034 1194 septimo.

189 1317 273 1351 Alia
291 1315 479 1351 commiffio
510 1314 607 1351 miffa
632 1323 666 1351 et
694 1317 860 1364 deputata
886 1318 929 1351 ad
960 1323 1074 1352 certos
1104 1318 1244 1353 abbates
1274 1324 1309 1352 et
1338 1318 1474 1365 priores
1493 1317 1666 1352 diocesum

189 1374 309 1409 saneti
328 1374 487 1414 Andree,
517 1372 751 1420 Glasguenfis,
780 1380 815 1408 et
842 1373 1111 1415 Dunblanenfis,
1141 1375 1183 1409 de
1215 1375 1430 1409 exhibitione
1448 1375 1667 1409 alienationis

188 1430 362 1464 bonorum
380 1430 577 1465 monasterii
596 1430 639 1464 de
659 1429 791 1464 Passeto
810 1437 933 1464 contra
952 1431 1134 1464 dominum
1157 1430 1358 1465 Wilelmum
1379 1430 1497 1465 More.

191 1542 470 1578 ROBERTUS
488 1541 708 1589 permistione
727 1542 845 1576 divina
861 1542 964 1577 abbas
982 1542 1179 1577 monasterii
1209 1543 1252 1577 de
1274 1543 1479 1590 Kylwinyn,
1500 1549 1534 1578 et
1551 1544 1667 1578 Wilel-

189 1612 266 1634 mus
283 1599 380 1646 prior
398 1599 440 1633 de
460 1597 734 1644 Leffemahang,
764 1599 895 1632 ordinis
914 1598 1136 1639 Terouenfis,
1165 1598 1387 1645 Glasguenfis
1405 1599 1557 1640 diocesis,
1577 1613 1668 1634 com-

189 1653 328 1690 miffarii
345 1654 598 1689 venerabilium
618 1655 653 1688 in
673 1654 808 1688 Christo
827 1662 967 1701 patrum
985 1655 1210 1690 dominorum
1237 1655 1410 1691 Johannis
1440 1662 1474 1691 et
1504 1656 1668 1702 Hugonis

190 1711 260 1746 Dei
278 1711 391 1757 gratia
409 1711 451 1745 de
470 1710 742 1744 Dunfermeline
762 1716 795 1745 et
815 1711 858 1745 de
876 1711 1056 1746 Neubotle
1076 1712 1196 1746 831]ἃί
1216 1712 1362 1747 Andree
1378 1711 1517 1746 diocefis
1536 1712 1668 1746 monas-

189 1769 358 1803 teriorum
378 1767 552 1807 abbatum,
581 1766 865 1801 conservatorum
896 1773 930 1802 et
955 1768 1115 1815 judicum
1134 1769 1178 1802 ad
1195 1769 1286 1803 infra
1302 1768 1428 1816 scripta
1461 1782 1523 1816 per
1553 1768 1667 1803 sedem

189 1824 409 1871 apostolicam
421 1823 615 1870 specialiter
627 1823 888 1870 deputatorum,
904 1824 1065 1858 omnibus
1078 1831 1112 1858 et
1124 1823 1263 1871 singulis
1275 1825 1465 1865 abbatibus,
1482 1825 1666 1872 prioribus,

190 1880 452 1920 archidiaconis,
481 1879 696 1919 officialibus,
725 1880 874 1920 decanis,
902 1881 1110 1921 1·e6toribus‚
1139 1882 1287 1922 vicariis,
1316 1888 1350 1916 et
1369 1882 1568 1928 capellanis,
1596 1888 1667 1915 tam

189 1949 263 1970 non
293 1936 420 1970 curatis
448 1948 551 1982 quarn
582 1936 720 1975 curatis,
748 1948 811 1982 per
842 1935 993 1970 dioceses
1011 1937 1132 1971 Sancffi
1152 1937 1309 1978 Andree,
1342 1936 1604 1984 Glasguensem,
1634 1944 1667 1971 et

191 1990 479 2026 Dunblanensem
495 1991 696 2031 constitutis,
711 1991 855 2026 salutem
872 1997 906 2026 et
921 1993 1092 2027 mandatis
1108 1993 1230 2027 nostris
1244 2007 1283 2027 ac
1296 1994 1471 2028 dietorum
1487 1992 1665 2027 conserva-

190 2054 308 2082 torum
326 2053 361 2082 et
372 2048 534 2095 judicum
552 2060 669 2094 ymmo
689 2047 804 2081 verius
822 2047 1016 2094 apostolicis
1034 2049 1181 2083 firmiter
1198 2049 1351 2083 obedire.
1396 2049 1521 2095 Nuper
1535 2049 1667 2083 litteras

191 2102 433 2138 commistionis
451 2103 628 2137 dietorum
647 2103 870 2137 dominorum
896 2103 1071 2144 abbatum,
1092 2103 1376 2138 conservatorum
1396 2111 1429 2138 et
1443 2104 1604 2150 judicum
1623 2106 1667 2139 ad

191 2159 281 2193 infra
297 2158 422 2205 scripta
439 2171 502 2205 per
519 2158 635 2192 sedem
653 2158 873 2205 apostolicam
902 2160 1162 2206 deputatorum,
1191 2160 1385 2206 recepimus
1411 2160 1447 2193 in
1462 2160 1525 2195 hec
1543 2161 1666 2204 verba;

190 2214 468 2250 JOHANNES
496 2214 564 2248 ET
592 2214 745 2249 HUGO
764 2215 807 2249 de
823 2215 1106 2262 Dunfermelyne
1125 2222 1160 2249 et
1178 2216 1220 2250 de
1240 2215 1426 2250 Neubotill
1444 2217 1668 2252 monasterio-

191 2284 269 2305 rum
284 2271 433 2311 abbates,
454 2269 714 2304 conservatores
729 2276 763 2305 et
771 2271 909 2318 judices
925 2271 1045 2305 Saneti
1061 2271 1207 2305 Andree
1222 2271 1362 2306 dioeefis
1389 2273 1433 2306 ad
1444 2273 1534 2308 infra
1544 2273 1669 2321 scripta

190 2339 252 2373 per
270 2325 385 2361 sedem
403 2325 623 2373 apostolicam
654 2339 732 2361 cum
765 2325 916 2361 clausula
943 2332 1142 2373 opportuna
1174 2327 1342 2374 deputati,
1370 2329 1562 2364 venerabili
1579 2331 1668 2377 patri
