1839 2652
724 240 795 276 DE
823 239 1093 275 PASSELET.
1582 244 1647 275 101

167 338 239 373 filio
258 337 414 378 Ucdred,
447 337 574 372 comite
595 336 759 377 Patricio,
785 337 946 372 Wilelmo
974 337 1017 371 de
1044 334 1218 383 Lyndsay‚
1249 335 1410 384 Philippo
1431 336 1473 370 de
1489 335 1647 370 'Walons’

169 394 328 429 Roberto
347 394 390 429 de
409 393 546 434 Londe,
569 393 727 428 Henrico
746 393 789 428 de
808 393 1043 434 Cormannoc,
1063 392 1157 440 apud
1175 391 1331 439 Lanryk.

167 562 398 597 Confirmatio
415 562 567 598 Jocelini
585 561 745 609 episcopi,
766 561 904 597 ecclesie
923 563 966 597 de
987 562 1158 597 Mernes'.

165 675 188 710 J
192 674 452 710 OCELINUS
471 674 542 708 Dei
559 675 671 721 gratia
690 674 912 721 Glafguenfis
931 673 1109 721 episcopus
1136 673 1302 708 univerfis
1319 673 1437 708 sanae
1456 674 1574 708 matris
1593 687 1645 708 ec-

166 730 263 766 clefie
282 731 359 765 filiis
377 736 448 765 tam
466 731 592 765 futuris
610 743 714 776 quam
744 730 961 778 presentibus
991 729 1135 764 {alutem
1167 730 1203 763 in
1233 729 1381 764 Christo.
1435 730 1555 764 Sciatis
1581 743 1646 764 nos

165 785 359 821 conceffiffe
378 792 413 821 et
430 786 494 821 hac
514 792 608 820 carta
625 786 740 820 nostra
758 785 974 821 confirmafl'e
994 785 1075 820 Deo
1094 791 1129 820 et
1147 784 1284 820 60016116
1312 786 1431 820 Sanffl
1459 785 1584 820 Mirini
1603 787 1645 821 de

166 841 314 877 Paffelet
332 848 366 877 et
385 842 563 876 monachis
580 842 708 876 ibidem
736 842 817 877 Deo
844 842 1081 883 servientibus,
1111 842 1284 877 ecclesiam
1305 843 1347 877 de
1366 842 1537 884 Mernes’,
1566 857 1645 878 cum

165 899 325 933 omnibus
343 899 387 932 ad
405 898 551 933 eandem
570 897 743 933 eccleliam
763 898 854 945 juste
872 899 1139 946 pertinentibus,
1168 900 1204 932 in
1222 898 1367 932 liberam
1386 904 1420 932 et
1438 904 1644 945 perpetuam

164 953 395 995 elemosinam,
424 954 469 988 ad
493 954 655 1001 proprios
672 953 752 988 usus
771 960 805 988 et
822 953 1104 989 sustentationem
1132 953 1283 1001 ipsorum
1311 955 1564 989 monachorum
1584 956 1644 989 im-

163 1015 400 1058 perpetuum;
429 1016 464 1045 et
492 1009 593 1057 ipfius
624 1010 761 1045 60016116
779 1010 1003 1058 personatum
1034 1009 1109 1057 ipsis
1136 1010 1327 1050 monachis,
1355 1011 1543 1045 autoritate
1562 1011 1644 1058 epis-

164 1067 287 1114 copali,
316 1067 438 1101 damus
465 1072 500 1101 et
526 1066 590 1101 hac
616 1072 712 1101 carta
737 1067 853 1101 nostra
879 1067 1138 1101 confirmamus.
1192 1066 1312 1107 Quare
1330 1066 1494 1100 volumus
1512 1072 1551 1101 ut
1569 1080 1646 1114 pre-

163 1123 249 1157 dieti
266 1122 429 1157 monachi
448 1123 490 1157 de
510 1120 657 1157 Paffelet
675 1128 819 1157 teneant
837 1128 872 1157 et
889 1121 1081 1170 possideant
1108 1122 1378 1170 imperpetuum,
1407 1122 1450 1156 ad
1468 1122 1548 1156 usus
1566 1136 1644 1170 pro-

163 1179 257 1226 prios
276 1184 311 1213 et
328 1178 611 1213 sustentationem
630 1178 737 1220 suam,
766 1179 961 1226 predictam
980 1177 1157 1213 ecclesiam
1177 1178 1220 1212 (16
1240 1177 1410 1218 Mcrnes’,
1445 1191 1523 1212 cum
1542 1181 1644 1214 terris

164 1241 198 1270 et
211 1235 353 1270 decimis
372 1240 407 1269 et
424 1234 586 1269 omnibus
602 1234 871 1269 obventionibus
888 1240 922 1269 et
934 1234 1205 1269 rectitudinibus
1222 1234 1266 1268 ad
1285 1247 1359 1268 eam
1374 1235 1641 1281 pertinentibus,

163 1293 212 1326 ita
228 1291 336 1326 libere
356 1297 390 1326 et
408 1292 535 1337 quiete,
567 1291 723 1338 plenarie
752 1297 787 1326 et
818 1291 1023 1332 honorifice,
1053 1289 1137 1325 ficut
1155 1291 1269 1336 aliqua
1281 1291 1522 1325 conventualis
1537 1292 1644 1326 60016Η

163 1347 208 1382 fia
235 1348 384 1394 aliquam
415 1347 669 1394 parrochialem
698 1346 873 1382 ecclesiam
902 1347 938 1380 in
970 1346 1169 1393 episcopatu
1200 1345 1406 1393 Glasguenfi
1436 1346 1578 1381 liberius
1609 1354 1643 1382 et

162 1405 324 1450 quietius,
356 1403 534 1451 plenarius
564 1409 598 1438 et
628 1403 928 1443 honorificentius,
960 1407 1058 1437 tenet
1087 1407 1121 1437 et
1154 1401 1322 1449 poffidet3
1362 1402 1472 1437 Salvis
1503 1403 1641 1438 ecclesie

163 1459 368 1506 Glafiguenfi
402 1464 436 1494 et
469 1459 569 1493 nobis
596 1458 784 1505 nostriiqiie
814 1457 1060 1493 successoribus
1090 1458 1338 1505 episcopalibus
1372 1459 1641 1506 imperpetuum.

164 1516 244 1550 Hiis
261 1515 412 1556 testibus,
434 1515 614 1549 Herberto
634 1515 777 1555 decano,
797 1520 833 1549 et
851 1514 993 1549 Simone
1011 1514 1256 1548 archidiacono
1276 1513 1492 1561 Glafiguenfi,
1525 1516 1651 1562 Heba,

164 1572 270 1613 Beda,
304 1571 481 1612 Wilelmo,
517 1571 692 1606 canonicis
723 1570 1004 1618 GlasguenfibuS,
1043 1570 1149 1605 Petro
1181 1571 1314 1605 decano
1347 1571 1388 1605 de
1421 1571 1638 1612 Cludesdale,

163 1628 318 1663 VValtero
337 1633 372 1662 et
389 1627 411 1663 J
415 1627 552 1662 ohanne
567 1627 699 1662 clericis
712 1627 846 1667 nostris,
864 1627 1018 1661 Ricardo
1032 1627 1158 1661 elerico
1174 1627 1217 1661 de
1231 1626 1461 1668 Dundonald,
1480 1627 1641 1675 Philippo

163 1684 299 1725 clerico,
332 1683 498 1718 Wilelmo
528 1683 676 1731 persona
707 1684 749 1718 de
778 1682 1013 1730 Drumfirgar,
1043 1683 1066 1719 J
1070 1684 1208 1718 ohanne
1238 1682 1385 1730 persona
1413 1684 1455 1718 de
1478 1684 1637 1731 Kylbrid,

163 1739 327 1775 Wilelmo
346 1739 518 1786 Francig’,
539 1739 724 1780 Cutberto,
745 1739 934 1785 Gregorio,
956 1739 1162 1780 Laurentio,
1182 1739 1381 1780 Nicholaio,
1396 1745 1430 1774 et
1450 1739 1567 1780 Petro,
1588 1754 1640 1775 ca-

162 1796 318 1844 pellanis,
347 1796 534 1831 Nicholaio
553 1795 691 1837 clerico,
720 1802 755 1831 et
774 1796 938 1830 Gilberto
956 1795 1029 1829 filio
1050 1795 1213 1842 Eadgari,
1244 1795 1451 1830 Alexandro
1470 1796 1512 1830 dc
1533 1796 1640 1831 Hird-

163 1852 351 1893 maneston,
372 1858 406 1887 et
427 1852 633 1886 Alexandro
651 1852 724 1887 filio
738 1851 810 1893 1110,
832 1852 950 1886 Alano
966 1851 1008 1886 de
1024 1851 1256 1899 Mungumry,
1278 1851 1396 1887 David
1411 1852 1453 1887 de
1469 1852 1638 1893 Stobhou‚

164 1914 198 1943 et
215 1908 372 1956 pluribus
391 1908 475 1943 aliis.

165 2077 272 2112 Carta
288 2082 461 2111 terrarum
480 2077 516 2110 in
533 2076 566 2111 le
586 2076 756 2111 Mernes’.

165 2187 403 2224 OMNIBUS
423 2187 525 2222 Cristi
542 2188 702 2222 fidelibus
712 2187 851 2235 presens
863 2187 1027 2235 scriptum
1041 2186 1162 2221 visuris
1177 2186 1232 2221 vel
1251 2186 1420 2221 audituris
1441 2187 1638 2224 Herbertus

165 2244 207 2278 de
228 2243 398 2278 Maxwell
416 2243 514 2277 miles
532 2243 674 2278 salutem
706 2244 742 2277 in
774 2244 930 2277 Domino
959 2242 1214 2289 sempiternam.
1267 2242 1417 2278 Noverit
1435 2244 1637 2280 univcrfitas

165 2299 275 2334 vestra
291 2312 347 2334 me
366 2296 504 2340 dediffe,
533 2297 726 2334 conceffiffe
745 2305 780 2334 et
797 2299 861 2333 hac
886 2297 1036 2346 presenti
1063 2303 1158 2332 carta
1174 2310 1251 2332 mea
1269 2298 1484 2335 confirmasse
1504 2300 1583 2335 Deo
1603 2308 1637 2335 et
