1839 2652
154 290 201 321 44·
553 273 866 313 REGISTRUM
896 271 1232 307 MONASTERII

159 381 316 419 militem,
332 377 474 412 nomine
494 380 528 409 et
546 388 589 409 ex
607 378 705 420 parte
723 368 879 414 Magistri
899 372 933 401 et
951 366 1155 400 monialium
1175 367 1300 401 domus
1319 367 1361 400 de
1380 366 1637 414 Simpringham

162 450 204 472 ex
220 441 319 483 parte
337 446 419 473 una,
439 438 473 466 et
492 429 669 476 religiosos
686 428 780 461 viros
801 424 976 459 Abbatem
995 428 1030 456 et
1054 427 1266 456 conventum
1285 422 1481 456 monasterii
1499 423 1541 457 de
1561 422 1638 457 Pas-

162 492 246 526 selet
265 489 396 524 ordinis
415 483 650 521 Cluniacenfis
669 496 712 517 ex
730 482 850 519 altera,
870 478 971 525 super
982 478 1151 525 petitione
1169 491 1285 512 annue
1303 477 1475 524 penfionis
1494 479 1639 524 quadra-

162 548 259 594 ginta
277 556 472 579 marearum
491 541 735 586 sterlingorum
754 536 890 584 prefato
918 536 1061 570 domino
1077 535 1240 569 Wilelmo
1262 535 1378 576 More,
1407 536 1548 570 nomine
1566 549 1635 582 quo

163 602 276 649 supra,
298 600 423 639 debite,
443 604 483 632 ut
501 596 651 636 afferuit,
671 607 733 642 per
751 592 904 640 prefatos
919 591 1092 625 Abbatem
1107 597 1142 625 et
1160 597 1374 625 conventum
1390 591 1432 625 de
1445 590 1614 626 Paffeleto
1629 606 1638 633 ;

166 657 239 706 post
257 655 445 691 nonnullas
471 654 559 693 lites,
589 648 838 686 controversias
865 653 899 681 et
917 648 1171 688 altercationes,
1204 653 1273 681 tam
1302 647 1338 680 in
1359 647 1522 681 Romana
1547 648 1643 682 curia

164 726 266 760 quam
286 713 322 746 in
339 711 505 758 partibus,
526 709 606 742 hine
624 708 706 741 inde
724 706 869 752 agitatas
889 710 922 738 et
949 703 1091 743 habitas,
1121 702 1400 750 compromissum
1427 702 1540 738 fuifl'et
1558 704 1643 738 fina-

166 770 246 803 liter
265 769 301 802 in
318 780 382 801 nos
400 772 563 812 tanquam
585 765 620 797 in
639 760 885 808 compositores
903 759 1098 794 amicabiles
1112 772 1173 806 per
1191 764 1306 806 partes
1324 760 1498 806 predistas
1514 774 1524 802 ;
1553 760 1640 800 Nos,

167 824 309 859 attentis
328 828 362 857 et
380 820 600 857 consideratis
619 818 793 853 laboribus
812 821 846 850 et
865 814 1019 862 expenfis
1037 828 1076 849 ao
1094 815 1252 861 dampnis
1269 828 1352 861 quas
1383 821 1417 849 et
1443 828 1510 861 que
1529 816 1645 850 haete-

168 893 234 915 nus
251 885 398 925 utraque
416 877 655 925 predictarum
674 874 824 921 partium
843 872 923 906 fecit
942 876 976 905 et
994 870 1160 910 sustinuit,
1193 870 1368 905 occafione
1392 871 1461 904 litis
1478 870 1545 905 five
1564 883 1644 905 con-

169 935 333 970 troverfie
351 934 520 981 p1·edi6'ce‚
549 938 583 966 et
601 944 685 977 quas
704 935 737 964 et
756 941 822 975 que
841 926 989 974 ipsarum
1010 927 1199 972 quamlibet
1214 927 1412 973 opportebit
1430 926 1592 961 sustinere
1611 934 1646 961 et

170 993 283 1026 faeere
301 990 324 1024 fi
341 991 382 1024 lis
400 989 500 1036 super
519 989 585 1022 hoc
603 987 807 1021 continuata
825 984 930 1018 fuerit
947 983 1095 1017 ulterius
1114 983 1206 1016 inter
1224 988 1349 1028 partes,
1382 995 1470 1016 onus
1488 995 1646 1029 compro-

171 1045 255 1081 miffi
273 1045 468 1093 hujusmodi
489 1045 524 1078 in
542 1057 606 1078 nos
624 1044 667 1077 ad
686 1042 882 1076 instantiam
900 1039 1091 1073 earundem
1105 1039 1255 1084 partium
1268 1036 1486 1078 assumentes,
1506 1043 1647 1085 recepta

172 1103 214 1137 ab
231 1108 378 1148 utraque
397 1107 495 1148 parte
514 1101 608 1147 prius
621 1098 794 1146 juratoria
812 1096 973 1130 cautione
991 1094 1085 1140 quod
1098 1107 1216 1128 earum
1231 1094 1384 1139 quelibet
1398 1093 1494 1128 stabit
1509 1094 1646 1128 ordina-

172 1159 271 1198 tioni,
293 1157 491 1192 diffinitioni
510 1162 544 1190 et
563 1153 845 1189 determinationi
864 1150 978 1185 nostre
997 1151 1032 1183 in
1045 1150 1107 1183 hac
1125 1155 1234 1196 parte,
1262 1149 1425 1194 quodque
1452 1148 1537 1196 ipsas
1557 1150 1647 1183 ordi-

173 1215 364 1253 nationem,
378 1212 621 1246 diffinitionem
636 1217 670 1244 et
682 1207 1010 1243 determinationem
1023 1211 1113 1239 ratas
1128 1212 1162 1239 et
1176 1205 1293 1238 firmas
1307 1205 1446 1239 habebit
1458 1211 1645 1252 perpetuo;

174 1269 260 1310 vifis,
281 1269 381 1303 leetis
399 1274 434 1303 et
453 1268 639 1313 diligenter
658 1265 861 1300 examinatis
888 1262 1024 1301 litteris,
1053 1261 1236 1296 evidentiis
1266 1267 1300 1294 et
1326 1260 1561 1295 instrumentis
1588 1274 1649 1308 per

175 1332 360 1371 utramque
377 1330 511 1371 partem
531 1336 647 1358 coram
675 1321 774 1355 nobis
793 1319 952 1353 exhibitis
971 1323 1005 1351 et
1023 1317 1214 1364 prodiretis,
1244 1328 1281 1349 ac
1306 1316 1432 1349 auditis
1459 1317 1650 1351 rationibus

176 1382 257 1415 hine
275 1381 355 1414 inde
374 1386 443 1414 tam
463 1379 588 1426 scripto
606 1390 709 1424 quam
728 1376 836 1410 verbo
863 1371 1054 1422 propofitiS,
1088 1371 1283 1416 deindeque
1311 1372 1403 1405 intra
1430 1384 1494 1405 nos
1519 1371 1651 1407 solicito

177 1443 211 1471 et
229 1436 388 1482 diligenti
405 1435 557 1469 traetatu
572 1433 638 1467 five
657 1432 908 1467 deliberatione
926 1428 1112 1475 prehibito‚
1133 1426 1252 1474 inipso
1267 1426 1497 1474 compromiffi
1510 1430 1651 1475 negotio

173 1492 276 1539 juxta
306 1492 453 1525 formam
484 1490 583 1523 nobis
614 1489 776 1522 traditam
808 1486 1049 1533 p1·ocedenteS‚
1077 1484 1326 1523 ordinavimus,
1355 1483 1590 1525 diffinivimus,
1618 1492 1652 1520 et

178 1547 482 1595 pronuntiavimus
524 1545 617 1590 quod
644 1544 696 1577 iisv
712 1543 778 1577 five
810 1540 1043 1576 controverfia
1072 1539 1232 1586 predi&a
1262 1539 1405 1573 omnino
1433 1539 1583 1585 quiescat
1613 1555 1653 1576 ac

179 1603 288 1650 sopita
318 1602 356 1636 fit
385 1602 535 1648 penitus,
564 1606 598 1634 et
629 1599 795 1639 extincta,
824 1597 884 1632 sub
913 1596 1025 1630 modis
1056 1596 1168 1629 forma
1198 1600 1233 1628 et
1264 1595 1520 1630 conditionibus
1551 1597 1653 1632 infra-

180 1658 311 1705 scriptis
328 1671 335 1692 :
365 1658 411 1692 Et
430 1658 542 1703 primo
560 1656 653 1702 quod
672 1660 764 1689 terre
777 1654 819 1687 de
839 1654 1013 1687 Sanehare
1032 1652 1122 1686 infra
1139 1652 1418 1685 vicecomitatum
1438 1652 1480 1686 de
1500 1653 1574 1688 Are
1587 1668 1653 1701 que

180 1716 324 1750 fuerunt
343 1714 427 1747 dieti
446 1713 579 1747 domini
600 1711 753 1745 Wilelmi
775 1709 890 1749 More,
919 1709 961 1742 ad
981 1720 1103 1742 manus
1121 1713 1155 1741 et
1182 1708 1340 1754 proprios
1367 1707 1447 1742 usus
1479 1709 1653 1745 ᾶίὅὶοτυῃ]

182 1769 421 1817 religiosorum
457 1768 637 1815 applicate,
676 1771 838 1812 pretextu
873 1770 908 1798 et
941 1765 1071 1798 virtute
1100 1763 1275 1810 cujulilam
1302 1763 1509 1810 obligatorii,
1546 1765 1655 1813 figillo

183 1827 359 1874 quondam
382 1824 568 1871 Reginaldi
589 1823 694 1856 More
714 1821 818 1867 patris
837 1819 986 1867 ejusdem
1008 1820 1140 1853 domiui
1159 1818 1313 1853 Wilehni
1333 1819 1439 1854 More
1456 1819 1601 1866 figillati‚
1623 1830 1656 1857 et

185 1896 302 1918 coram
320 1881 420 1915 nobis
438 1881 530 1914 inter
548 1879 614 1912 alia
632 1878 757 1911 ibidem
778 1877 931 1916 exhibiti,
960 1889 999 1909 ae
1016 1875 1233 1922 postmodum
1253 1875 1352 1909 nobis
1370 1875 1524 1911 Johanni
1539 1879 1657 1913 comiti

187 1939 230 1972 ‹le
249 1937 371 1972 Carrio
396 1935 567 1983 predffilo,
597 1934 639 1967 de
668 1931 833 1967 consensu
862 1931 992 1965 domini
1020 1932 1127 1978 patris
1154 1931 1259 1964 nostri
1292 1931 1400 1977 Regis
1431 1932 1545 1967 Scotie
1574 1939 1657 1968 tunc

187 1992 360 2028 senescalli
379 1992 505 2031 Scotie,
526 1991 654 2024 donate
673 1994 707 2022 et
725 1985 879 2022 eoncess'e
897 1999 959 2033 per
977 1992 1105 2020 cartam
1125 1987 1317 2020 eorundem
1344 1986 1583 2033 religiosorum
1610 1991 1658 2024 vi-

188 2061 321 2089 rorum,
350 2053 384 2082 et
414 2047 451 2081 in
478 2059 584 2080 manu
601 2044 716 2078 nostra
733 2056 795 2090 per
813 2043 884 2076 dies
911 2048 945 2076 et
974 2054 1084 2075 annos
1103 2041 1293 2082 existentes,
1322 2043 1514 2077 reddantur
1546 2050 1581 2078 et
1608 2058 1659 2079 re-

190 2106 374 2140 stituantur
408 2102 568 2150 predicto
599 2100 741 2134 domino
773 2098 938 2133 Wilelmo
968 2096 1073 2131 More
1090 2111 1099 2139 ;
1147 2098 1350 2138 tenendum,
1393 2098 1590 2133 habendum
1626 2107 1661 2134 et

191 2159 431 2209 possidendum
449 2157 508 2192 fibi
526 2163 561 2192 et
578 2155 762 2191 heredibus
780 2153 847 2188 suis
864 2154 951 2187 adeo
969 2153 1076 2186 libere
1094 2151 1188 2192 ficut,
1209 2158 1288 2186 ante
1303 2153 1581 2200 applicationem,
1602 2155 1662 2189 do-

189 2217 368 2252 nationem
388 2221 422 2249 ct
441 2211 693 2248 concessionem
711 2211 753 2245 de
772 2209 847 2257 ipfis
859 2209 917 2243 fibi
931 2209 1049 2248 saetas,
1070 2207 1155 2254 ipsas
1169 2213 1278 2242 terras
1293 2209 1433 2243 liberius
1445 2209 1534 2256 juste
1549 2211 1662 2245 tenuit

190 2272 249 2307 seu
267 2269 435 2318 possedit3
464 2269 626 2316 quodque
652 2280 714 2314 per
742 2279 805 2300 nos
825 2265 999 2300 Comitem
1018 2264 1226 2310 predictum,
1256 2270 1288 2298 et
1308 2265 1518 2299 auetoritate
1535 2265 1660 2306 nostra,

193 2329 229 2363 in
258 2325 496 2374 peffessionem
526 2324 584 2359 seu
615 2322 778 2370 sayfinam
809 2321 997 2356 earundem
1026 2320 1185 2355 mittatur
1215 2333 1253 2355 ac
1287 2321 1377 2355 mitti
1409 2320 1542 2362 debeat,
1580 2321 1663 2356 ficut
