1870 2683
196 298 267 329 332
593 289 909 326 REGISTRUM
938 288 1276 324 MONASTERII

198 390 366 428 instantia,
394 393 434 421 ut
460 387 575 433 copias
594 387 752 421 omnium
770 383 990 433 proceffuum
1017 397 1079 431 per
1098 384 1208 431 ipsum
1227 384 1402 418 factorum
1420 388 1542 418 contra
1561 384 1677 419 Abba-

197 453 266 480 tem
280 445 337 479 seu
350 443 539 477 monachos
552 443 637 477 dieti
655 441 865 481 monasterii,
887 441 991 475 etiam
1004 440 1259 488 jurisdictionis
1273 439 1331 474 sue
1345 439 1390 474 ad
1402 438 1491 486 ipsos
1504 438 1677 486 proceffus

196 501 372 537 faciendos
390 498 448 533 fibi
465 499 596 533 faceret
613 503 717 544 atque
736 499 835 532 daret
852 497 920 532 suis
937 496 1129 544 sumptibus
1148 502 1183 531 et
1201 495 1365 544 expenfis.
1418 495 1464 530 Et
1496 496 1576 541 quia
1592 496 1678 543 ipsas

197 557 312 603 copias
342 554 385 589 fic
412 555 538 602 petitas
555 552 613 588 fibi
633 567 707 588 non
725 552 887 589 conceflit
906 566 971 588 nee
989 554 1072 588 dare
1090 553 1212 593 voluit,
1241 553 1333 588 idem
1353 552 1516 586 dominus
1540 552 1678 587 Alanus

196 613 294 660 petiit
311 624 374 658 per
394 623 449 645 me
469 611 646 645 notarium
664 609 892 657 subscriptum
914 608 971 644 fibi
998 609 1074 644 fieri
1100 609 1277 656 publicum
1297 608 1577 648 instrumentum,
1597 606 1678 642 affe-

195 681 275 703 rens
293 668 388 714 quod
407 667 450 701 de
467 665 569 714 ipfius
587 666 843 713 procurationis
858 665 972 700 officio
985 665 1098 700 eidem
1114 665 1256 699 domino
1272 664 1430 699 Waltero
1442 664 1547 711 plena
1564 664 1678 698 extitit

196 727 288 761 facta
306 726 404 765 fides,
433 731 468 759 et
486 724 580 770 quod
598 737 661 771 per
687 724 797 771 ipsum
818 723 1013 757 Walterum
1033 721 1125 756 stetit
1142 720 1165 755 fi
1183 719 1283 768 ipfius
1301 721 1436 768 copiam
1459 732 1531 754 non
1550 720 1677 755 habue-

194 784 250 823 rit,
271 795 352 816 cuin
370 782 454 816 alias
472 781 516 815 ad
534 779 635 828 ipfius
652 780 862 828 petitionem
881 779 981 826 copia
999 776 1151 825 ejusdem
1170 776 1229 811 fibi
1254 777 1360 811 fuerit
1387 777 1527 811 decreta
1553 781 1588 811 et
1613 789 1676 824 per

195 839 372 873 notarium
391 838 493 872 faeta.
547 837 643 871 Acta
660 837 804 871 fuerunt
822 836 886 870 hec
904 836 939 869 in
958 834 1037 868 loco
1051 832 1272 868 consistoriali
1291 832 1429 867 ecclefie
1442 832 1675 879 Glalguenfis,

197 896 262 935 die,
283 893 400 929 mense
419 899 452 928 et
471 906 564 927 anno
582 892 829 940 suprasc1·iptiS‚
845 891 1059 938 presentibus
1078 889 1231 924 discretis
1249 890 1331 924 viris
1350 889 1500 924 dominis
1513 889 1676 925 Johanne

196 951 313 985 Leche
345 950 514 984 canonico
540 948 756 995 Glasguenfi,
787 947 927 981 Thoma
957 947 1000 981 de
1027 945 1194 993 Balcalky
1213 951 1247 980 et
1266 944 1431 979 lVilelmo
1451 945 1672 992 Ancornays,

193 1007 390 1042 ream-ibus
408 1005 627 1041 eccleliarum
647 1005 690 1039 de
710 1004 860 1039 Culture
879 1009 914 1038 et
933 1003 975 1037 de
997 1002 1179 1049 Kylbride,
1207 1014 1247 1036 ac
1268 1001 1386 1036 Alano
1407 1001 1526 1036 Home
1545 1002 1674 1036 vicario

195 1061 333 1098 ecclefie
353 1063 395 1097 de
416 1061 642 1107 Ruthirglen‚
676 1073 756 1095 cum
774 1060 893 1095 multis
913 1058 989 1094 aliis
1006 1057 1146 1093 testibus
1163 1057 1207 1092 ad
1224 1055 1384 1105 premiffa
1401 1058 1533 1093 vocatis
1551 1064 1585 1092 et
1602 1057 1675 1105 spe-

195 1119 327 1153 cialiter
345 1119 487 1165 rogatis,

294 1175 340 1209 Et
353 1187 418 1221 ego
432 1174 551 1208 David
564 1174 606 1207 de
620 1173 806 1220 Streuelyn
821 1172 967 1206 clericus
983 1171 1235 1206 Sanctiandree
1248 1169 1566 1218 diocefis,publicus
1580 1172 1673 1218 apos-

290 1231 397 1265 tolica
414 1235 448 1264 et
462 1229 633 1276 imperiali
648 1229 859 1263 auctoritate
873 1228 1042 1268 notarius,
1062 1227 1145 1261 dum
1161 1227 1275 1261 dictus
1288 1227 1451 1261 dominus
1466 1227 1604 1261 Alanus
1619 1240 1674 1261 co-

288 1287 361 1333 pias
380 1286 557 1320 diam-um
575 1283 795 1331 proceffuum
810 1283 958 1330 petierat
972 1288 1011 1317 ut
1025 1283 1217 1330 predicitur
1228 1296 1268 1318 ac
1279 1283 1397 1317 omnia
1410 1283 1477 1317 alia
1491 1283 1622 1318 diceret
1634 1289 1673 1318 ut

289 1343 446 1389 superius
464 1341 511 1376 est
539 1341 685 1381 dictum,
705 1352 857 1374 unacum
875 1340 1128 1387 prenominatis
1145 1338 1296 1380 testibus,
1324 1338 1464 1387 presens
1481 1339 1541 1381 fui,
1564 1353 1672 1387 eaque

290 1400 407 1433 omnia
425 1404 460 1433 et
476 1397 610 1444 singula
628 1396 672 1431 fic
689 1397 765 1431 fieri
783 1397 853 1431 vidi
873 1402 907 1431 et
925 1396 1043 1431 audivi
1061 1401 1106 1436 et,
1139 1408 1194 1430 me
1212 1395 1382 1443 legittime
1401 1402 1582 1444 occupato,
1610 1410 1672 1444 per

288 1456 396 1490 alium
413 1455 513 1490 scribi
530 1454 607 1494 feci,
627 1454 664 1488 in
682 1454 772 1488 hanc
788 1453 962 1500 publicam
981 1452 1129 1487 formam
1155 1452 1286 1498 redegi,
1318 1458 1352 1487 et
1369 1451 1464 1499 figno
1484 1465 1563 1488 meo
1591 1466 1671 1488 con-

289 1511 385 1546 sueto
402 1510 542 1558 fignavi,
562 1516 705 1557 rogatus
724 1515 759 1545 et
777 1508 968 1556 requilitus,
988 1509 1024 1542 in
1042 1507 1277 1543 testimonium
1294 1508 1550 1556 predictorum.

191 1681 466 1716 Instrumentum
486 1680 529 1715 de
547 1679 781 1727 appellatione
800 1684 922 1713 contra
942 1678 1127 1713 Matheum
1147 1677 1343 1726 episcopum
1363 1677 1625 1725 Glasguenlem.

190 1794 245 1829 IN
266 1793 481 1829 NOMINE
500 1791 705 1829 DOMINI
726 1792 855 1826 Amen.
909 1792 1019 1825 Auno
1032 1791 1144 1837 gratie
1163 1796 1206 1825 31⁰
1225 1795 1308 1825 ccc⁰
1325 1799 1442 1825 Lxxx⁰
1469 1791 1542 1826 viii⁰
1560 1792 1666 1826 indic-

188 1851 283 1885 tione
302 1850 498 1890 undecima,
525 1849 580 1883 die
612 1849 820 1883 duodecimo
840 1846 961 1882 meniis
976 1847 1199 1894 Septembris,
1219 1847 1442 1894 pontificatus
1458 1847 1664 1883 Sanctissimi

187 1908 222 1940 in
243 1905 379 1941 Christo
397 1906 504 1952 patris
518 1910 552 1940 et
568 1905 699 1939 domini
719 1904 823 1939 nostri
842 1904 974 1938 domini
994 1903 1188 1938 Clementis
1208 1904 1325 1938 divina
1338 1904 1559 1951 providentia
1576 1918 1663 1952 pape

187 1962 321 2010 septimi
339 1974 431 1995 anno
451 1961 597 2001 decimo,
628 1961 665 1994 in
690 1961 759 1995 mei
784 1960 912 1994 notarii
930 1959 1058 2007 publici
1086 1966 1120 1995 et
1146 1960 1282 1995 testium
1300 1959 1569 2007 subscriptorum
1587 1974 1664 2008 pre-

185 2019 293 2053 sentia
311 2016 459 2064 religiofi
476 2017 543 2051 viri
561 2017 693 2051 domini
721 2016 859 2050 Alanus
890 2016 932 2051 de
964 2016 1109 2052 Cowale
1140 2022 1175 2051 et
1204 2016 1387 2051 Wilelmus
1416 2017 1458 2051 de
1488 2017 1659 2059 Cheselm,

185 2079 430 2122 procuratores
446 2073 688 2120 religiosorum
706 2073 862 2107 virorum
882 2073 1105 2108 dominorum
1126 2073 1273 2107 Abbatis
1301 2079 1335 2108 et
1364 2078 1557 2108 conventus
1589 2086 1662 2108 mo-

184 2131 320 2165 nasterii
339 2131 382 2165 de
402 2129 548 2165 Paffelet
567 2130 734 2177 deputati,
765 2135 872 2176 prout
899 2142 962 2176 per
992 2142 1114 2163 eorum
1141 2129 1421 2176 procuratorium
1440 2127 1550 2176 figillo
1569 2142 1660 2164 com-

185 2190 282 2222 muni
300 2187 400 2233 ipsius
418 2187 615 2222 monasterii
645 2188 688 2222 de
720 2185 866 2222 Paffelet
895 2191 1057 2234 patenter
1085 2185 1269 2232 figillatum
1296 2185 1434 2232 plenius
1459 2185 1657 2232 apparebat,

185 2256 301 2278 coram
320 2244 462 2277 domino
479 2243 633 2278 Waltero
652 2243 695 2278 de
716 2243 833 2277 Roule
850 2243 989 2278 rectore
1006 2241 1232 2289 parrochialis
1250 2240 1387 2276 ecclefie
1403 2241 1446 2276 de
1460 2241 1658 2276 Torbolton

184 2298 410 2346 personaliter
429 2299 613 2339 constituti,
633 2312 784 2345 quorum
802 2304 1071 2346 procuratorum
1089 2298 1252 2333 dominus
1271 2297 1453 2332 lVilelmus
1472 2297 1515 2332 de
1533 2295 1657 2331 Chese-

183 2355 276 2390 helin
295 2354 467 2400 quandam
486 2355 596 2402 papiri
615 2355 772 2390 cedulam
791 2355 938 2390 formam
958 2367 1025 2401 que
1042 2354 1196 2401 sequitur
1214 2354 1453 2389 continentem
1471 2352 1573 2387 michi
1589 2358 1656 2387 tra-
