1870 2683
756 266 826 301 DE
856 266 1124 302 PASSELET.
1610 269 1682 306 307

206 364 253 397 eis
272 363 406 397 fueritis
426 362 575 409 requifiti
593 363 801 410 impendatis
819 362 1009 403 confilium,
1037 362 1203 397 auxilium
1226 368 1260 397 et
1283 363 1451 397 favorem.
1505 361 1574 396 Sed
1599 360 1682 396 ficut

205 433 248 453 ex
266 424 364 466 parte
383 419 592 453 dileetorum
613 419 764 453 filiorum
786 419 934 454 Abbatis
953 424 988 453 et
1005 424 1201 454 conventus
1221 418 1428 453 Monasterii
1448 417 1684 453 Cluniacenfis

204 476 270 509 fuit
288 474 501 522 propofitum
521 487 637 509 coram
656 475 755 509 nobis
774 488 835 510 vos
853 475 1049 509 re6'wribus
1069 475 1286 510 ecclefiarum
1301 480 1336 510 et
1350 475 1482 509 clericis
1495 474 1684 510 vestrarum

205 532 385 565 civitatum
417 537 451 566 et
478 530 662 571 diocefinn,
692 543 737 565 ne
755 531 918 565 mandata
945 531 1229 566 conservatorum
1247 531 1514 578 privilegiorum
1540 530 1683 566 suorum

207 587 486 634 apostolicorum,
507 586 633 622 eisdem
654 587 784 621 Abbati
804 593 838 621 et
856 587 1046 621 conventui
1064 599 1103 620 ac
1120 587 1275 634 personis
1295 586 1532 622 Cluniacenfis
1551 587 1684 622 ordinis

207 657 269 691 per
287 644 421 678 litteras
442 643 644 690 apostolicas
663 643 923 690 deputatorum,
943 643 1197 677 rationabiliter
1214 644 1307 678 faeta
1325 644 1384 684 eis,
1403 644 1615 678 a116‘coritate
1633 644 1687 678 lit-

207 706 361 734 terarum
380 699 589 746 hujusmodi,
621 700 657 733 in
684 699 840 734 favorem
858 699 1087 746 personarum
1106 698 1258 745 ejusdem
1291 700 1423 733 ordinis
1454 705 1683 746 exequantur,

210 755 412 796 inhibuistis,
433 769 497 803 pro
516 755 625 790 vestre
643 755 741 790 libito
760 756 962 795 voluntatis,
991 755 1027 789 in
1058 755 1253 790 eorundem
1276 755 1420 789 Abbatis
1439 761 1473 790 et
1492 763 1687 791 conventus

211 818 245 847 et
263 811 488 859 personarum
507 811 655 858 ipsarum
674 811 908 858 prejudicium
939 818 974 847 et
1001 825 1216 859 gravamen3
1245 825 1353 858 quare
1380 813 1480 847 nobis
1506 814 1687 850 humiliter

210 868 447 915 supplicarunt
464 873 503 902 ut
520 868 706 915 providere
732 867 791 902 fibi
809 868 911 915 super
936 868 1003 902 hoc
1032 873 1180 914 paterna
1208 867 1442 903 sollicitudine
1473 883 1686 906 curaremus.

213 924 308 964 Quia
324 936 409 958 vero
427 936 489 958 vos
506 936 579 958 non
598 924 698 958 decet
728 924 919 971 procedere
938 924 981 958 ad
999 923 1244 958 inhibitionem
1264 924 1464 971 hujusmodi
1482 926 1688 967 faciendam,

211 980 419 1014 fraternitati
435 980 544 1015 vestre
556 993 619 1027 per
631 980 816 1027 apostolica
832 980 958 1027 scripta
975 979 1180 1014 mandamus
1199 980 1372 1026 quatinus,
1392 980 1416 1015 fi
1428 981 1475 1015 est
1488 982 1546 1023 ita,
1566 981 1690 1029 finguli

212 1036 361 1072 vestrum
379 1037 621 1071 inhibitionem
635 1039 806 1072 revocetis
825 1037 984 1076 eandem,
1004 1041 1039 1070 et
1056 1034 1199 1070 similem
1219 1036 1262 1071 de
1281 1042 1399 1072 cetero
1416 1037 1530 1072 facere
1548 1039 1691 1074 minime

213 1094 436 1141 attemptetiS.
489 1094 657 1140 Alioquin
676 1094 806 1129 dileeto
824 1094 897 1128 filio
918 1093 1049 1127 Abbati
1081 1092 1329 1134 Pustariarum,
1360 1093 1592 1141 Lingonenfis
1621 1096 1692 1130 dio-

214 1149 304 1191 cefis,
334 1151 455 1185 damus
473 1149 596 1184 nostris
614 1151 738 1185 litteris
756 1151 792 1184 in
810 1150 981 1185 mandatis
999 1154 1038 1183 ut
1056 1162 1118 1184 vos
1136 1149 1316 1184 universos
1343 1155 1378 1184 et
1406 1149 1558 1197 singulos
1583 1152 1627 1185 ad
1645 1152 1691 1193 id,

215 1207 410 1240 monitione
440 1205 610 1253 premiffa‚
640 1207 850 1241 auetoritate
878 1205 1003 1246 nostra,
1036 1205 1270 1252 appellatione
1300 1212 1446 1247 remota,
1479 1206 1667 1254 compellat
1682 1222 1691 1249 ;

216 1276 288 1296 non
307 1263 462 1297 obstante
480 1262 504 1296 fi
521 1263 619 1297 vobis
636 1264 693 1298 vel
711 1263 815 1298 alicui
832 1263 982 1298 vestrum
1001 1275 1021 1296 a
1038 1261 1116 1297 sede.
1135 1262 1321 1309 apostolica
1336 1262 1375 1297 fit
1404 1264 1581 1299 indultum
1600 1266 1695 1311 quod

216 1319 388 1359 interdici,
416 1320 575 1366 suspendi
593 1320 649 1354 vel
668 1319 963 1354 excommunicari
982 1331 1055 1353 non
1082 1317 1212 1366 poflitis
1241 1332 1304 1366 per
1333 1320 1467 1354 litteras
1494 1320 1695 1368 apostolicas

216 1388 283 1421 que
302 1375 344 1409 de
364 1376 502 1409 indulto
520 1376 719 1423 hujusmodi
737 1376 876 1423 plenam
907 1388 981 1409 non
1010 1375 1157 1409 fecerint
1188 1376 1416 1417 mentionem,
1445 1375 1512 1411 five
1543 1377 1695 1423 qualibet

217 1432 283 1465 alia
300 1432 521 1478 indulgentia
538 1432 625 1466 sedis
643 1431 808 1479 ejusdem,
838 1432 880 1467 de
907 1444 976 1478 qua
993 1430 1158 1478 cujusque
1175 1436 1299 1466 tenore
1318 1438 1503 1479 opporteat
1520 1433 1555 1467 in
1574 1432 1696 1467 nostris

217 1488 340 1521 litteris
358 1487 496 1534 plenam
516 1493 550 1522 et
569 1486 759 1535 expreffam
777 1488 993 1523 mentionem
1012 1487 1098 1527 fieri,
1128 1493 1163 1522 et
1188 1500 1251 1534 per
1268 1501 1372 1534 quam
1398 1489 1542 1524 effe6hls
1560 1488 1697 1536 presen-

218 1544 305 1577 tium
325 1544 486 1590 impediri
499 1544 612 1578 valeat
623 1544 679 1579 vel
699 1544 839 1578 differri.
892 1543 1027 1578 Datum
1046 1543 1197 1578 Viterbii
1216 1544 1248 1591 vj
1272 1544 1357 1579 Idus
1377 1545 1499 1580 Martii
1517 1546 1697 1593 pontifica-

217 1605 274 1633 tus
291 1599 397 1633 nostri
416 1612 508 1633 anno
526 1601 652 1647 primo.
706 1600 749 1634 In
768 1600 866 1647 cujus
885 1599 1022 1634 visionis
1040 1599 1287 1641 testimonium,
1315 1601 1409 1636 fafita
1425 1602 1522 1649 prius
1540 1602 1697 1648 diligenti

220 1655 407 1690 collatione
434 1656 476 1690 de
507 1656 658 1703 presenti
679 1657 909 1703 transumpto,
937 1655 1144 1703 transcripto
1174 1656 1233 1691 seu
1260 1658 1411 1692 vidimus
1438 1659 1483 1692 ad
1512 1659 1699 1705 originales

220 1712 352 1746 litteras
370 1712 525 1758 superius
543 1712 687 1747 insertas
704 1725 767 1760 per
786 1713 900 1747 diebos
918 1713 1013 1747 curie
1039 1712 1153 1747 nostre
1178 1713 1327 1760 jurat05‚
1356 1714 1480 1760 quibus
1507 1713 1609 1762 super
1634 1715 1698 1749 hiis

221 1773 257 1801 et
273 1767 348 1801 aliis
366 1767 555 1814 majoribus
574 1769 748 1803 credimus
766 1774 800 1803 et
818 1769 923 1803 fidem
942 1769 1146 1804 adhibemus
1172 1770 1363 1811 indubiam,
1391 1770 1499 1818 sigilla
1524 1771 1697 1806 (iustarum

222 1824 396 1857 curiarum
416 1823 611 1858 nostrarum
629 1825 754 1859 litteris
771 1825 988 1872 presentibus
1014 1826 1178 1861 duximus
1203 1827 1423 1874 apponenda.
1476 1827 1610 1861 Datum
1629 1841 1699 1874 quo

222 1879 266 1912 ad
285 1877 449 1913 visionem
468 1879 675 1926 hujusmodi,
705 1881 876 1922 Cluniaci‚
907 1882 962 1916 die
989 1880 1147 1916 vicefima
1165 1883 1291 1917 o&ava
1314 1882 1438 1918 meniis
1457 1883 1587 1930 Aprilis
1605 1896 1698 1918 anno

225 1936 357 1968 domini
377 1934 557 1970 millefimo
576 1937 914 1983 quadringentesimo
933 1937 1168 1985 oetuagefimo
1188 1945 1325 1985 quarto.

322 1991 475 2025 Collatio
493 1992 586 2026 fa&a
604 1992 650 2027 est
667 1993 709 2027 de
728 1993 878 2040 presenti
895 1993 1124 2041 transumpto,
1156 1995 1363 2042 transcripto
1395 1996 1453 2030 seu
1470 1996 1629 2030 videmus
1655 1997 1699 2030 ad

320 2047 476 2093 superius
495 2048 637 2083 insertas
655 2049 843 2095 originales
860 2050 993 2085 litteras
1010 2050 1214 2097 apostolicas
1239 2064 1302 2097 per
1332 2063 1396 2085 nos
1413 2052 1568 2085 notarios
1586 2057 1621 2086 et
1643 2052 1698 2099 ju-

322 2110 416 2137 ratos
433 2104 621 2150 predifikos,
650 2104 750 2151 fignis
768 2106 890 2141 nostris
908 2106 1126 2142 manualibus
1144 2107 1196 2141 his
1214 2105 1373 2153 appositis
1389 2107 1540 2142 testibus.

1135 2163 1181 2197 A.
1204 2161 1347 2197 Roffeti.
1396 2163 1430 2199 J.
1451 2163 1509 2198 De
1523 2164 1649 2200 Vinea.
