1870 2683
769 278 841 312 DE
869 276 1139 313 PASSELET.
1625 289 1697 321 355

210 373 400 420 paternitas
418 373 530 408 vestra
546 372 839 415 reverendfflima,
858 375 896 408 in
914 387 1079 420 magnum
1100 374 1330 423 dispendium,
1357 391 1547 424 gravamen
1566 386 1600 416 et
1618 395 1695 429 pre-

206 430 380 476 judicium
398 430 564 471 nostrum,
593 430 700 465 nostri
719 436 913 465 conventus
945 437 979 465 et
1007 431 1112 466 nostri
1139 433 1347 475 monasterii,
1375 435 1512 471 fruetus
1541 437 1695 473 ecclefia-

211 499 290 520 rum
310 491 345 520 et
362 486 479 520 firmas
496 492 672 521 terrarum
697 487 797 521 nobis
816 492 850 521 et
869 487 1077 522 monasterio
1103 488 1220 524 nostro
1238 489 1469 537 spthantium
1489 505 1551 539 per
1569 493 1695 529 vestras

211 542 345 577 litteras
363 547 521 589 patentes
538 542 761 589 sequestravit
791 548 826 577 et
853 542 914 577 sub
944 548 1021 577 arto
1049 543 1220 590 sequestro
1239 546 1362 593 posuit,
1394 554 1500 594 prout
1519 550 1633 584 adhue
1652 551 1694 585 de

211 597 363 645 presenti
382 598 527 639 detinet,
558 611 632 633 non
651 599 805 633 obstante
823 599 918 644 quod
936 612 999 633 nos
1026 612 1089 646 per
1114 608 1361 647 procuratores
1380 603 1514 638 nostros
1531 606 1695 641 videlicet

213 654 414 701 magistrum
432 654 604 689 Jacobum
633 655 758 689 Schaw
775 655 951 689 refitorem
981 655 1023 689 de
1054 655 1244 692 Kirkcriste
1272 659 1308 693 in
1338 660 1481 706 villagio
1501 661 1543 696 de
1563 662 1695 697 Drum-

211 711 314 753 freiff,
336 717 371 746 et
389 712 571 746 dominum
591 712 709 746 David
725 712 867 747 Guthre
886 712 1098 746 confratrem
1114 713 1266 760 ejusdem
1284 716 1493 758 monasterii,
1514 719 1549 752 in
1567 719 1695 765 palatio

211 768 324 803 vestro
355 768 398 802 de
427 767 583 814 Glasgw,
603 767 713 803 vestre
731 767 1013 803 reverendiffime
1042 770 1245 815 paternitati
1263 772 1454 808 reformare
1473 774 1695 822 quoscunque

214 825 371 859 defe6lms
389 823 584 858 nostrarum
603 823 821 858 ecclesiarum
841 824 932 859 infra
948 831 1086 873 tempus
1116 841 1186 874 quo
1217 832 1436 866 commodius
1453 833 1528 867 fieri
1556 835 1695 881 poterit,

213 880 403 916 secundum
423 881 519 926 quod
551 880 593 915 de
619 880 700 927 jure
720 886 754 915 et
773 880 1024 917 consuetudine
1042 883 1078 917 in
1097 883 1329 920 consimilibus
1359 887 1552 923 defecffibus
1570 890 1605 923 in
1624 890 1698 924 aliis

214 936 362 972 ecclefiis
379 937 456 971 fieri
474 935 665 977 consuevit,
697 949 737 970 ac
766 937 966 971 cautionem
993 939 1037 973 ad
1063 938 1261 986 hujusmodi
1280 942 1438 977 defeetus
1457 944 1698 979 reformandos

213 1007 276 1043 per
287 994 424 1029 eosdem
440 994 574 1028 nostros
588 999 835 1041 procuratores
850 995 1041 1042 optulimus
1055 1009 1063 1030 ι
1083 996 1333 1033 nichilominus
1348 1004 1467 1034 tamen
1478 1001 1589 1035 vestra
1602 1014 1699 1037 reve-

213 1048 411 1086 rendiffima
427 1050 618 1097 paternitas
631 1050 882 1085 relaxationem
896 1051 1004 1087 vestre
1016 1053 1176 1100 pretense
1190 1053 1466 1100 sequestrationis
1482 1057 1596 1091 minus
1608 1058 1698 1105 juste

214 1106 381 1156 premiffis
399 1107 584 1141 autenticis
601 1107 715 1142 facere
734 1108 905 1142 recusavit
922 1121 930 1142 2
957 1108 1052 1142 Tum
1071 1108 1233 1151 secundo,
1251 1123 1329 1145 cum
1348 1111 1530 1147 fruetuum
1549 1114 1700 1149 ecclefia-

213 1177 293 1198 rum
310 1162 532 1209 sequestratio
550 1163 626 1197 fieri
645 1163 770 1198 debeat
797 1164 841 1198 ob
868 1164 1070 1199 defesstuum
1096 1165 1295 1212 hujusmodi
1327 1168 1545 1205 ecclesiarum
1565 1183 1700 1218 repara-

215 1221 346 1254 tionem
366 1225 401 1253 et
418 1219 454 1253 in
472 1219 614 1254 illorum
634 1219 836 1254 defeetuum
856 1220 1098 1266 quantitatem,
1133 1227 1168 1256 et
1186 1235 1229 1257 ex
1248 1223 1296 1257 eis
1314 1224 1380 1258 alie
1396 1224 1533 1260 ecclefie
1546 1226 1616 1261 ledi
1629 1240 1701 1261 non

215 1276 356 1316 debent,
376 1288 442 1310 nec
458 1275 595 1310 fruetus
612 1275 759 1310 aliarum
778 1275 996 1310 ecclefiarum
1012 1276 1164 1312 subtrahi
1178 1278 1307 1314 debent
1320 1280 1379 1314 ubi
1392 1294 1456 1328 pro
1471 1283 1701 1317 reformandis

217 1332 410 1367 defeetibus
429 1331 649 1367 ecclefiarum
667 1332 970 1367 reformandarum
1002 1335 1139 1370 suffitus
1158 1334 1333 1372 sufficiunt
1349 1353 1358 1380 ;
1387 1339 1634 1375 nichilominus
1652 1347 1701 1375 ta-

217 1401 298 1424 men
316 1388 427 1423 vestra
443 1387 726 1423 reverendiffima
743 1390 934 1436 paternitas
964 1403 1036 1424 non
1063 1390 1174 1426 solum
1193 1392 1329 1428 fru6tus
1356 1395 1574 1431 ecclefiarum
1592 1398 1701 1431 refor-

216 1445 371 1479 matione
390 1445 581 1491 egentium,
600 1443 659 1479 sed
677 1445 780 1479 etiam
796 1445 941 1479 aliarum
959 1445 1176 1481 ecclesiarum
1197 1461 1336 1484 necnon
1348 1451 1527 1486 firmarum
1540 1458 1575 1487 et
1592 1466 1702 1487 annu-

218 1515 320 1536 orum
338 1502 541 1536 reddituum
558 1507 732 1536 terrarum
751 1502 851 1536 nobis
869 1501 1100 1549 spefitantium
1112 1503 1344 1550 sequestravit,
1365 1508 1459 1542 unde
1478 1509 1701 1554 quotidianus

219 1558 332 1593 victus
350 1558 461 1598 nobis,
480 1557 598 1592 nostro
617 1559 808 1592 conventui
827 1563 861 1592 et
879 1558 995 1593 nostro
1014 1560 1221 1594 monasterio
1241 1562 1355 1596 minus
1367 1562 1458 1609 juste
1476 1563 1699 1605 subtrahitur,

218 1627 258 1648 ac
276 1619 446 1660 quantum
464 1614 501 1648 in
519 1613 618 1648 vobis
648 1613 695 1648 est
725 1614 879 1648 officium
898 1614 1056 1649 divinum
1087 1616 1286 1663 impeditur,
1320 1631 1398 1652 cum
1426 1618 1617 1666 spiritualia
1633 1619 1702 1655 fine

221 1670 471 1717 temporalibus
488 1669 663 1705 subfistere
681 1676 880 1716 nequeant:
903 1670 997 1705 Tum
1015 1672 1120 1706 tertio
1135 1673 1216 1718 quia
1234 1673 1269 1706 in
1287 1674 1518 1721 prejudicium
1534 1676 1700 1716 nostrum,

220 1726 326 1761 nostri
339 1731 545 1767 conventus,
559 1726 666 1760 nostri
678 1726 874 1760 monasterii
888 1732 922 1761 et
937 1728 1168 1775 exemptionis
1180 1728 1346 1775 ejusdem,
1358 1743 1496 1765 necnon
1511 1731 1597 1765 sedis
1609 1732 1703 1778 apos-

220 1783 336 1822 tolice,
356 1782 467 1816 vestra
484 1781 767 1817 reverendiflima
781 1784 970 1829 paternitas
983 1790 1087 1829 negat
1101 1784 1202 1817 nobis
1216 1784 1348 1819 litteras
1360 1786 1491 1832 justitie
1507 1792 1630 1821 contra
1648 1788 1703 1821 de-

220 1840 373 1873 tinentes
385 1837 517 1873 nostras
529 1839 690 1879 decimas,
708 1839 845 1873 fruetus
860 1845 895 1874 et
908 1840 975 1874 alia
988 1840 1088 1874 nobis
1101 1845 1135 1874 et
1148 1840 1265 1874 nostro
1280 1841 1486 1876 monasterio
1500 1842 1700 1889 speetantizu

222 1908 262 1930 ea
277 1893 453 1929 occasione
471 1895 567 1940 quod
585 1894 684 1928 vobis
708 1900 872 1941 tanquam
892 1896 1069 1930 ordinario
1088 1896 1200 1930 bullas
1217 1897 1417 1943 apostolicas
1435 1898 1548 1932 nostre
1566 1911 1704 1945 promo-

221 1952 326 1986 tionis
338 1963 411 1985 non
423 1950 645 1991 ostendimus,
662 1964 727 1985 nec
738 1964 802 1985 nos
817 1952 922 1997 usque
936 1953 979 1986 ad
991 1951 1217 1986 ostensionem
1231 1953 1404 1987 dietarum
1418 1953 1590 1988 bullarum
1604 1955 1703 1988 abba-

222 2014 292 2042 tem
301 2006 591 2041 dietimonasterii
602 2007 787 2041 admittere
795 2007 936 2052 [voluit,
946 2013 980 2042 et
993 2008 1218 2050 etiam]nunc
1230 2009 1357 2048 renuit,
1367 2007 1702 2055 seunobistanquam

221 2063 335 2097 abbati
353 2062 455 2109 super
473 2063 626 2103 decimis,
653 2063 825 2097 fluetibus
844 2068 878 2097 et
896 2063 970 2098 aliis
988 2064 1180 2098 redditibus
1198 2064 1323 2111 prefati
1350 2065 1544 2099 monasterii
1563 2066 1702 2113 respon-

221 2119 304 2153 dere
323 2119 426 2153 etiam
446 2119 489 2153 de
507 2119 658 2165 presenti
676 2118 821 2159 recuiat,
849 2120 944 2165 quod
963 2120 1005 2154 de
1026 2120 1108 2166 jure
1126 2119 1237 2154 vestra
1254 2119 1535 2154 reverendiffima
1551 2123 1702 2168 paterni-

221 2181 272 2209 tas
288 2174 402 2209 facere
420 2186 493 2208 non
512 2172 689 2214 debuisset,
710 2187 789 2208 cum
808 2187 881 2214 nos,
902 2175 1016 2209 noster
1030 2179 1225 2209 conventus
1240 2180 1275 2209 et
1289 2175 1442 2210 nostrum
1456 2177 1700 2212 monasterium

221 2231 375 2277 exempti
393 2229 520 2270 sumus,
553 2242 619 2263 nec
636 2229 748 2263 bullas
766 2229 969 2276 provilionis
987 2230 1100 2265 nostre
1131 2231 1205 2264 aliis
1231 2244 1334 2276 quam
1361 2231 1477 2266 nostro
1496 2233 1648 2280 capitulo
1667 2235 1701 2267 in

220 2285 455 2333 spiritualibus
473 2285 653 2320 ostendere
672 2285 865 2326 debuimus,
885 2287 966 2332 quia
983 2287 1118 2321 easdem
1132 2286 1241 2322 vestre
1256 2286 1535 2323 reverendiflime
1552 2291 1702 2336 paterni-

221 2342 285 2376 tati
304 2342 347 2376 de
365 2339 564 2376 necestitate
583 2341 708 2376 offerre
726 2341 782 2377 vel
800 2342 999 2388 presentare
1019 2341 1100 2378 effet
1119 2344 1222 2379 tacite
1240 2344 1339 2379 nobis
1367 2349 1401 2379 et
1431 2344 1545 2380 nostre
1564 2359 1701 2393 exemp-
