1870 2683
761 260 831 295 DE
865 259 1134 295 PASSELET.
1627 263 1694 295 301

218 357 273 392 die
303 355 462 392 vicefima
483 357 597 404 prima
619 355 740 392 menfis
768 357 927 392 Januarii
949 369 1042 392 anno
1072 356 1221 391 Domini
1248 355 1427 391 millesimo
1457 361 1697 402 quatercente-

215 412 298 448 fimo
316 412 551 460 octuagesimo
570 413 733 448 secundo.

313 470 466 504 Collatio
479 470 571 504 fac‘ca
583 469 629 504 est
641 470 683 504 de
695 469 844 516 presenti
857 469 1085 516 transumpto,
1094 468 1300 516 transcripto
1313 468 1370 503 seu
1385 469 1535 504 vidimus
1549 470 1591 504 ad
1598 470 1694 517 supe-

311 527 383 560 rius
401 525 544 560 insertas
563 526 750 572 originales
768 526 900 560 litteras
913 538 976 572 per
988 537 1052 558 nos
1065 526 1221 559 notarios
1237 531 1271 560 et
1279 525 1417 572 juratos
1430 527 1618 573 predictos,
1634 527 1694 574 fig-

310 582 364 616 nis
382 581 505 616 nostris
522 581 741 616 manualibus
759 580 865 616 solitis
882 581 959 616 fieri
976 580 1208 626 sequentibus.
1244 581 1288 615 A.
1299 580 1442 616 Roffeti.
1458 582 1491 617 J.
1502 582 1558 617 De
1567 583 1692 618 Vinea.

214 708 316 744 Bulle
333 709 597 756 privilegiorum
618 709 822 749 Clementis,
846 708 1000 742 Honorii
1019 713 1053 743 et
1071 708 1258 749 Nicholaii‚
1279 709 1380 756 super
1399 710 1536 746 diverfis
1554 713 1692 759 privile—

210 766 274 811 giis
291 766 339 800 &c
357 765 472 800 ordini
491 764 710 799 Cluniacenfi
729 770 763 799 et
782 765 955 799 membris.

210 861 310 897 NOS
327 861 446 897 Judex
464 861 576 908 major
595 861 831 896 Cluniacenfis
848 867 973 896 notum
991 862 1135 896 facimus
1162 863 1328 897 univerfis
1358 864 1533 911 presentes
1559 866 1691 901 litteras

209 917 426 965 inspecturis,
446 917 541 963 quod
558 929 622 951 nos
640 918 801 958 vidimus,
821 918 1009 958 tenuimus,
1029 918 1177 964 legimus
1196 925 1231 953 et
1248 920 1475 967 palpavimus,
1504 935 1544 956 ac
1562 936 1623 969 per
1642 924 1691 957 di-

209 973 319 1008 lectos
347 978 382 1007 et
407 973 529 1007 fideles
546 972 680 1007 nostros
697 973 859 1007 dominos
878 973 1103 1008 Anthonium
1124 973 1258 1009 Roiseti
1287 982 1322 1010 et
1348 976 1548 1012 Johannem
1567 979 1610 1013 de
1630 979 1691 1013 Vi-

207 1042 283 1070 nea,
304 1030 348 1064 de
367 1029 539 1064 Cluniaco
552 1029 770 1076 presbiteros,
791 1030 946 1064 notarios
959 1029 1117 1076 publicos
1131 1036 1166 1065 et
1180 1032 1275 1066 curie
1289 1032 1403 1067 nostre
1416 1033 1555 1080 juratos
1566 1035 1688 1075 videri,

206 1086 330 1126 teneri,
362 1085 432 1132 legi
461 1091 496 1120 et
523 1085 656 1132 palpari
674 1086 830 1126 fecimus,
851 1085 1013 1132 quasdam
1032 1087 1219 1133 originales
1236 1088 1369 1124 litteras
1395 1090 1504 1125 felicis
1530 1093 1690 1126 recorda-

205 1143 310 1176 tionis
329 1142 553 1177 dominorum
573 1142 767 1177 Clementis
785 1141 882 1183 sexti,
914 1142 1068 1177 Honorii
1086 1144 1200 1189 quarti
1219 1150 1253 1180 et
1271 1144 1448 1181 Nicholaii
1467 1148 1562 1182 tertii
1580 1161 1689 1194 quon-

206 1199 283 1232 dam
302 1198 547 1233 Romanorum
566 1199 772 1246 pontificum
792 1212 870 1233 cum
886 1199 952 1232 filis
970 1198 1105 1233 sericeis
1124 1201 1238 1235 crocei
1252 1206 1287 1236 et
1298 1202 1398 1237 rubei
1412 1203 1571 1238 colorum
1591 1218 1688 1239 more

206 1254 368 1289 Romane
387 1256 482 1289 curie
500 1255 696 1302 plumbatas
714 1254 772 1289 seu
791 1254 963 1302 figillatas‚
982 1256 1079 1291 sanas
1097 1264 1132 1292 et
1150 1258 1313 1304 integrm,
1344 1272 1417 1294 11011
1435 1261 1582 1302 vitiatas,
1615 1275 1688 1296 non

204 1311 422 1352 cancellatas,
454 1324 520 1346 nec
551 1312 586 1345 in
615 1311 730 1357 aliqua
759 1310 809 1346 sui
835 1317 934 1358 parte
964 1311 1147 1359 suspectas,
1179 1313 1238 1348 sed
1266 1316 1361 1349 omni
1392 1317 1531 1363 prorsus
1549 1319 1634 1353 vitio
1653 1326 1687 1353 et

202 1366 393 1414 inspicione
411 1373 579 1407 carentes,
600 1380 748 1413 quarum
766 1373 907 1402 tenores
925 1368 1089 1403 secuntur
1107 1375 1142 1404 et
1159 1369 1238 1405 sunt
1255 1371 1352 1406 tales.

451 1489 559 1530 [Hanc
574 1490 687 1520 bullam
704 1490 867 1520 Clementis
884 1490 929 1519 VI
948 1490 1016 1519 vide
1032 1490 1118 1530 supra
1133 1502 1161 1531 p.
1178 1493 1242 1523 282
1257 1497 1286 1523 et
1301 1504 1328 1532 p.
1347 1494 1434 1535 285]

203 1588 479 1632 HONORlUS
507 1598 685 1645 episcopus
712 1597 829 1632 servus
848 1597 1027 1632 servorum
1048 1597 1118 1632 Dei
1138 1598 1274 1633 dilectis
1302 1600 1380 1634 filiis
1400 1601 1531 1636 Abbati
1550 1609 1584 1637 et
1602 1616 1684 1638 con-

200 1654 321 1687 ventui
341 1653 560 1688 Cluniacenfi
578 1653 723 1688 salutem
736 1659 771 1688 et
782 1653 1000 1701 apostolicam
1015 1653 1310 1690 benedictionem.
1364 1656 1559 1703 Religionis
1575 1660 1683 1695 vestre

199 1710 234 1742 111
253 1722 321 1755 qua
348 1710 390 1744 de
423 1711 478 1744 die
505 1711 540 1744 in
569 1711 661 1745 diem
679 1710 899 1744 laudabiliter
918 1710 1077 1745 Domino
1105 1718 1316 1758 cooperante
1335 1714 1502 1760 proficitis
1528 1722 1684 1750 meretur

200 1765 356 1799 honestas
375 1771 414 1800 ut
431 1765 549 1800 vestris
568 1766 794 1813 petitionibus
824 1780 844 1800 a
874 1766 952 1801 sede
970 1767 1156 1814 apostolica
1172 1768 1410 1804 favorabiliter
1428 1777 1614 1812 annuatur,
1648 1779 1684 1806 et

198 1820 264 1854 illis
282 1822 446 1868 precipue
464 1835 531 1867 que
561 1821 605 1856 fic
634 1821 772 1869 pulsant
801 1835 881 1857 cum
908 1824 1148 1858 moderamine
1166 1825 1321 1860 animum
1340 1827 1569 1873 preminentis
1586 1830 1681 1874 quod

198 1877 291 1910 intra
309 1877 542 1912 exauditionis
554 1878 699 1925 januam
719 1883 874 1912 meretur
892 1879 1040 1915 admitti.
1093 1881 1217 1915 Vestra
1233 1881 1313 1916 sane
1331 1883 1454 1929 petitio
1469 1884 1568 1918 nobis
1587 1886 1680 1919 exhi-

199 1933 269 1967 bita
287 1933 488 1968 continebat
505 1934 600 1980 quod
618 1947 696 1968 cum
716 1934 961 1969 monasterium
980 1936 1142 1977 vestrum,
1168 1938 1261 1983 quod
1280 1938 1433 1985 ejuidcm
1452 1939 1538 1974 ledis
1556 1940 1679 1988 specia-

198 1989 277 2022 liter
302 1989 392 2035 juris
410 1989 531 2030 existit,
563 2003 584 2024 a
609 1991 723 2037 primo
741 1989 800 2024 sue
818 1990 1031 2026 fundationis
1057 1993 1203 2027 exordio
1221 1993 1327 2040 usque
1345 1995 1389 2028 ad
1407 1996 1577 2030 moderna
1594 2003 1679 2031 tem-

197 2057 283 2091 pora
301 2045 419 2079 multis
438 2050 472 2079 et
491 2044 629 2080 diversis
650 2046 895 2080 Romanorum
913 2049 1119 2094 pontificum
1137 2050 1328 2095 privilegiis
1346 2057 1381 2084 et
1398 2052 1625 2098 indulgentiis
1640 2053 1678 2088 fit

198 2101 384 2141 munitum,
413 2108 448 2136 et
467 2102 624 2136 dotatum
644 2102 860 2136 libertatibus
878 2102 920 2136 ab
939 2102 1077 2144 eisdem,
1097 2105 1261 2139 nonnulli
1279 2106 1523 2154 archiepiscopi
1542 2114 1576 2142 et
1595 2109 1677 2156 epis-

198 2157 275 2204 copi
302 2162 336 2191 et
363 2157 525 2192 officiales
543 2171 665 2192 eorum
684 2158 811 2204 aliique
831 2158 1048 2194 ecclefiarum
1066 2160 1201 2207 prelati,
1234 2173 1305 2195 non
1332 2163 1554 2198 attendentes
1581 2167 1676 2211 quod

197 2213 294 2247 vobis
312 2213 550 2260 principaliter
568 2214 727 2261 injuriari
744 2214 939 2261 probantur
957 2216 1015 2261 qui
1033 2216 1215 2262 privilegia
1231 2216 1318 2251 sedis
1330 2218 1513 2265 apostoliCe
1525 2221 1580 2255 vel
1592 2222 1676 2256 irre-

198 2275 360 2304 verenter
378 2270 585 2316 impugnant
605 2270 659 2304 vel
676 2269 938 2317 superficialiter
957 2284 1078 2306 eorum
1093 2272 1200 2307 verba
1217 2278 1376 2308 tenentes
1388 2281 1509 2310 contra
1523 2276 1673 2324 ipsorum

197 2326 347 2371 gestiunt
365 2327 597 2368 intellectum,
615 2333 649 2362 et
663 2327 900 2375 privilegiatos
914 2327 1176 2374 privilegiorum
1191 2330 1382 2364 commodis
1396 2332 1533 2378 privare
1548 2346 1675 2367 conan-
