1839 2652
734 256 804 291 DE
837 255 1106 292 PASSELET.
1592 260 1660 296 189

183 351 318 397 vilegiis
335 351 557 398 generalibus
575 352 630 387 vel
649 352 863 400 specialibus,
896 358 930 388 et
963 353 1125 387 omnibus
1143 352 1446 400 appellationibus,
1468 352 1661 386 contradic-

183 407 346 448 tionibus,
375 408 653 443 cavillationibus
672 414 707 443 et
724 409 799 443 aliis
816 422 879 456 per
896 422 963 455 que
981 409 1131 443 intentio
1150 408 1208 443 seu
1239 414 1342 443 tenor
1360 407 1527 455 presentis
1544 407 1660 455 scripti

183 463 219 497 in
236 469 334 510 parte
353 464 408 498 vel
428 465 463 498 in
481 469 557 498 toto
576 465 736 512 impediri
753 464 853 511 poflit
871 465 927 499 vel
946 466 1154 512 impugnari.
1193 464 1237 499 In
1252 465 1350 512 cujus
1361 465 1411 499 rei
1426 464 1660 499 testimonium

182 518 331 566 presenti
350 518 475 566 scripto
494 518 641 566 sigillum
660 520 810 566 magistri
830 521 970 555 Thome
983 521 1025 555 de
1044 521 1226 555 Abeirden
1245 526 1330 556 tunc
1349 521 1506 555 officialis
1525 521 1659 555 domini

184 574 332 609 Roberti
352 575 421 609 Dei
439 576 551 621 gratia
570 575 802 623 Glasgwenfis
828 576 988 624 episcopi,
1016 589 1087 611 una
1116 589 1193 611 cum
1226 576 1341 623 figillis
1369 577 1502 618 nostris,
1531 578 1659 624 apponi

181 630 336 665 fecimus.
390 631 470 665 Hiis
488 631 639 666 testibus.

182 805 408 853 Refingnatio
424 806 596 842 Johannis
627 807 670 841 de
691 806 897 849 Wardroba,
927 814 961 843 et
990 809 1163 844 Bernardi
1195 809 1238 844 de
1268 809 1368 850 Erth,
1397 816 1431 844 et
1461 809 1589 844 Norini
1617 811 1658 845 de

182 862 425 909 Monorgund.

179 973 418 1009 OMNIBUS
438 974 564 1010 Christi
582 975 744 1010 fidelibus
762 975 902 1022 presens
914 975 1080 1023 scriptum
1092 975 1213 1011 visuris
1227 977 1283 1011 vel
1295 978 1465 1012 audituriS
1479 979 1659 1014 Johannes

179 1029 341 1064 dominus
360 1031 403 1065 de
425 1031 631 1072 W'ardroba,
662 1031 865 1066 Bernardus
891 1033 934 1066 de
967 1032 1068 1073 Erth,
1096 1038 1131 1067 et
1160 1033 1319 1067 Norinus
1348 1034 1391 1068 de
1412 1034 1657 1081 Monorgund,

177 1085 322 1120 salutem
341 1086 377 1120 in
394 1086 551 1121 Domino
569 1087 826 1134 sempiternam.
879 1088 1031 1123 Noverit
1047 1088 1252 1123 universitas
1270 1089 1382 1124 vestra
1396 1091 1490 1136 quod
1508 1091 1549 1124 lis
1567 1093 1659 1126 inter

177 1154 242 1175 nos
259 1154 299 1176 ac
319 1141 482 1183 Mariam,
514 1142 702 1184 Helenam,
731 1149 766 1178 et
784 1143 985 1185 Forveleth,
1014 1143 1161 1191 sponsa&
1191 1158 1234 1179 ex
1252 1152 1350 1193 parte
1368 1159 1449 1187 una,
1478 1153 1512 1181 et
1543 1147 1659 1181 Abba-

178 1203 249 1232 tem
267 1203 302 1232 et
320 1205 533 1233 conventum
553 1200 596 1233 de
616 1198 763 1234 Paffelet
781 1212 824 1234 ex
842 1200 961 1241 altera,
990 1200 1202 1247 aliquamdiu
1232 1202 1268 1235 in
1287 1203 1383 1236 curia
1402 1202 1585 1237 Malcolmi
1604 1217 1659 1238 co-

179 1254 270 1288 mitis
289 1254 332 1289 de
351 1254 519 1288 Levenax
537 1256 676 1301 agitata,
706 1255 808 1302 super
826 1257 927 1290 terris
958 1257 1000 1291 de
1032 1257 1266 1298 Cocmanaeh,
1296 1258 1506 1300 Fimbalach‚
1541 1259 1659 1306 Edyn-

178 1309 322 1350 bernan,
352 1310 504 1351 Baclxan,
533 1324 572 1345 ac
594 1311 817 1352 Druncreue,
846 1312 882 1345 in
912 1312 1006 1346 hunc
1033 1313 1176 1346 modum
1204 1314 1347 1359 quievit,
1375 1315 1538 1349 videlicet
1565 1316 1660 1361 quod

180 1379 253 1406 nos,
270 1379 337 1413 ‚pro
357 1366 456 1401 nobis
474 1372 509 1401 et
527 1367 693 1414 preditsstis
712 1366 837 1414 sponfis
856 1368 978 1402 nostris
1010 1382 1050 1402 ac
1068 1369 1256 1403 heredibus
1275 1369 1409 1410 nostris,
1429 1371 1587 1417 predicte
1606 1371 1658 1405 liti

178 1422 334 1456 totaliter
353 1428 387 1456 et
406 1422 541 1468 integre
560 1424 843 1457 renunciavimus
858 1424 1128 1471 imperpetuum,
1144 1431 1289 1471 propter
1301 1431 1441 1460 centum
1462 1432 1496 1460 et
1514 1426 1660 1472 quadra-

177 1478 275 1525 ginta
293 1491 424 1512 marcas
442 1492 526 1524 quas
545 1479 630 1513 dicti
650 1479 770 1514 Abbas
788 1486 822 1513 et
841 1486 1037 1514 conventus
1064 1481 1164 1514 nobis
1190 1480 1327 1515 solvent
1352 1494 1417 1528 pro
1447 1482 1540 1516 bono
1567 1482 1660 1529 pacis

177 1535 221 1569 ad
239 1535 408 1569 terminos
426 1534 643 1582 subscriptos,
672 1535 836 1570 videlicet
855 1536 979 1582 viginti
998 1536 1101 1570 libras
1132 1537 1222 1571 infra
1250 1537 1391 1572 ofi'cabas
1423 1538 1543 1572 83ηᾶὶί
1563 1537 1660 1571 hIar-

179 1591 242 1625 tini
260 1591 343 1625 anni
360 1591 471 1637 gratie
490 1590 657 1625 millesimi
677 1590 901 1626 ducentesimi
919 1591 1168 1639 septuagesimi,
1185 1598 1220 1627 et
1238 1593 1490 1640 quinquaginta
1507 1594 1659 1640 quinque

179 1660 310 1682 marcas
328 1648 418 1681 infra
435 1648 609 1682 nundinas
628 1647 870 1694 Glalgwenses
900 1648 983 1682 anni
1012 1649 1124 1694 gratie
1153 1647 1321 1683 millesimi
1347 1648 1570 1683 ducentefimi
1589 1649 1661 1697 sep-

179 1703 355 1750 tuagefimi
374 1704 487 1751 primi,
509 1710 543 1738 et
561 1704 813 1750 quinquaginta
830 1704 984 1750 quinque
1003 1717 1134 1738 marcas
1152 1705 1243 1739 infra
1261 1705 1403 1739 obtabas
1422 1705 1542 1739 Sancti
1562 1705 1659 1739 Mar-

179 1761 243 1795 tini
260 1760 342 1794 anni
361 1758 525 1806 ejusdem.
577 1759 624 1794 Et
642 1773 706 1794 nos
724 1760 890 1806 predictis
920 1759 1051 1793 Abbati
1079 1765 1113 1794 et
1144 1762 1335 1795 conventui
1361 1773 1501 1795 omnem
1530 1774 1659 1796 renun-

180 1816 379 1858 ciationem,
408 1816 560 1861 quietam
580 1815 824 1850 clamationem
844 1821 878 1850 et
896 1815 1115 1850 securitatem
1146 1829 1230 1862 quas
1258 1816 1315 1850 fibi
1342 1816 1445 1864 super
1462 1818 1564 1852 terris
1582 1830 1660 1864 pre-

180 1870 281 1906 miffis
299 1877 467 1919 poterunt
486 1877 521 1905 et
538 1870 700 1905 sciverint
718 1871 881 1905 ordinare
900 1872 956 1905 vel
982 1872 1179 1919 providere,
1207 1886 1271 1919 pro
1297 1873 1397 1907 nobis
1428 1879 1462 1908 et
1492 1874 1659 1920 predi6fis

180 1927 347 1963 uxoribus
366 1933 400 1961 et
419 1927 603 1961 heredibus
621 1926 743 1960 nostris
769 1926 986 1973 presentibus
1012 1933 1047 1962 et
1074 1928 1212 1969 futuris,
1240 1929 1520 1975 quandocunque
1539 1929 1658 1963 volue-

181 1984 251 2018 rint
268 1983 432 2017 faciemus
450 1989 555 2029 prout
573 1982 696 2016 melius
713 1982 771 2016 fibi
791 1983 942 2017 viderint
961 1984 1136 2030 expedire.
1189 1984 1236 2018 Et
1253 1991 1334 2019 ante
1352 1986 1498 2032 primam
1517 1984 1659 2019 solutio2

182 2052 262 2073 nem
277 2039 370 2072 diste
384 2038 531 2085 pecunie
546 2039 696 2072 termino
715 2038 840 2072 statuto
853 2039 952 2072 nobis
964 2039 1169 2080 faciendam,
1184 2040 1220 2073 in
1235 2041 1331 2074 curia
1344 2040 1494 2087 predicti
1509 2040 1657 2074 Comitis

182 2096 224 2130 de
237 2094 415 2133 Levenax,
436 2094 530 2127 omni
543 2094 616 2140 juri
629 2094 723 2139 quod
737 2094 847 2134 nobis,
866 2093 993 2141 sponsis
1011 2094 1133 2129 nostris
1148 2095 1314 2141 predicffis
1329 2102 1364 2130 et
1378 2095 1564 2130 heredibus
1582 2095 1657 2130 nos-

184 2151 244 2185 tris
256 2150 293 2184 in
304 2149 471 2196 predictis
489 2150 590 2183 terris
608 2150 775 2196 competit
789 2150 844 2184 vel
859 2156 1058 2197 competere
1072 2150 1202 2197 poterit
1213 2150 1329 2196 aliquo
1342 2150 1424 2197 jure
1439 2151 1494 2185 vel
1506 2150 1654 2197 judicio,

182 2209 439 2254 imperpetuum
458 2205 749 2245 renunciabimus,
778 2211 813 2239 et
842 2206 1017 2252 prediGtas
1036 2212 1145 2240 terras
1172 2206 1340 2252 predi6fis
1361 2206 1490 2240 Abbati
1521 2211 1556 2241 et
1574 2220 1655 2241 con-

182 2262 303 2297 ventui
320 2261 453 2307 quietas
472 2260 706 2301 clamabimus,
734 2260 794 2294 sub
820 2274 910 2307 pena
928 2267 1068 2296 centum
1087 2261 1252 2295 librarum
1271 2262 1505 2296 incontinenti
1521 2261 1655 2297 solven-

182 2319 316 2358 darum,
344 2317 566 2351 medietatem
585 2316 713 2351 fabrice
732 2315 870 2351 ecclesie
890 2315 1132 2362 Glasgwenfis‚
1160 2317 1383 2353 medietatem
1400 2318 1529 2353 fabrice
1547 2319 1655 2354 eccle-

880 2374 902 2405 Q
920 2383 942 2405 A
