1839 2652
141 297 212 333 ⁶206
540 289 855 327 REGISTRUM
886 287 1224 324 MONASTERII

145 390 388 440 religiosorum
408 389 557 423 Abbatis
575 393 610 422 et
628 391 824 422 conventus
843 385 879 419 in
898 385 1079 425 LevenaX,
1108 388 1143 418 et
1162 396 1289 431 corpus
1314 383 1464 430 judicati
1493 397 1558 431 pro
1579 384 1636 419 de-

147 450 245 489 licto,
273 445 463 481 secundum
480 443 657 479 formam
642 443 744 490 Juris,
772 441 815 476 ad
833 441 947 476 furcas
965 440 1096 475 nostras
1115 440 1158 474 de
1178 439 1347 474 Levenax
1373 444 1524 474 mortem
1542 439 1635 474 susti-

147 505 255 539 nebit.
291 501 481 537 Tenendas
499 506 534 535 et
552 499 727 534 habendas
746 499 848 532 dietis
866 496 1031 544 religiosis
1046 497 1306 543 imperpetuum
1323 496 1365 530 de
1380 508 1435 530 me
1454 501 1488 529 et
1501 495 1637 530 heredi-

149 562 213 596 bus
230 560 327 600 meis,
355 559 390 592 in
408 558 566 597 liberam,
594 568 719 604 puram
750 560 785 590 et
814 559 1018 602 perpetuam
1048 551 1281 593 elemosinam,
1310 551 1430 592 libere,
1459 552 1576 597 quiete
1603 557 1638 586 et

150 617 303 664 pacifice,
331 613 401 649 fine
429 613 640 648 omnimodis
657 611 815 652 servitiis,
843 611 993 651 auxiliis,
1022 610 1242 650 exercitibus,
1276 609 1505 657 captionibus,
1533 607 1636 643 sectis

150 673 256 713 curie,
289 669 615 710 consuetudinibus,
644 667 896 708 exactionibus,
927 673 961 702 et
989 666 1058 701 fine
1090 660 1251 713 captione
1269 666 1407 701 testium
1439 666 1483 700 de
1515 677 1638 700 eorum

152 728 351 764 hominibus
370 728 481 762 dietas
498 732 608 761 terras
627 724 701 759 suas
719 724 1003 764 inhabitantibus,
1033 728 1067 758 et
1098 722 1167 757 fine
1199 723 1411 757 omnimodis
1429 721 1639 757 secularibus

154 785 332 821 demandis
350 784 386 818 in
404 777 580 831 posterum
606 781 723 827 aliquo
755 779 833 815 casu
860 781 917 815 vel
941 780 1076 827 judicio
1106 779 1287 826 exigendis
1319 779 1362 814 de
1391 777 1558 826 premissis
1583 778 1640 813 vel

154 842 269 888 aliquo
288 838 541 888 premiflbrum.
595 837 744 884 Insuper
761 837 843 872 volo
863 842 897 871 et
916 836 1071 870 concedo
1091 842 1126 870 et
1143 849 1207 883 pro
1221 848 1277 870 me
1296 841 1331 870 et
1349 834 1537 870 heredibus
1554 834 1640 869 meis

154 910 216 944 per
233 895 429 944 presentem
448 900 577 929 cartam
596 906 709 928 mean]
729 892 899 927 confirmo
915 893 1016 927 dietis
1028 891 1193 938 religiofis
1210 898 1282 926 tam
1300 891 1518 939 presentibus
1536 903 1639 937 quam

157 953 284 988 futuris
301 958 336 987 et
354 964 476 986 eorum
495 949 715 990 monasterio,
748 949 785 982 in
802 948 946 983 liberam
975 961 1099 995 puram
1131 954 1166 982 et
1183 954 1388 995 perpetuam
1409 946 1641 986 elemosinam,

157 1022 277 1044 omnes
295 1008 513 1048 donationes,
542 1003 776 1041 concelliones
807 1011 841 1039 et
870 1005 1046 1039 libertates
1064 1017 1149 1050 quas
1168 1002 1399 1039 anteceffores
1418 1003 1486 1038 mei
1515 1001 1642 1037 eisdem

157 1064 322 1112 religioiis
341 1071 515 1099 eteorum
534 1062 742 1097 monasterio
760 1061 921 1096 fecerunt
951 1067 986 1096 et
1017 1061 1256 1102 contulerunt,
1285 1060 1451 1095 videlicet
1478 1060 1521 1094 de
1548 1060 1643 1094 dieta

159 1121 297 1157 ecclefia
315 1122 358 1155 de
380 1119 579 1168 Kylpatrik‚
607 1119 720 1159 terris,
747 1116 1017 1165 poffeffionibus,
1046 1117 1251 1158 redditibus,
1276 1116 1335 1151 seu
1353 1116 1428 1150 aliis
1445 1116 1546 1150 bonis
1563 1116 1640 1150 uni-

158 1177 262 1213 verfis
280 1183 314 1212 et
332 1176 593 1224 quibuscunque
611 1176 647 1209 in
667 1175 835 1209 Levenax
852 1189 861 1217 3
895 1174 1056 1209 omnibus
1082 1174 1184 1208 cartis
1212 1171 1464 1207 antecessorum
1482 1184 1643 1206 meorum

159 1236 206 1270 eis
225 1235 312 1269 datis
331 1240 365 1268 et
384 1231 558 1273 conceflis,
579 1233 614 1266 in
633 1231 794 1266 omnibus
813 1236 847 1265 et
865 1229 1006 1277 fingulis
1024 1229 1190 1269 articulis,
1211 1227 1471 1276 poffessionibus
1486 1234 1520 1262 et
1538 1228 1641 1263 liber-

159 1291 286 1326 tatibus
304 1291 341 1324 in
359 1288 485 1324 eisdem
505 1288 690 1328 contentis,
718 1292 836 1335 preter
865 1287 939 1326 hec,
971 1286 1006 1319 in
1024 1285 1085 1320 suo
1105 1285 1230 1319 robore
1250 1290 1284 1319 et
1302 1285 1436 1319 virtute
1455 1285 1642 1325 duraturis,

160 1347 284 1394 quibus
302 1347 387 1381 dicti
405 1345 569 1380 monachi
588 1344 698 1379 vestiti
717 1349 817 1378 erant
829 1348 863 1377 et
878 1341 985 1389 seyfiti
999 1342 1054 1376 die
1069 1341 1171 1388 hujus
1186 1340 1422 1381 concessionis,
1445 1340 1641 1375 collationis

161 1409 195 1438 et
213 1402 488 1438 confirmationis
506 1414 594 1436 mee.
648 1400 725 1447 Ego
744 1413 829 1434 vero
851 1398 1066 1433 Malcolmus
1097 1403 1131 1432 et
1159 1397 1304 1431 heredes
1323 1397 1389 1431 mei
1408 1397 1575 1444 predictis
1593 1410 1646 1431 re-

159 1458 286 1506 ligiofis
305 1459 347 1493 de
368 1457 514 1493 Paffelet
533 1458 651 1492 omnia
669 1463 704 1491 et
721 1455 855 1503 lingula
874 1454 1072 1502 prescripta,
1105 1459 1139 1487 et
1157 1454 1193 1487 in
1213 1453 1275 1487 hac
1294 1452 1446 1500 presenti
1462 1459 1556 1487 carta
1568 1466 1645 1488 mea

160 1517 197 1550 in
215 1515 376 1550 omnibus
394 1520 429 1548 et
445 1513 586 1561 singulis
604 1513 771 1553 articulis,
799 1510 1058 1559 pofl'eflionibus
1077 1515 1111 1543 et
1129 1509 1347 1543 libertatibus
1367 1514 1542 1549 contenta,
1563 1522 1645 1544 con-

161 1578 215 1606 tra
232 1584 354 1606 omnes
371 1571 530 1605 homines
557 1576 592 1605 et
617 1570 765 1604 feminas
783 1566 1086 1606 varantizabimus,
1115 1565 1388 1611 acquietabimus
1418 1571 1452 1599 et
1482 1565 1645 1600 defende-

161 1641 239 1663 mus
257 1628 528 1674 imperpetuum.
581 1626 626 1660 In
645 1626 744 1673 cujus
762 1625 813 1659 rei
831 1623 1064 1658 testimonium
1084 1621 1230 1668 figillum
1250 1634 1367 1655 meum
1382 1620 1533 1668 presenti
1552 1627 1646 1656 carte

163 1684 210 1719 est
226 1682 427 1731 appensum.
481 1682 562 1716 Hiis
579 1681 733 1722 testibus,
762 1679 953 1715 venerabili
982 1685 1080 1726 patre
1100 1678 1242 1712 domino
1261 1677 1425 1712 Johanne
1445 1677 1515 1711 Dei
1533 1678 1646 1723 gratia

163 1739 321 1788 episcopo
341 1737 567 1785 Glasgwenfi,
596 1738 740 1772 domino
760 1735 955 1770 Malcolmo
987 1735 1169 1781 Flemyng,
1199 1734 1341 1767 domino
1372 1733 1506 1768 Jacobo
1526 1733 1644 1768 Senes-

164 1796 253 1831 callo
272 1796 378 1830 fratre
404 1795 582 1841 quondam
601 1794 736 1828 domini
755 1792 904 1827 WValteri
932 1791 1109 1837 quondam
1140 1789 1315 1824 senescalli
1346 1790 1473 1830 Scotie,
1502 1790 1645 1825 domino

166 1852 283 1887 Alano
297 1850 505 1891 senescallo,
525 1851 682 1885 Waltero
696 1849 769 1883 filio
782 1848 948 1888 Gilberti,
967 1847 1145 1887 militibus,
1163 1846 1326 1881 Gilberto
1347 1846 1389 1880 de
1409 1846 1643 1888 Drummane,

167 1908 318 1943 Patricio
334 1907 519 1948 Galbrath‚
536 1907 652 1941 Adam
668 1906 741 1940 filio
757 1905 876 1946 Alani,
895 1903 1012 1938 Adam
1024 1904 1097 1937 filio
1112 1903 1289 1949 Hutredy,
1308 1902 1474 1937 Wilelmo
1487 1903 1645 1951 Sympill,

166 1970 200 2000 et
219 1964 337 1999 multis
355 1964 441 1998 aliis.
493 1963 630 1998 Datum
649 1963 742 2010 apud
762 1962 974 1996 Dunbratan
1001 1961 1056 1995 die
1085 1960 1212 1994 Martis
1230 1960 1393 2007 proxima
1419 1967 1499 1995 ante
1525 1960 1646 1995 festum

167 2021 286 2056 Sancti
308 2020 457 2055 Martini
478 2020 512 2054 in
531 2020 655 2067 hyeme
674 2032 767 2053 anno
786 2019 897 2065 gratie
916 2016 1095 2052 millefimo
1114 2015 1372 2051 trescentefimo
1392 2016 1581 2052 trecefimo.

168 2190 399 2225 Confirmatio
420 2188 569 2223 Roberti
588 2189 691 2234 regis,
718 2194 893 2222 terrarum
912 2187 954 2221 de
976 2185 1174 2233 Kylpatryk
1192 2186 1228 2219 in
1248 2185 1427 2220 Levenax.

172 2301 451 2336 ROBERTUS
479 2301 549 2335 Dei
568 2301 683 2347 gratia
700 2313 762 2335 rex
782 2300 983 2335 Scottorum
1005 2299 1167 2333 omnibus
1195 2299 1312 2347 probis
1329 2298 1527 2333 hominibus
1545 2299 1651 2334 totius

170 2364 264 2393 terre
282 2357 340 2392 sue
359 2357 491 2392 clericis
523 2362 558 2392 et
585 2357 691 2404 laycis
720 2356 876 2391 salutem.
930 2356 1050 2390 Sciatis
1078 2368 1142 2390 nos
1173 2353 1384 2402 approbasse,
1412 2352 1590 2389 ratificaffe
1617 2361 1651 2389 et
