1870 2683
202 275 273 307 432
603 269 918 305 REGISTRUM
945 268 1283 306 MONASTERII

203 367 357 414 Glasgw,
382 367 425 401 ad
444 379 547 401 unam
566 366 688 400 rodam
706 371 799 400 terre
817 377 896 399 cum
913 366 1134 413 pertinentiis
1151 366 1328 412 quondam
1346 367 1518 403 Johannis
1537 368 1680 404 Bothok

200 424 306 470 patris
324 422 494 458 Johannis
514 421 653 455 Bothok
680 420 849 468 presentis
866 421 911 455 ad
929 420 1154 468 infrascripta,
1187 427 1221 456 et
1252 434 1294 456 eo
1323 423 1477 463 nomine,
1503 423 1678 471 jacentem

202 479 291 512 infra
307 477 525 512 territorium
544 476 629 510 dieti
647 476 748 522 burgi
767 477 803 509 in
823 476 948 522 Longa
965 477 1076 511 crofta
1092 477 1184 511 inter
1202 483 1312 512 terras
1329 479 1504 524 quondam
1526 479 1679 515 Wilelmi

203 534 330 568 Valcar
345 547 387 568 ex
399 532 559 567 orientali
571 538 669 579 parte
685 532 745 577 [ab
759 534 848 574 11113]
867 538 902 567 et
914 539 1025 567 terras
1037 533 1123 566 dicti
1136 532 1159 568 J
1162 533 1308 568 ohannis
1322 534 1446 569 Schaw
1462 547 1505 569 ex
1523 536 1681 570 occiden-

200 589 259 623 tali
279 589 320 623 ab
335 589 444 623 altera
461 588 616 635 partibus
633 602 642 630 ;
662 600 802 623 necnon
814 589 857 623 ad
869 594 1108 623 tenementum
1129 588 1277 624 Abbatis
1297 590 1339 624 de
1359 589 1492 624 Passeto
1505 590 1627 637 jacens
1644 592 1679 626 in

200 645 293 679 die'ta
307 645 446 679 civitate
457 645 493 678 in
505 645 682 678 communi
700 644 756 678 via
774 643 925 691 ejusdem
941 657 983 678 ex
998 644 1205 679 occidentali
1215 651 1326 692 parte,
1345 646 1437 680 inter
1450 651 1579 681 terram
1595 647 1678 682 dieti

200 700 346 734 Abbatis
361 713 403 735 ex
415 700 551 734 australi
566 706 662 746 parte
678 700 738 744 [ab
752 703 841 743 una]
855 706 888 734 et
902 706 1012 734 terras
1025 701 1201 746 quondam
1215 701 1365 748 magistri
1380 701 1497 737 David
1513 703 1679 750 Cunyng-

196 757 296 790 hame
316 769 358 790 ex
377 756 518 795 boreali,
538 756 692 803 partibus
710 756 752 789 ab
769 756 888 795 altera,
909 762 944 790 et
962 756 1004 790 de
1020 756 1115 790 dieto
1132 762 1336 791 tenemento
1354 770 1483 792 novem
1499 757 1626 794 solidos
1645 766 1679 794 et
1709 792 1712 795 Δ

197 812 279 846 octo
294 812 455 846 denarios
473 812 579 846 annui
595 812 751 846 redditus
766 812 899 846 debitos
913 811 969 846 fibi
984 813 1159 858 quondam
1172 812 1327 848 ι1011311111
1342 827 1352 857 3
1373 819 1408 848 et
1421 814 1549 848 ibidem
1564 815 1678 850 dietus

195 867 341 902 ballivus
359 867 482 901 statum
501 873 535 901 et
553 866 704 901 saifinam
723 868 950 902 hereditarios
968 880 1107 902 necnon
1135 869 1320 909 actualem,
1354 870 1483 904 realem
1503 876 1537 905 et
1556 883 1678 918 corpo-

194 923 302 957 ralem
320 921 556 970 poffeffionem
576 924 733 970 predicte
752 924 836 957 rode
855 930 948 957 terre
969 937 1048 958 cum
1074 925 1294 971 pertinentiis
1321 938 1459 960 necnon
1491 926 1532 961 de
1564 926 1677 974 hujus-

194 980 288 1013 modi
306 992 424 1013 annuo
444 979 582 1013 redditu
597 991 722 1013 novem
742 978 932 1013 solidorum
952 986 986 1014 et
1005 981 1086 1014 οὸὶο
1106 981 1329 1015 denariorum
1344 982 1386 1015 de
1401 982 1561 1028 predicto
1580 988 1675 1017 tene-

195 1041 313 1069 mento
333 1048 412 1069 cum
432 1035 649 1082 pertinentiis
668 1035 802 1082 prefato
821 1035 843 1070 J
847 1035 974 1069 ohanni
996 1035 1136 1070 Bothok
1154 1036 1226 1070 filio
1246 1037 1413 1071 etheredi
1432 1038 1673 1084 propinquiori

192 1098 226 1125 et
245 1091 416 1137 legittimo
436 1089 536 1137 ipsius
553 1090 726 1126 Johannis
749 1090 799 1125 sui
818 1092 923 1137 patris
941 1092 1140 1126 decedentis
1159 1093 1195 1126 in
1212 1092 1301 1127 statu
1320 1100 1355 1127 et
1372 1092 1489 1127 saifina
1501 1094 1675 1129 dictarum

192 1154 364 1181 terrarum
384 1152 417 1180 et
436 1146 634 1193 hujusmodi
653 1147 758 1180 annui
778 1147 945 1187 reddituS,
980 1154 1018 1182 ut
1048 1149 1082 1181 111
1101 1148 1204 1194 plana
1232 1150 1327 1183 curia
1353 1149 1497 1195 Glasgw
1515 1155 1613 1184 tenta
1640 1151 1675 1185 in

191 1203 346 1248 pretorio
365 1201 517 1248 ejusdem
536 1214 598 1248 per
616 1200 743 1235 allisam
763 1208 797 1236 et
815 1203 958 1237 vardam
977 1204 1187 1250 condignam
1205 1210 1377 1238 maturam
1396 1205 1580 1239 inventum
1594 1206 1670 1247 fuit,

190 1257 440 1303 heredibusque
460 1263 494 1291 et
512 1256 685 1303 aflignatis
703 1258 787 1292 dieti
815 1258 986 1293 ι1011311015
1016 1272 1078 1306 per
1096 1265 1188 1294 terre
1208 1266 1243 1294 et
1261 1260 1383 1307 lapidis
1401 1273 1439 1294 ac
1469 1261 1500 1295 le
1528 1261 1609 1308 help
1639 1268 1674 1296 et

173 1313 305 1359 stapill
322 1313 609 1347 deliberationem
629 1314 736 1353 dedit,
770 1314 914 1348 donavit
932 1320 966 1348 et
983 1327 1047 1362 pro
1066 1321 1237 1362 perpetuo
1255 1316 1471 1350 deliberavit.
1524 1316 1672 1364 Insuper

187 1369 302 1403 dietus
320 1368 343 1404 J
346 1369 501 1403 ohannes
520 1369 743 1416 prescriptam
764 1370 885 1404 rodam
903 1375 996 1405 terre
1015 1384 1094 1405 011111
1112 1372 1332 1418 pertinentiis
1343 1384 1482 1407 necnon
1493 1373 1672 1419 predictos

186 1438 313 1459 novem
332 1424 459 1458 solidos
479 1431 513 1459 et
532 1425 613 1459 octo
633 1425 794 1459 denarios
812 1426 920 1459 annui
940 1426 1096 1461 redditus
1115 1427 1157 1461 de
1172 1427 1267 1462 dicto
1285 1433 1487 1463 tenemento
1500 1441 1580 1463 cum
1593 1442 1671 1476 per-

186 1481 342 1515 tinentiis
360 1481 397 1514 in
415 1480 573 1514 manibus
591 1480 808 1528 suprascripti
826 1481 943 1515 ballivi
962 1495 1023 1529 per
1042 1482 1238 1530 hujusmodi
1257 1489 1349 1518 terre
1376 1490 1410 1518 et
1440 1484 1562 1531 lapidis
1581 1497 1621 1518 ac
1639 1485 1669 1519 Ie

185 1538 265 1584 lust)
280 1544 313 1572 et
317 1536 447 1583 stapv'll
460 1536 799 1577 redeliberationem,
816 1550 902 1584 pure
921 1545 955 1572 et
972 1538 1170 1586 simpliciter
1183 1539 1366 1586 refignavit
1380 1553 1418 1574 ac
1434 1539 1556 1574 dimifit
1569 1541 1605 1574 in
1618 1541 1665 1575 fa-

187 1608 309 1630 vorem
330 1594 461 1641 Egedie
481 1594 653 1641 Flemyng
670 1594 728 1628 sue
747 1593 911 1629 cariffime
929 1594 1048 1641 sponse
1067 1600 1102 1629 et
1120 1595 1288 1630 heredum
1306 1596 1399 1630 inter
1416 1608 1476 1630 eos
1494 1596 1665 1642 legittime

183 1656 450 1699 procreatorum
482 1655 516 1684 et
546 1651 845 1696 procreandorum
878 1656 911 1685 et
941 1651 1080 1685 suorum
1099 1649 1344 1697 affignatorum
1363 1664 1663 1698 quorumcunque.

185 1707 267 1748 Qua
284 1705 514 1752 refignatione
533 1704 576 1740 fic
593 1706 686 1740 facta
702 1706 794 1740 idem
815 1706 970 1741 Ballivus
987 1705 1046 1740 fibi
1063 1705 1218 1741 Johanni
1234 1706 1375 1741 Bothok
1389 1707 1432 1741 de
1444 1720 1549 1748 novo,
1570 1708 1663 1742 dicte

185 1763 318 1809 Egedie
336 1762 395 1796 sue
413 1761 532 1808 sponse
551 1767 586 1796 et
604 1774 726 1796 eorum
745 1762 844 1796 alteri
863 1762 993 1796 diutius
1012 1761 1143 1795 viventi
1161 1766 1196 1795 et
1213 1761 1399 1796 heredibus
1416 1762 1508 1797 inter
1526 1762 1662 1797 eosdem

184 1820 355 1866 legittime
369 1819 559 1865 procreatis
573 1824 606 1853 et
620 1820 855 1865 procreandis,
871 1819 907 1852 in
920 1818 1109 1865 conjuncta
1124 1819 1370 1859 infeodatione,
1391 1824 1426 1853 et
1444 1818 1510 1853 suis
1522 1818 1662 1866 afligna-

184 1877 238 1915 tis,
259 1876 302 1910 de
315 1874 510 1921 hujusmodi
529 1875 616 1908 roda
627 1881 720 1909 terre
735 1888 814 1909 cum
829 1875 1060 1921 pertinentiis,
1076 1881 1111 1908 et
1126 1875 1221 1909 dicto
1240 1887 1358 1909 annuo
1376 1875 1515 1909 redditu
1534 1887 1660 1910 novem

180 1932 368 1966 solidorum
401 1936 435 1965 et
460 1931 541 1964 octo
573 1931 808 1971 denariorum,
838 1944 901 1978 per
919 1931 1115 1979 hujusmodi
1133 1938 1237 1973 terre,
1263 1932 1397 1980 lapidis,
1426 1945 1465 1967 ac
1482 1932 1513 1967 le
1528 1932 1610 1979 lzesjn
1628 1939 1661 1967 et

164 1988 301 2034 stapill
317 1986 614 2026 deliberationem,
635 1987 731 2021 dedit
749 1992 783 2021 et
812 1987 1015 2022 deliberavit
1033 1987 1156 2022 statum
1174 1994 1209 2022 et
1226 1987 1378 2022 1311111311]
1395 2001 1460 2035 pro
1477 1994 1659 2035 perpetuo.

183 2047 294 2092 Super
311 2042 435 2089 quibus
453 2040 619 2089 premiffis
636 2043 789 2089 prefatus
807 2043 986 2078 Johannes
1015 2056 1035 2077 a
1061 2056 1116 2078 me
1133 2044 1271 2078 notario
1288 2043 1476 2091 subscripto
1493 2045 1593 2091 petiit
1609 2046 1660 2080 in-

181 2102 413 2136 strumentum
431 2104 466 2132 et
483 2097 722 2133 instrumenta.
775 2098 870 2133 Acta
888 2105 987 2134 erant
1016 2100 1082 2134 hec
1111 2099 1212 2146 super
1231 2099 1340 2134 solum
1361 2100 1534 2135 dictarum
1552 2107 1660 2136 terra-

182 2170 258 2191 rum
280 2157 371 2190 circa
389 2155 556 2189 decimam
576 2155 697 2189 horam
716 2160 796 2189 ante
815 2156 1006 2196 meridiem,
1026 2168 1131 2196 anno,
1161 2156 1228 2196 die,
1257 2156 1383 2197 mense,
1413 2157 1605 2192 indiffione
1624 2164 1657 2192 et

182 2212 388 2260 pontificatu
417 2210 609 2257 prenotatis
626 2224 635 2252 3
674 2210 893 2245 Presentibus
920 2212 1049 2246 ibidem
1079 2212 1232 2246 discretis
1262 2213 1354 2253 viris,
1387 2212 1527 2247 Thoma
1556 2213 1654 2253 Law,

186 2268 303 2303 David
324 2267 440 2306 Knox,
463 2266 620 2312 Georgio
640 2266 837 2307 Crawfurd‚
857 2273 892 2301 et
912 2267 1076 2302 Wilelmo
1095 2268 1256 2309 Stewart,
1275 2281 1355 2303 cum
1373 2268 1511 2303 diverfis
1528 2269 1612 2303 aliis.

282 2322 329 2358 Et
348 2334 413 2368 ego
432 2321 587 2356 Thomas
607 2321 771 2368 Hugonis
789 2322 934 2358 clericus
952 2323 1173 2370 Glasguenfis
1191 2324 1340 2366 diocefis,
1359 2324 1518 2372 publicus
1535 2324 1653 2359 aucto-
