1839 2652
174 281 243 319 278
579 276 895 312 REGISTRUM
924 276 1263 312 MONASTERII

274 373 408 407 nalibus
426 371 576 406 fideliter
592 371 725 418 sumpfi,
746 378 781 406 et
799 372 841 406 de
859 372 1024 407 mandato
1043 373 1128 407 dieti
1147 372 1281 406 domini
1299 372 1468 408 Officialis
1488 373 1653 409 Parifien-

275 428 314 463 fis
332 426 524 475 transcripsi
542 433 577 462 et
595 428 779 474 publicavi,
812 428 861 462 nil
879 428 1011 462 addens
1028 428 1085 463 vel
1103 428 1301 463 diminuens
1319 428 1414 474 quod
1439 427 1573 464 sensum
1592 430 1655 464 im-

276 489 387 518 mutet
399 489 459 518 aut
470 484 569 518 vitiet
580 483 813 523 intellectum,
833 488 868 517 et
885 483 1103 530 postmodum
1115 483 1208 518 facta
1219 484 1450 519 collocatione
1463 485 1505 519 de
1518 484 1655 526 eisdem,

275 553 315 575 ea
345 540 540 574 adinvicem
570 540 784 574 concordare
814 540 944 580 inveni,
978 540 1057 574 ideo
1087 540 1143 574 hic
1173 553 1229 574 me
1255 539 1430 587 subscripfi
1455 539 1658 587 fignumque

276 609 405 637 meum,
436 608 588 631 unacum
608 595 717 642 figillo
736 596 831 631 curie
860 594 1052 630 Parifienfis
1078 594 1241 643 appenso,
1274 594 1490 643 presentibus
1516 602 1659 642 rogatus

276 652 419 699 apposui
433 651 648 692 consuetum,
662 651 723 686 sub
735 664 839 692 anno,
852 652 1058 692 indictione,
1074 652 1130 686 die
1144 657 1179 687 et
1190 652 1397 699 pontificatu
1408 651 1532 698 quibus
1546 650 1658 699 supra.

185 820 296 868 Copia
312 819 494 867 previlegii
513 818 749 854 Cluniacenfis
767 832 846 854 cum
865 819 1028 854 membris
1046 818 1125 854 suis.

186 931 463 966 UNIVERSIS
481 930 657 978 presentes
674 931 807 965 litteras
826 930 966 975 [visuris
983 931 1039 965 vel
1057 930 1246 972 audituris]
1263 929 1433 965 Officialis
1452 931 1547 966 curie
1566 930 1661 964 Pari-

183 986 292 1022 lienfis
310 987 453 1021 salutem
472 988 508 1020 in
527 987 696 1021 Domino.
748 986 885 1021 Notum
903 986 1046 1021 facimus
1064 986 1158 1031 quod
1189 998 1233 1020 ex
1262 991 1361 1032 parte
1390 986 1598 1020 venerabilis
1626 992 1661 1020 et

183 1042 332 1089 religiosi
349 1043 385 1076 in
404 1042 540 1077 Clu-isto
559 1043 665 1090 patris
685 1043 818 1076 domini
837 1042 985 1076 Abbatis
1004 1040 1251 1082 Chufiacenfis,
1272 1041 1332 1076 suo
1351 1047 1386 1077 et
1403 1043 1510 1076 totius
1529 1042 1661 1076 ordinis

186 1097 421 1133 Cluniacenfis
439 1099 581 1133 nomine
600 1099 699 1132 nobis
717 1099 860 1132 fuerunt
879 1097 1029 1132 exhibite
1056 1104 1091 1132 et
1119 1097 1248 1132 ostense
1266 1098 1413 1143 quedam
1433 1098 1548 1133 littere
1566 1096 1661 1145 apos-

183 1155 287 1188 tolice
305 1167 389 1188 vera
406 1154 500 1188 bulla
517 1154 680 1201 plumbea
697 1152 893 1188 sanctissimi
923 1154 959 1187 in
991 1153 1126 1188 Christo
1144 1154 1251 1200 patris
1269 1158 1304 1187 et
1322 1153 1454 1187 domini
1481 1154 1573 1188 bone
1591 1166 1661 1188 me-

185 1211 294 1244 morie
313 1210 445 1244 domini
466 1209 594 1243 Calixti
608 1222 696 1256 pape
715 1209 855 1243 secundi
874 1210 910 1243 in
928 1210 986 1245 filo
1006 1211 1048 1245 de
1067 1209 1174 1244 serico
1189 1210 1330 1251 bullate,
1350 1223 1424 1244 non
1438 1211 1568 1251 vitiam,
1588 1223 1659 1244 non

184 1266 385 1305 cancelIate,
405 1278 477 1299 non
498 1265 637 1305 abolite‚
657 1278 730 1299 non
744 1265 873 1306 abrase,
892 1278 959 1300 nec
975 1266 1012 1300 in
1026 1266 1140 1312 aliqua
1152 1266 1203 1300 sui
1216 1272 1314 1314 parte
1327 1266 1483 1313 suspecte
1497 1272 1537 1301 ut
1550 1267 1662 1314 prima

184 1322 269 1355 facie
287 1321 485 1367 apparebat,
514 1334 660 1366 quarum
679 1326 783 1355 tenor
800 1320 954 1356 noscitur
982 1321 1048 1357 efl'e
1066 1322 1166 1365 talis3
1200 1322 1465 1357 CALIXTUS
1484 1322 1662 1369 episcopus

184 1376 302 1411 servus
327 1376 507 1411 servorum
527 1377 596 1411 Dei
615 1375 783 1411 cariffimo
813 1378 850 1411 in
881 1377 1018 1413 Christo
1048 1379 1120 1413 filio
1148 1378 1276 1413 Pontio
1303 1376 1523 1413 Cluniacenfi
1548 1377 1663 1412 abbati

187 1432 324 1479 ejusque
353 1431 598 1467 succefl'oribus
628 1433 835 1479 regulariter
865 1432 1106 1468 substituendis
1135 1436 1405 1481 imperpetuum.
1468 1433 1664 1480 Religionis

187 1489 372 1524 monastice
391 1490 568 1524 modernis
586 1489 801 1536 temporibus
818 1489 1008 1537 speculum,
1038 1496 1072 1524 et
1102 1490 1138 1524 in
1169 1490 1369 1524 Galliarum
1386 1489 1542 1536 partibus
1560 1489 1664 1523 docu-

187 1552 356 1585 mentum,
382 1545 475 1579 beati
494 1545 591 1579 Petri
610 1544 845 1580 Cluniacenfis
863 1546 1119 1586 monasterium,
1140 1546 1182 1580 ab
1200 1545 1272 1593 ipso
1298 1545 1356 1580 sue
1374 1545 1589 1580 fundationis
1607 1557 1664 1578 ex-

189 1601 288 1635 ordio
307 1600 377 1635 sedi
397 1601 580 1648 apostolice
608 1602 644 1635 in
669 1601 728 1648 jus
745 1602 926 1648 proprium
953 1601 1000 1636 est
1026 1601 1192 1636 oblatum.
1245 1601 1398 1635 Proinde
1426 1606 1542 1648 patres
1558 1599 1664 1634 nostri

189 1656 306 1691 fauete
321 1658 571 1691 recordationis
584 1657 607 1693 J
610 1658 765 1692 ohannes
777 1658 996 1698 undecimus,
1015 1658 1100 1691 item
1117 1657 1140 1693 J
1143 1658 1298 1691 ohannes
1317 1657 1556 1696 duodecimus,
1571 1656 1666 1702 Aga-

189 1714 281 1759 pitus
311 1712 492 1754 secundus,
526 1713 740 1748 Benedictus
770 1713 895 1754 sextus,
928 1715 1012 1749 item
1044 1715 1259 1749 Benedictus
1288 1713 1463 1761 septimuS,
1492 1713 1568 1748 Leo
1595 1712 1666 1760 sep—

190 1770 305 1809 timus,
335 1769 418 1803 item
438 1768 514 1803 Leo
532 1782 657 1809 nonuS‚
678 1769 875 1815 Gregorius
892 1768 1018 1811 sextus,
1038 1771 1120 1805 item
1140 1770 1337 1816 Gregorius
1354 1769 1529 1816 septimus,
1558 1769 1667 1803 Alex-

190 1825 299 1859 ander
317 1823 497 1865 secundus,
527 1825 734 1872 StephanuS‚
754 1825 880 1859 Victor
897 1827 1031 1867 tertius,
1061 1826 1226 1861 Urbanus
1244 1825 1426 1866 secundus,
1457 1824 1603 1859 Pascalis
1620 1824 1667 1858 se-

192 1881 326 1916 cundus
339 1886 374 1915 et
388 1880 547 1915 Gelafius
560 1880 741 1922 secundus,
761 1880 899 1916 ecclefie
915 1882 1076 1916 Romane
1090 1882 1284 1928 pontificeS‚
1299 1881 1415 1916 locum
1431 1879 1538 1928 ipsum
1557 1879 1668 1927 fingu-

192 1938 273 1971 laris
291 1937 489 1971 dilectionis
507 1950 545 1971 ac
563 1937 732 1972 libertatis
746 1938 968 1984 prerogativa
986 1938 1163 1972 donarunt
1182 1942 1216 1971 et
1233 1937 1393 1971 universa
1411 1937 1441 1971 ei
1459 1937 1670 1983 pertinentia

191 1993 455 2039 privilegiorum
474 1992 614 2028 suorum
632 1993 868 2028 sanctionibus
887 1994 1102 2028 munierunt.
1156 1993 1333 2027 Statutum
1360 1992 1406 2027 est
1431 1993 1524 2026 enim
1550 1997 1590 2026 ut
1616 2004 1669 2026 ec-

193 2048 290 2083 clefie
310 2062 441 2089 omnes,
462 2050 642 2090 cimiteria,
662 2050 836 2090 monachi,
856 2050 972 2084 clerici
991 2055 1025 2084 et
1043 2049 1120 2083 laici
1138 2047 1297 2089 universi,
1319 2048 1409 2082 infra
1425 2048 1594 2082 terminos
1611 2047 1669 2081 ha-

193 2106 341 2140 bitantes
359 2106 418 2152 qui
435 2105 514 2140 sunt
532 2119 552 2139 a
569 2106 645 2140 rivo
664 2106 706 2140 de
727 2106 853 2153 Salnay
872 2112 905 2140 et
923 2105 965 2140 ab
984 2104 1124 2139 ecclefia
1151 2103 1288 2139 Rufiaci
1315 2109 1350 2138 et
1376 2116 1478 2138 cruce
1510 2104 1553 2138 de
1582 2103 1669 2137 Lor-

193 2168 289 2201 nant,
310 2175 329 2195 a
347 2162 498 2196 termino
517 2174 656 2208 quoque
670 2161 862 2196 molendini
882 2162 924 2196 de
943 2159 1131 2201 Tornasac,
1151 2173 1214 2207 per
1227 2160 1345 2194 villam
1361 2172 1428 2205 que
1443 2160 1570 2193 dicitur
1581 2159 1669 2193 Var-

195 2217 308 2250 rentia
326 2229 405 2251 cum
423 2230 567 2252 nemore
587 2217 755 2260 Bursei03
783 2231 804 2252 a
821 2218 972 2252 termino
1000 2217 1103 2251 etiam
1122 2217 1180 2262 qui
1199 2216 1325 2250 dicitur
1344 2215 1477 2249 Periois
1494 2215 1538 2249 ad
1555 2215 1667 2250 rivum

194 2272 300 2317 usque
315 2272 453 2319 Salnay,
472 2273 533 2308 sub
548 2273 732 2320 apostolice
744 2279 881 2308 tantum
895 2273 982 2308 sedis
995 2273 1077 2320 jure
1092 2278 1125 2306 et
1137 2272 1286 2307 tuitione
1298 2276 1536 2318 permaneant,
1556 2282 1668 2315 neque

194 2326 294 2374 ipsius
322 2328 556 2364 Cluniaeenfis
575 2330 643 2365 loci
672 2330 849 2377 preibiteri
881 2336 941 2364 aut
971 2330 1074 2364 etiam
1093 2328 1312 2375 parrochiani
1343 2327 1388 2361 ad
1414 2325 1591 2373 cujussibet
1608 2325 1668 2359 niii
