1870 2683
742 275 812 309 DE
841 275 1109 311 PASSELET.
1596 286 1666 316 383

181 369 337 404 officialis
356 371 451 404 curie
471 369 691 416 Glaiguensis
709 371 765 416 qui
785 384 849 418 pro
868 377 1026 418 tempore
1044 373 1160 414 fuerit,
1192 386 1255 420 per
1282 373 1387 408 solam
1415 375 1665 423 inspectionem

180 426 347 473 presentis
374 427 603 466 instrumenti,
636 426 703 461 fine
722 427 836 473 aliqua
855 428 914 461 lite
935 428 990 461 vel
1012 428 1159 475 judicio,
1192 429 1227 463 in
1256 443 1311 464 me
1334 436 1368 464 et
1399 431 1544 466 heredes
1572 446 1666 468 meos

180 484 366 519 sententias
385 483 609 531 suspenfionis
628 491 662 518 et
681 485 1050 519 excommnnicationis
1068 483 1168 532 possit
1185 487 1421 533 promulgare,
1443 488 1577 523 easdem
1594 502 1665 524 11011

182 540 341 574 relaxans
355 540 533 586 quousque
549 547 688 574 centuni
703 540 829 574 solidos
842 541 1096 587 sterlingorum,
1114 543 1256 577 nomine
1271 555 1372 589 pene,
1386 544 1513 579 fabrice
1527 545 1665 580 00010110

181 595 412 642 Glasguenfis,
434 604 468 630 et
486 597 571 630 alios
589 603 729 630 centuni
748 596 874 631 solidos
892 597 1004 632 eidem
1024 597 1198 632 Nicholao
1217 605 1251 633 et
1280 599 1465 634 heredibus
1482 601 1548 635 suis
1567 609 1601 636 et
1619 601 1666 636 as-

181 650 330 698 signatis,
351 653 493 686 nomine
506 653 738 698 dampnorum
753 653 892 687 suorum
906 660 940 688 et
959 654 1196 700 expensarum,
1210 654 1489 702 persolverimuS,
1504 659 1666 703 quotiens

181 713 304 742 contra
322 707 409 742 istud
428 708 557 742 factum
578 722 692 743 meum
714 715 748 743 et
766 710 1005 744 venditionem
1021 709 1329 758 presiunpserimus
1343 713 1464 747 venire
1479 728 1487 755 3
1516 715 1665 760 presenti

181 763 428 798 nichilominus
447 763 572 810 scripto
592 765 627 798 111
646 765 705 798 suo
725 765 829 811 pleno
848 766 975 800 robore
993 767 1175 801 duraturo.
1229 767 1276 802 Et
1301 769 1344 802 ad
1374 771 1491 803 onmia
1507 769 1666 817 premifla

181 820 217 853 in
231 820 392 854 omnibus
405 821 558 854 articulis
576 820 725 854 fideliter
743 822 1001 868 imperpetuum
1021 822 1245 863 observanda,
1266 836 1332 864 1110,
1352 824 1498 859 heredes
1517 838 1612 861 meos
1631 834 1665 861 et

181 874 363 922 assignatos
394 882 429 910 et
459 877 576 910 omnia
596 876 685 910 bona
703 877 817 911 nostra
844 878 984 912 mobilia
1012 884 1046 912 et
1077 879 1278 919 immobilia,
1308 879 1426 914 habita
1443 886 1477 914 et
1495 881 1662 922 habenda,

181 931 342 978 predicto
361 931 546 972 Nicliolao,
568 932 752 965 heredibus
771 939 805 966 et
823 931 995 979 assignatis
1014 933 1080 968 suis
1099 947 1160 981 per
1179 940 1337 968 tenorem
1351 934 1562 982 presentium
1582 938 1665 971 obli-

180 987 260 1032 gavi
278 993 313 1021 et
331 987 448 1033 obligo
465 1002 473 1029 3
504 988 714 1021 renuncians
733 988 768 1021 in
788 988 853 1022 1100
872 989 965 1023 facto
984 1003 1047 1036 pro
1066 1003 1122 1024 me
1140 996 1175 1025 et
1192 990 1379 1025 heredibus
1398 993 1482 1026 meis
1509 999 1544 1027 et
1571 992 1666 1039 affig-

181 1043 271 1076 natis
289 1043 382 1076 omni
405 1043 496 1089 juris
515 1044 671 1078 remedio
691 1050 761 1078 tam
781 1045 938 1079 canonici
958 1059 1059 1091 quam
1081 1046 1200 1086 civilis,
1230 1053 1264 1081 et
1282 1048 1464 1094 privilegio
1484 1061 1586 1083 cruce
1606 1048 1665 1095 fig-

182 1105 264 1134 nato
284 1100 421 1134 indulto
440 1100 495 1134 vel
515 1100 744 1146 indulgendo,
776 1106 810 1134 et
841 1101 934 1134 omni
963 1102 1172 1149 exceptioni,
1205 1103 1429 1144 cavillationi,
1457 1109 1492 1138 et
1517 1105 1665 1139 maxime

182 1156 276 1202 regie
294 1156 521 1203 prohibitioni
552 1162 586 1190 et
618 1157 778 1191 omnibus
797 1157 871 1190 aliis
890 1157 1013 1191 litteris
1043 1171 1063 1191 a
1090 1171 1297 1204 quacunque
1318 1159 1414 1193 curia
1439 1160 1494 1194 vel
1521 1160 1667 1208 persona

182 1214 374 1260 impetratis
388 1213 443 1247 vel
460 1214 696 1260 impetrandis,
718 1220 752 1247 et
764 1213 925 1247 omnibus
938 1213 1012 1247 aliis
1031 1219 1065 1248 et
1082 1213 1222 1260 lingulis
1237 1227 1304 1260 que
1318 1215 1421 1249 michi
1435 1221 1469 1250 et
1481 1216 1666 1251 heredibus

182 1269 268 1302 meis
286 1275 408 1303 contra
426 1267 584 1315 premiss'a
604 1270 637 1302 in
656 1269 773 1315 aliquo
793 1268 917 1316 poflint
935 1267 1092 1316 prodeffe
1111 1275 1146 1304 et
1165 1270 1261 1305 dieto
1286 1270 1460 1306 Nicholao
1480 1278 1515 1306 et
1532 1273 1666 1307 heredi·

183 1324 246 1359 bus
264 1325 330 1359 suis
349 1325 403 1359 vel
423 1325 489 1359 suis
508 1323 680 1371 assignatis
699 1324 822 1360 obeffe.
879 1326 923 1360 In
942 1325 1039 1372 cujus
1057 1326 1107 1360 rei
1125 1325 1372 1368 testimonium,
1392 1333 1462 1362 tam
1481 1329 1525 1362 ad
1543 1328 1666 1363 instan-

182 1381 265 1414 tiam
298 1386 332 1415 et
361 1381 565 1427 petitionem
595 1393 704 1414 meam
735 1394 837 1427 quan]
858 1382 942 1416 dieti
970 1382 1144 1423 Nicholai,
1174 1380 1322 1429 sigillum
1350 1396 1536 1419 commune
1565 1384 1666 1431 burgi

184 1436 405 1484 Glasguenlis
425 1450 572 1471 unacum
592 1436 700 1483 figillo
720 1438 939 1473 officialitatis
958 1437 1180 1484 Glalfguenfis
1198 1444 1232 1473 et
1250 1437 1359 1485 figillo
1378 1440 1511 1474 domini
1540 1441 1664 1476 Archi-

183 1494 320 1528 diaconi
340 1493 491 1541 ejusden]
511 1500 546 1528 et
564 1492 673 1540 sigillo
692 1508 770 1528 meo
790 1496 943 1542 proprio,
974 1494 1123 1542 presenti
1156 1502 1250 1532 carte
1269 1498 1315 1532 est
1333 1496 1533 1545 appensum.
1586 1497 1666 1532 Hiis

182 1550 332 1591 testibus,
353 1550 375 1586 J
379 1550 516 1584 ohanne
538 1550 697 1590 Dunber,
718 1550 881 1586 ,Iohanne
900 1551 943 1585 de
962 1552 1114 1593 Gowan,
1135 1553 1158 1588 J
1161 1554 1299 1588 ohanne
1319 1554 1473 1594 Plumer,
1502 1553 1665 1588 ι1011311110

183 1606 277 1647 Scot,
309 1606 331 1642 J
335 1608 472 1641 ohanne
494 1607 651 1647 Heltrer,
682 1607 838 1641 Vl'altero
869 1607 1067 1655 Pellipario‚
1101 1608 1265 1644 ι1011311110
1294 1609 1496 1650 Aurifabro,
1528 1615 1562 1644 et
1592 1615 1665 1644 tota

183 1664 434 1698 communitate
453 1664 554 1711 burgi
573 1662 805 1710 Glasguenfis,
826 1669 861 1698 et
879 1664 998 1699 multis
1019 1664 1103 1699 aliis.

184 1831 243 1866 De
261 1831 385 1866 eodem
404 1832 441 1866 in
459 1832 649 1866 excambio.

185 1944 465 1979 UNIVERSIS
483 1944 600 1978 fauete
618 1944 738 1977 matris
756 1943 894 1978 ecclefie
912 1944 991 1978 filiis
1008 1945 1184 1992 presentes
1208 1946 1339 1980 litteras
1358 1946 1477 1980 visuris
1496 1947 1552 1981 vel
1569 1948 1664 1981 audi-

184 2001 272 2035 turis
292 2001 501 2035 Alexander
520 2000 611 2034 filius
630 1999 806 2045 quondam
828 2000 971 2034 Ricardi
999 2001 1114 2035 nuntii
1132 2001 1174 2035 de
1195 2000 1339 2047 Glasgw
1358 2007 1513 2036 eternam
1533 2002 1569 2036 in
1590 2003 1664 2036 Do-

183 2057 279 2091 mino
298 2056 453 2091 salutem.
507 2056 657 2091 Noverit
674 2054 877 2089 universitas
894 2056 1004 2090 vestra
1022 2070 1077 2091 me
1096 2055 1258 2104 recepifl'e
1278 2063 1312 2090 et
1330 2055 1481 2091 habuiffe
1496 2058 1661 2104 plenarie,

182 2126 245 2160 per
265 2126 388 2147 manus
407 2113 561 2147 Gilberti
580 2112 665 2145 [116ὶί
685 2112 727 2145 (10
746 2124 881 2145 camera
911 2112 1044 2147 domini
1077 2112 1123 2146 R.
1156 2112 1226 2146 Dei
1255 2113 1368 2158 gratia
1398 2112 1546 2160 episcopi
1565 2113 1664 2149 Glas-

181 2169 327 2216 guenfiS,
361 2171 513 2216 quinque
534 2181 665 2203 marcas
683 2168 857 2203 bonorum
876 2173 911 2202 et
929 2168 1093 2214 legalium
1112 2167 1354 2214 sterlingorum
1375 2169 1410 2202 in
1429 2169 1553 2214 quibus
1571 2170 1663 2205 idem

183 2228 367 2263 Gilbertus
386 2228 469 2261 mihi
489 2227 674 2262 tenebatur
692 2227 827 2260 ratione
846 2224 1014 2260 excambii
1040 2223 1123 2258 facti
1142 2224 1234 2258 inter
1252 2237 1315 2257 nos
1334 2224 1377 2258 de
1396 2224 1570 2271 burgagiis
1588 2226 1663 2260 nos-

181 2285 254 2325 tris,
284 2285 327 2319 (10
345 2284 469 2330 quibus
488 2283 663 2330 burgagiis
682 2288 776 2317 carta
793 2281 894 2329 super
913 2281 1008 2315 dieto
1027 2279 1206 2314 excambio
1224 2280 1316 2314 inter
1334 2293 1397 2314 nos
1416 2281 1577 2316 confecta
1592 2283 1663 2329 ple-

180 2352 261 2374 nam
280 2338 509 2387 specificando
539 2338 621 2373 facit
647 2338 874 2372 mentionem.
929 2337 998 2370 Pro
1027 2335 1152 2382 quibus
1169 2336 1322 2382 quinque
1342 2337 1464 2372 marcis
1495 2343 1529 2372 et
1560 2339 1662 2374 etiam
