1870 2683
695 276 766 312 DE
794 254 1064 314 PASSEI'AET.
1528 286 1599 319 303

121 373 259 408 ominus
277 373 525 421 presumentes,
547 374 628 409 licet
645 374 687 408 ab
707 375 826 409 eadem
847 374 924 411 sede
955 377 989 411 id
1020 377 1094 411 fieri
1123 377 1265 413 cuilibet
1283 379 1467 414 inhibitum
1487 379 1525 414 fit
1544 393 1599 414 ex-

118 428 239 478 preffe.
275 430 331 465 Ad
350 431 426 472 hec,
440 444 518 466 cum
534 444 595 466 vos
610 437 643 466 et
658 431 781 466 fratres
793 431 893 466 vestri
911 433 1056 468 ubilibet
1074 440 1330 469 commorantes
1348 437 1526 471 conveniri
1545 438 1601 472 vel

117 487 210 521 ultra
228 487 314 522 duas
333 487 441 522 dietas
459 501 479 522 a
497 487 710 522 monasteriis
728 488 846 523 vestris
865 489 907 523 ad
921 488 1093 535 judicium
1109 491 1263 537 pertrahi
1282 491 1340 526 seu
1358 492 1402 526 ad
1422 492 1602 540 cujussibet

118 542 351 590 provisionem
370 543 532 591 compelli
563 557 626 591 per
655 544 788 578 litteras
806 544 1008 591 apostolicas
1026 559 1097 580 non
1116 545 1256 593 poflitis‚
1289 560 1353 582 nec
1380 548 1481 583 alicui
1502 549 1603 584 liceat

117 600 329 634 auctoritate
346 599 497 648 ipsarum
523 600 559 634 in
586 600 709 635 fratres
727 599 816 647 ipsos
840 601 1122 647 jurisdictionem
1154 603 1303 650 aliquam
1333 617 1509 646 exercere,
1543 606 1601 640 nisi

118 656 239 691 eedem
257 656 373 691 littere
391 656 531 703 plenam
560 657 602 691 de
631 656 754 690 ordine
772 656 884 691 vestro
914 663 948 691 et
979 658 1199 704 indulgentia
1219 660 1315 694 vobis
1340 660 1442 708 super
1469 662 1532 696 hiis
1560 663 1602 697 ab

118 713 240 748 eadem
258 713 338 748 sede
356 711 513 748 conceffa
529 713 677 747 fecerint
695 713 922 754 mentionem,
943 713 1001 761 ipfi
1015 715 1140 762 prelati
1159 722 1193 750 et
1211 716 1266 750 alii
1286 730 1306 750 a
1323 716 1401 752 sede
1416 719 1601 765 apostolica

115 770 263 817 delegati
282 770 537 817 indulgentiam
555 768 752 817 hujusmodi
771 770 954 805 voluntate
972 772 1114 818 propria
1128 784 1199 806 non
1214 771 1400 813 servantes,
1420 774 1598 821 superbiis

114 839 176 861 vos
194 825 305 873 sepius
322 831 513 873 aggravant
531 831 566 860 et
584 825 801 873 perturbant.
856 826 1069 862 Audivimus
1086 833 1256 874 preterea,
1277 829 1371 875 quod
1383 842 1455 864 non
1468 831 1598 865 medio-

115 883 220 917 criter
237 888 357 917 movet
374 895 438 916 nos
456 895 521 917 nec
539 882 715 916 modicum
734 882 881 929 derogat
898 883 1061 923 libertati,
1094 884 1188 930 quod
1214 885 1321 931 aliqui
1346 886 1470 932 prelati
1490 888 1597 921 eccle-

115 937 239 973 fiarum
257 944 292 973 et
310 938 473 973 officiales
492 950 614 972 eorum
633 938 714 973 licet
726 939 762 972 in
776 951 838 972 vos
850 944 885 972 et
899 938 983 972 alios
1002 939 1134 973 ordinis
1153 939 1389 975 Cluniacenlis
1408 943 1598 977 monachos

115 995 170 1030 vel
189 995 373 1030 conversos
390 994 536 1029 ubilibet
553 1001 822 1035 commorantes,
854 1008 919 1042 pro
938 1008 980 1029 eo
998 996 1093 1041 quod
1112 995 1187 1030 estis
1207 997 1406 1044 Apostolice
1426 998 1513 1033 {edis
1531 1000 1599 1046 pri-

114 1051 248 1097 vilegiis
266 1056 301 1086 et
318 1051 546 1098 indulgentiis
565 1051 782 1092 communiti,
803 1051 852 1086 eis
869 1064 942 1086 non
960 1052 1062 1086 liceat
1081 1053 1455 1089 excommunicationis
1474 1061 1534 1089 aut
1548 1056 1598 1089 in-

115 1107 255 1142 terdicti
273 1106 480 1143 sententiam
498 1107 735 1157 promulgare,
754 1108 791 1142 in
809 1107 982 1142 molentes
995 1114 1113 1143 tamen
1125 1109 1162 1143 in
1175 1109 1386 1145 molendinis
1401 1116 1435 1145 et
1449 1124 1599 1157 coquen-

116 1170 167 1198 tes
185 1164 221 1197 in
239 1164 362 1205 furnis,
394 1164 432 1198 in
462 1164 709 1199 contrahentes
727 1163 902 1198 vobiscum
921 1164 1182 1212 quibuscunque
1202 1167 1452 1209 contractibus,
1480 1169 1516 1202 in
1534 1167 1600 1203 ser-

115 1221 250 1255 vientes
266 1225 300 1255 et
318 1220 464 1255 familias
482 1220 619 1261 vestras
636 1221 672 1255 in
686 1221 842 1255 locantes
857 1221 904 1255 eis
919 1234 1042 1269 operas
1055 1221 1141 1263 suas,
1158 1223 1193 1256 in
1205 1223 1283 1257 illos
1297 1224 1400 1258 etiam
1416 1225 1473 1270 qui
1490 1223 1601 1259 miffas

117 1282 151 1311 et
170 1277 272 1311 horas
290 1277 417 1312 vestras
430 1277 589 1317 audiunt,
610 1277 772 1317 decimas,
793 1277 950 1312 redditus
969 1284 1004 1312 et
1022 1278 1216 1313 oblationes
1233 1292 1273 1314 ac
1291 1280 1357 1314 alia
1374 1280 1472 1315 vobis
1485 1281 1601 1315 debita

116 1334 281 1374 reddunt,
312 1333 371 1368 seu
389 1333 473 1368 alias
491 1333 588 1368 vobis
606 1334 878 1374 communicant,
911 1338 944 1368 et
963 1335 1334 1370 excommunicationis
1360 1342 1395 1370 et
1421 1336 1599 1371 interdicti

116 1389 303 1424 sententias
320 1390 506 1424 fulminare
536 1403 575 1424 ac
606 1388 839 1425 concelliones
857 1396 928 1425 tam
958 1390 1000 1424 ab
1032 1404 1155 1426 eorum
1182 1390 1478 1439 predecessoribus
1496 1407 1600 1439 quam

118 1442 193 1482 aliis
212 1446 338 1481 Christi
356 1446 516 1481 fidelibus
534 1446 742 1481 liberalitate
761 1448 817 1494 pia
835 1453 870 1482 ct
887 1448 1035 1496 provida
1053 1449 1167 1484 ordini
1186 1450 1297 1485 vestro
1312 1451 1421 1485 factas
1435 1463 1600 1486 revocare

118 1504 300 1538 voluntate
318 1504 470 1551 propria,
504 1516 548 1538 ne
574 1503 728 1538 dicamus
757 1505 873 1551 potius
891 1505 1098 1546 temeritate,
1126 1505 1343 1553 presumunt,
1363 1506 1455 1541 bona
1481 1509 1600 1553 quein

117 1573 239 1595 eorum
258 1560 485 1595 continentur
504 1558 693 1594 diocefibus
711 1560 867 1594 arrestari
898 1561 955 1595 vel
985 1561 1135 1597 detineri
1166 1562 1299 1597 tamdiu
1317 1576 1380 1610 per
1399 1563 1600 1598 violentiam

116 1617 291 1657 facientes,
324 1616 436 1650 donec
466 1614 568 1663 super
586 1616 651 1650 hiis
669 1629 791 1650 eorum
810 1616 985 1651 voluntati
1014 1617 1120 1652 fuerit
1147 1617 1371 1660 satisfactum,
1404 1619 1487 1654 alias
1505 1620 1602 1654 vobis

117 1675 319 1721 gravamina
349 1680 383 1709 et
414 1674 558 1720 injurias
577 1673 817 1721 multipliciter
834 1674 1018 1708 inferendo
1036 1689 1044 1716 ;
1073 1673 1185 1721 ficque
1212 1675 1250 1710 fit
1268 1681 1308 1710 ut
1326 1677 1502 1724 exemptio
1521 1690 1602 1711 con-

117 1729 204 1765 ceffa
218 1730 315 1764 vobis
333 1731 432 1764 causa
449 1730 558 1765 solatii
577 1736 611 1764 et
629 1730 754 1776 quietis
765 1730 877 1777 pariat
894 1730 992 1764 vobis
1007 1731 1223 1778 dispendium
1239 1738 1273 1766 et
1288 1733 1442 1767 laborem
1458 1746 1466 1767 ε
1494 1747 1600 1780 quare

119 1787 218 1821 nobis
235 1787 414 1821 humiliter
432 1786 642 1834 supplicastis
659 1794 698 1821 ut
716 1787 821 1822 tantis
839 1786 956 1821 vestris
973 1788 1234 1833 gravaminibus
1262 1795 1296 1824 et
1321 1789 1470 1836 jacturis
1488 1792 1602 1838 provi-

120 1844 202 1878 dere
221 1843 488 1877 misericorditer
506 1855 719 1878 curaremus.
773 1842 849 1877 Nos
867 1844 994 1890 itaque,
1023 1845 1067 1878 ad
1094 1844 1197 1880 instar
1224 1846 1332 1880 felleis
1350 1848 1601 1882 recordationis

122 1899 318 1934 Alexandri
352 1899 429 1939 iiii²³‚
468 1898 662 1933 Clementis
690 1899 768 1939 iiiiffi,
802 1899 937 1934 Urbani
968 1900 1034 1934 iiiiti
1066 1906 1099 1935 et
1134 1900 1309 1936 Nicholaii
1340 1904 1445 1944 tertii,
1481 1904 1602 1951 prede-

121 1955 289 1991 cessorum
307 1954 515 1996 nostrorum,
538 1955 782 1990 Romanorum
800 1956 1018 2002 pontificum,
1038 1957 1199 1992 nolentes
1226 1958 1268 1992 de
1295 1964 1412 1994 cetero
1432 1965 1502 1993 tam
1521 1960 1603 1993 abu-

122 2012 205 2047 sivas
223 2012 449 2047 enormitates
467 2011 524 2046 seu
544 2018 614 2046 tam
633 2025 795 2047 enormes
812 2011 947 2053 abusus,
968 2025 1039 2047 non
1058 2013 1183 2060 absque
1202 2014 1385 2061 apostolice
1398 2016 1483 2050 sedis
1501 2029 1602 2051 exco-

120 2070 248 2115 gitatos
266 2068 404 2115 injuria,
425 2067 598 2108 sustinere,
620 2068 817 2115 hujusmodi
835 2069 1206 2104 excommunicationis
1225 2076 1259 2104 et
1277 2071 1456 2106 interdicti
1467 2072 1602 2107 senten-

121 2126 185 2159 tias
204 2131 238 2159 et
257 2124 323 2158 alia
340 2123 538 2170 supradicta
555 2130 679 2158 contra
697 2124 849 2170 ejusdem
867 2125 953 2159 sedis
973 2125 1109 2159 indulta
1138 2126 1173 2159 in
1203 2126 1352 2161 vestrum
1370 2128 1602 2175 prejudicium

121 2182 197 2216 fieri
228 2180 439 2215 auctoritate
469 2180 681 2227 presentium
700 2180 886 2216 districtius
905 2181 1111 2221 inhibemus,
1145 2182 1373 2218 decernentes
1403 2184 1540 2219 irritum
1570 2192 1604 2220 et

123 2238 225 2272 inane
243 2235 267 2271 fi
284 2235 368 2282 quid
387 2241 510 2271 contra
527 2236 771 2270 inhibitionem
789 2236 987 2284 hujusmodi
1014 2236 1116 2284 super
1142 2237 1309 2284 premiffis
1335 2239 1440 2274 fuerit
1458 2247 1604 2289 attemp-

122 2299 245 2328 tatum.
298 2292 399 2327 Nulli
430 2305 514 2339 ergo
545 2293 689 2326 omnino
707 2293 889 2327 hominum
909 2293 1011 2327 liceat
1042 2294 1130 2328 hanc
1160 2296 1322 2342 paginam
1349 2296 1463 2332 nostre
1481 2298 1604 2332 inhibi-

125 2350 229 2384 tionis
248 2355 282 2384 et
301 2348 554 2384 constitutionis
572 2349 762 2395 infringere
781 2349 836 2384 vel
868 2350 898 2383 ei
930 2350 1012 2384 ausu
1030 2351 1216 2385 temerario
1236 2352 1420 2387 contraire.
1474 2354 1507 2389 Si
1527 2356 1603 2400 quis

1647 567 1777 595 Exemptiu.
