1839 2652
717 269 787 303 DE
821 268 1090 303 PASSELET.
1585 271 1654 309 269

175 421 383 469 Preceptum
403 428 437 456 et
455 428 550 456 carta
568 422 700 456 domini
718 422 809 468 regis
829 421 945 456 Scotie
962 421 1085 458 Jacobi
1104 422 1228 468 quarti,
1257 434 1321 469 pro
1341 421 1480 457 Abbate
1508 428 1543 457 et
1571 435 1652 457 conu

172 484 281 512 ventu
300 477 452 524 ejusdem
471 478 538 512 loci
558 483 592 512 et
612 477 722 524 burgo
742 478 784 512 de
805 476 948 511 Passeto.

171 589 401 625 JACOBUS
441 590 511 624 Dei
539 590 651 636 gratia
684 603 747 624 rex
778 590 964 624 Scotorum
994 588 1277 625 reverendiss'nno
1317 591 1353 625 in
1397 591 1533 626 Christo
1561 594 1651 639 patri

172 645 379 679 Alexandro
395 645 645 680 Sanctiandree
660 644 915 692 archiepiscopo
931 646 1140 680 cancellario
1154 646 1271 681 nostro
1286 645 1441 681 [alutem.
1480 648 1574 689 Quia
1588 661 1652 682 nos

171 701 208 734 in
225 702 352 735 minori
371 707 463 736 etate
481 702 595 735 nostra
621 702 825 741 creavimus,
846 701 990 735 fecimus
1009 707 1043 736 et
1060 702 1315 737 infeodavimus
1334 704 1450 737 villam
1471 705 1513 738 (le
1534 704 1652 752 Passay

170 758 405 803 pertinentem
424 757 614 792 venerabili
643 758 679 791 in
706 756 842 791 Christo
861 757 951 803 patri
969 770 1008 791 ac
1027 756 1220 792 confiliario
1239 758 1356 793 nostro
1387 760 1518 794 dilecto
1537 761 1651 796 abbati

172 813 333 848 Roberto
351 813 457 848 nostri
485 813 680 847 monasterii
710 813 753 846 de
785 812 919 847 Passeto
947 818 982 847 et
1013 814 1203 847 conventui
1234 813 1398 861 ejusdem,
1427 828 1567 851 necnon
1592 817 1652 864 ipfi

171 869 378 904 monasterio
396 869 513 903 nostro
531 869 722 909 antedicto,
742 868 778 902 in
796 868 945 902 liberum
963 868 1114 914 burgum
1141 869 1177 902 in
1205 869 1358 911 baronia,
1392 884 1470 905 cum
1490 873 1651 907 omnibns

169 925 359 972 privilegiis
377 930 412 959 et
425 925 642 959 libertatibus
657 925 768 959 eidem
784 924 1049 971 pertinentibus,
1065 937 1127 971 per
1139 932 1270 959 cartam
1283 926 1431 969 nostram
1447 926 1508 961 sub
1523 941 1650 975 magno

169 979 279 1027 figillo
298 981 414 1015 nostro
433 981 481 1015 eis
500 980 647 1027 desuper
665 981 885 1015 confectam:
926 986 961 1014 et
991 993 1086 1014 nunc
1114 994 1178 1015 nos
1205 982 1249 1015 ad
1279 983 1470 1029 perfectam
1501 984 1650 1019 nostram

169 1042 297 1071 etatem
316 1036 509 1077 existentes,
538 1042 572 1071 et
590 1037 663 1084 post
681 1049 802 1071 omnes
820 1036 1061 1071 revocationes
1079 1037 1210 1071 nostras
1235 1039 1417 1084 generales
1436 1045 1471 1074 et
1488 1039 1650 1087 speciales

168 1092 277 1127 factas
295 1093 338 1127 de
357 1092 517 1127 omnibus
536 1093 782 1127 donationibus
801 1098 835 1127 et
853 1093 1149 1128 infeodationibus
1166 1107 1228 1141 per
1253 1107 1318 1129 nos
1345 1095 1381 1129 in
1412 1097 1540 1130 minori
1558 1103 1649 1132 etate

167 1148 284 1183 nostra
300 1149 411 1189 saetis,
431 1149 596 1183 nolumus
614 1149 709 1195 quod
726 1149 957 1196 prejudicium
977 1149 1128 1195 aliquod,
1154 1163 1345 1196 gravamen
1363 1152 1419 1186 vel
1437 1152 1648 1200 interruptio

167 1204 300 1251 prefate
318 1204 432 1239 nostre
451 1205 679 1239 infeodationi
697 1218 760 1252 per
778 1206 1018 1239 revocationes
1036 1205 1167 1240 nostras
1185 1212 1246 1241 aut
1257 1207 1340 1241 alias
1352 1208 1580 1254 quovismodo
1591 1223 1649 1256 ge-

166 1266 312 1295 neretur
328 1260 388 1295 seu
405 1261 586 1301 inferatur,
606 1260 665 1295 sed
682 1261 798 1308 potius
816 1262 852 1295 in
864 1261 1188 1297 corroborationem
1207 1268 1242 1298 et
1259 1264 1544 1299 fortificationem
1563 1265 1648 1313 ejus-

167 1317 258 1358 dem,
286 1322 322 1351 et
338 1330 403 1364 pro
421 1316 583 1363 fingulari
603 1317 791 1351 devotione
809 1330 913 1363 quam
930 1318 1084 1363 gerimus
1103 1331 1186 1365 erga
1210 1319 1400 1365 gloriosum
1420 1320 1647 1356 confefforem

166 1372 336 1407 Sanctum
356 1372 530 1407 Mil-inum
549 1386 588 1407 ac
607 1373 853 1408 monasterium
871 1373 1025 1408 nostruin
1054 1376 1272 1410 antedictum
1299 1389 1363 1423 per
1390 1378 1567 1423 quondam
1586 1392 1647 1412 no-

165 1427 340 1463 biliffimos
358 1430 602 1476 progenitores
632 1429 766 1463 nostros
799 1429 996 1470 fundatum,
1024 1431 1061 1464 in
1091 1444 1160 1477 quo
1189 1432 1299 1467 multa
1328 1432 1481 1480 ipsorum
1499 1447 1647 1482 corpora

163 1484 378 1531 sepeliuntur
397 1490 431 1519 et
449 1484 680 1531 requiescunt,
709 1497 848 1519 necnon
866 1498 930 1532 pro
948 1484 1085 1533 speciali
1111 1488 1231 1523 favore
1261 1501 1364 1535 quem
1391 1491 1545 1536 gerimus
1564 1504 1647 1537 erga

163 1540 298 1575 difflmm
317 1541 550 1576 venerabilem
583 1546 729 1588 patrem,
758 1553 822 1575 nos
840 1547 939 1576 motu
958 1543 1101 1590 proprio
1133 1549 1167 1578 et
1196 1558 1240 1578 ex
1267 1551 1363 1579 certa
1392 1545 1534 1580 scientia
1553 1560 1645 1581 crea-

163 1609 251 1638 mus,
266 1597 411 1631 facimus
429 1602 464 1631 et
482 1597 700 1631 infeodamus
718 1597 761 1632 de
779 1610 873 1632 novo
892 1611 954 1645 per
972 1598 1148 1646 presentes
1163 1600 1292 1635 dietam
1307 1601 1426 1636 villam
1442 1603 1484 1637 de
1499 1602 1642 1643 Passeto‚

162 1666 242 1688 cum
260 1653 385 1688 bondis
404 1659 439 1688 et
456 1654 677 1701 pertinentiis
695 1652 861 1700 ejusdem,
883 1654 1061 1700 jacentem
1079 1656 1169 1690 infra
1188 1657 1470 1693 vicecomitatum
1490 1659 1644 1694 nostrum

163 1710 205 1744 de
225 1709 421 1751 Reinfrow‚
441 1710 589 1744 liberum
608 1710 759 1756 burgum
778 1710 814 1744 in
832 1710 976 1745 baronia
995 1712 1091 1746 dicto
1110 1713 1301 1748 venerabili
1328 1716 1364 1749 in
1399 1715 1535 1750 Christo
1554 1718 1644 1763 patri

163 1772 198 1799 et
217 1766 406 1800 conventui
425 1778 617 1812 eorumque
635 1764 881 1801 succefforibus
899 1780 1039 1802 necnon
1057 1768 1282 1815 burgenfibus
1309 1776 1344 1805 et
1370 1771 1643 1806 inhabitantibus

163 1821 296 1855 dictum
316 1821 466 1867 burgum
494 1822 764 1868 imperpetuum.
818 1823 1054 1858 Concedimus
1081 1826 1183 1859 etiam
1217 1827 1489 1862 inhabitantibus
1520 1834 1554 1862 et
1582 1829 1642 1862 in]-

162 1876 336 1923 posterum
363 1877 605 1911 inhabitaturis
632 1878 766 1912 dictum
793 1878 942 1925 burgum
973 1881 1166 1927 plenariam
1199 1883 1402 1929 potestatem
1433 1890 1467 1918 et
1498 1884 1640 1919 liberam

162 1932 362 1966 facultatem
394 1933 533 1967 emendi
560 1939 594 1967 et
622 1934 797 1968 vendendi
816 1935 852 1968 in
871 1936 994 1970 eodem
1013 1938 1145 1978 vinum,
1167 1951 1293 1979 ceram,
1325 1953 1481 1986 pannum
1500 1942 1639 1976 laneum

163 1994 196 2021 et
215 1988 360 2028 lineum,
389 1988 496 2022 latum
519 1995 553 2023 et
571 1995 696 2030 artum,
726 1995 761 2024 et
779 2004 985 2038 quecunque
1003 1993 1071 2027 alia
1089 1995 1360 2029 marcantiarum
1377 2009 1508 2042 genera
1526 1998 1638 2032 eidem

162 2044 349 2084 venientia,
377 2056 454 2077 cum
474 2044 641 2091 potestate
659 2051 693 2079 et
712 2045 872 2080 libertate
890 2048 1040 2083 habendi
1058 2055 1092 2084 et
1119 2051 1262 2084 tenendi
1280 2051 1316 2084 in
1335 2052 1458 2085 eodem
1484 2052 1636 2099 pistores,

161 2098 373 2139 brafiatores,
401 2100 579 2134 carnifices
608 2106 642 2134 et
672 2106 743 2134 tani
762 2102 918 2137 carnium
936 2117 1040 2150 quam
1058 2104 1199 2152 piscium
1218 2107 1419 2141 venditores
1449 2114 1484 2142 et
1514 2110 1638 2144 macel-

161 2156 276 2195 larios,
305 2154 492 2201 omnesque
510 2156 595 2190 alios
613 2157 740 2190 artium
760 2159 936 2204 operarios
953 2161 997 2194 ad
1015 2161 1210 2195 libertatem
1230 2162 1329 2196 liberi
1348 2163 1449 2209 burgi
1477 2164 1512 2198 in
1538 2165 1638 2199 baro-

161 2211 220 2245 nia
236 2210 431 2257 spectantes
448 2210 507 2245 seu
525 2210 751 2257 quovismodo
770 2212 925 2259 spe&are
943 2217 1098 2251 valentes
1116 2217 1152 2250 in
1179 2218 1348 2253 futurum.
1402 2219 1637 2256 Concedimus

162 2267 264 2301 etiam
284 2265 508 2313 burgenfibus
527 2273 560 2301 et
579 2267 851 2302 inhabitantibus
869 2270 1002 2305 dictum
1021 2271 1169 2319 burgum
1189 2274 1285 2319 quod
1303 2274 1453 2310 habeant
1479 2282 1513 2311 et
1537 2277 1636 2325 poffi-

163 2325 267 2359 deaut
285 2325 320 2358 111
339 2324 462 2359 eodem
482 2337 621 2360 crucem
639 2324 784 2359 foralem
804 2331 839 2360 et
856 2326 972 2361 forum
991 2328 1046 2362 die
1064 2328 1147 2363 lune
1166 2328 1307 2376 fingulis
1325 2330 1536 2374 ebdomadis,
1556 2346 1634 2369 nec—
