1839 2652
729 271 799 306 DE
827 271 1097 307 PASSELET.
1582 281 1653 311 ‘243

172 367 311 403 versitas
328 367 440 403 vestra
456 380 520 403 nos
537 369 670 403 litteras
687 367 885 403 sanetiffimi
902 369 939 402 in
957 367 1095 404 Christo
1112 370 1220 416 patris
1234 370 1367 405 domini
1387 370 1580 407 Clementis
1598 373 1647 406 di-

172 425 254 458 vina
270 424 493 472 providentia
509 438 598 472 pape
615 424 761 472 septimi,
782 425 855 472 ejus
872 437 955 460 vera
972 425 1068 460 bulla
1093 425 1257 473 plumbea
1286 432 1321 461 et
1348 426 1494 462 cordula
1511 431 1649 476 canapis

174 493 271 515 more
292 480 453 515 Romane
472 481 567 516 curie
586 480 744 521 bullatas,
773 480 869 515 sanas
888 486 923 515 et
950 481 1103 528 integras
1121 482 1285 528 omnique
1302 482 1388 518 vitio
1407 488 1442 518 et
1459 482 1648 531 suspicione

174 542 344 577 carentes,
373 537 473 571 nobis
490 549 553 584 per
570 536 807 572 venerabilem
825 542 959 584 patrem
979 537 1161 572 dominum
1190 538 1390 573 Johannem
1421 539 1580 575 abbatem
1607 541 1650 575 de

176 591 347 628 Paffeleto
374 592 598 640 presentatas,
626 605 706 628 cum
724 605 765 627 ea
783 605 851 639 qua
869 593 986 627 decuit
1003 594 1202 628 reverentia
1219 593 1382 642 recepisse
1396 609 1406 638 ;
1435 608 1583 642 quarum
1602 602 1651 631 te-

175 662 242 684 nor
259 649 414 695 sequitur
433 654 468 683 et
486 648 533 684 est
551 649 653 691 talis3
683 647 928 683 CLEMENS
954 648 1132 697 episcopus
1161 648 1279 685 servus
1308 649 1488 686 servorum
1515 652 1585 687 Dei
1604 653 1652 686 di-

176 706 271 741 lecto
289 706 362 740 filio
381 705 519 740 officiali
538 703 764 751 Glasgwenfi‚
791 709 831 739 ut
842 705 1080 750 prescribitur
1096 706 1136 739 in
1155 706 1249 740 bulla
1266 719 1376 752 usque
1392 707 1472 749 huc,
1500 708 1654 743 laudabi—

177 762 257 797 liter
275 763 311 796 in
330 762 467 796 divinis.
521 761 601 796 Post
618 773 766 807 quarum
794 761 933 806 quidem
959 761 1155 796 litterarum
1184 762 1355 797 lefi‘fflram
1385 769 1420 798 et
1451 764 1654 811 diligentem

177 817 441 865 inspectionem,
457 817 586 852 fuimus
604 829 667 864 per
686 817 819 851 dietum
839 817 1019 851 dominum
1036 817 1212 852 Abbatem
1231 831 1310 852 cum
1328 819 1488 854 instantia
1505 820 1655 866 requisiti

178 879 218 908 ut
235 874 279 908 ad
297 873 487 908 earundem
506 872 703 907 litterarum
723 871 789 906 five
807 872 961 906 mandati
980 872 1155 920 apostolici
1182 875 1425 909 executionem
1452 876 1657 922 procedere-

180 943 256 965 mus
269 930 372 977 juxta
390 930 426 963 in
444 928 520 977 ipsis
538 930 700 964 traditam
720 930 820 964 nobis
838 930 998 964 formam.
1050 928 1127 963 Nos
1145 942 1230 963 vero
1261 930 1417 964 officialis
1447 932 1656 972 antedictus,

180 987 340 1021 volentes
358 999 437 1020 cum
458 986 554 1020 omni
574 986 773 1021 obedientia
791 991 826 1020 et
844 986 1041 1020 humilitate
1069 985 1274 1020 mandatum
1304 986 1528 1033 apostolicum
1560 987 1659 1021 nobis

182 1044 356 1078 directum
377 1041 515 1088 exsequi
533 1048 573 1077 ut
590 1048 763 1084 tenemur,
791 1043 904 1090 primo
935 1042 1005 1087 legi
1035 1041 1179 1076 fecimus
1210 1054 1327 1076 coram
1358 1043 1457 1077 nobis
1487 1044 1660 1089 quandam

181 1098 410 1147 provisionem
430 1099 559 1133 factam
579 1099 675 1134 dicto
693 1099 901 1133 monasterio
929 1099 971 1134 de
999 1097 1138 1133 ecclesia
1155 1099 1363 1146 parrochiali
1383 1100 1425 1134 de
1454 1098 1607 1147 Largyff
1626 1101 1662 1133 in

183 1154 403 1203 Glasgwenfi
422 1154 545 1190 diocesi
559 1155 693 1197 situata,
711 1161 745 1190 et
760 1155 893 1203 capella
907 1155 949 1190 de
965 1154 1145 1202 Cumbray
1161 1155 1274 1190 eidem
1289 1155 1427 1191 ecclesie
1438 1169 1587 1197 annexa,
1601 1170 1662 1204 per

183 1213 275 1247 bone
293 1212 462 1247 memorie
482 1213 664 1247 dominum
682 1212 705 1248 J
708 1213 882 1247 ohannem
900 1212 1078 1258 quondam
1098 1211 1296 1259 episcopum
1315 1212 1589 1259 Glasgwensem,
1614 1213 1663 1247 siii

186 1282 250 1316 pro
269 1275 354 1303 tunc
372 1268 538 1304 consensu
559 1269 701 1317 capituli
720 1274 975 1311 concurrente;
996 1267 1097 1315 super
1115 1281 1184 1314 qua
1201 1269 1340 1314 quidem
1356 1268 1551 1316 provisione
1569 1270 1665 1304 dieto

187 1325 395 1360 monasterio
413 1338 476 1372 per
494 1325 667 1372 prefatum
687 1326 868 1360 dominum
888 1325 1098 1372 Epiicopum
1117 1324 1210 1359 faeta
1226 1330 1266 1359 ut
1279 1326 1506 1372 premittitur,
1525 1326 1667 1360 manda-

187 1389 263 1417 tum
281 1381 348 1417 five
367 1382 484 1417 littere
502 1383 587 1417 dicti
606 1383 739 1417 domini
765 1396 854 1430 pape
879 1381 995 1429 quoad
1025 1381 1092 1416 hoe
1122 1381 1363 1429 principaliter
1393 1383 1664 1430 dependebant;

189 1439 288 1486 cujus
305 1439 447 1485 quidem
465 1439 670 1487 provisionis
689 1446 791 1474 tenor
809 1439 964 1486 sequitur
982 1439 1018 1472 in
1036 1438 1100 1472 hac
1118 1438 1231 1472 forma
1247 1453 1255 1481 3
1286 1438 1527 1474 OMNIBUS
1550 1438 1667 1473 s'anc'ce

190 1495 309 1529 matris
327 1494 466 1530 ecclesie
485 1495 564 1530 filiis
582 1496 722 1543 presens
741 1496 917 1544 scriptum,
945 1500 985 1529 ut
1005 1495 1243 1541 prescribitur
1261 1496 1300 1530 in
1317 1496 1469 1541 eiusdem
1487 1497 1594 1531 cartis
1612 1497 1669 1530 do-

189 1552 281 1586 mini
297 1552 478 1587 Jolzanm's
496 1553 650 1599 episcopi
676 1553 930 1600 Glasgwensz's,
959 1564 1069 1597 usque
1100 1552 1148 1585 ad
1176 1551 1272 1586 illam
1302 1552 1507 1593 clausulam,
1536 1558 1571 1587 et
1596 1553 1671 1587 aliis

190 1608 320 1642 multis.
370 1608 474 1643 Data
491 1621 572 1644 vero
590 1610 680 1644 dicte
699 1610 788 1645 balle
806 1609 1000 1644 secundum
1026 1608 1185 1642 ordinem
1212 1609 1252 1642 in
1282 1610 1360 1654 ipsa
1389 1614 1592 1644 contentum
1609 1609 1671 1643 (an

192 1664 348 1698 nectitur
364 1664 428 1698 sub
447 1664 514 1699 hac
516 1664 655 1711 forma,
685 1664 821 1699 Datum
841 1665 1012 1700 Avinion’
1039 1665 1075 1698 iii
1103 1664 1189 1699 Idus
1214 1664 1301 1700 Julii
1319 1666 1541 1713 pontificatus
1567 1665 1672 1700 nostri

192 1720 278 1754 dicta·
296 1721 433 1755 domini
458 1720 645 1755 Clementis
658 1733 753 1767 pape
770 1722 910 1767 septimi
939 1735 1033 1756 anno
1061 1722 1179 1756 tertio.
1232 1721 1394 1757 Tandem
1427 1736 1511 1758 vero
1539 1722 1673 1756 litteras

195 1776 382 1822 originales
400 1777 594 1811 antedictas
612 1778 737 1824 prefati
755 1778 888 1812 domini
906 1777 929 1814 J
932 1778 1080 1813 ohannis
1098 1778 1274 1824 quondam
1295 1778 1444 1826 episcopi
1470 1778 1674 1825 Glasgwen-

194 1830 233 1865 sis
251 1844 314 1878 per
331 1832 508 1867 notarium
526 1833 717 1880 publicum,
733 1847 804 1869 una
823 1847 902 1869 cum
921 1840 1045 1869 tenore
1064 1835 1159 1869 bulle
1177 1835 1362 1883 apostoliCe
1380 1836 1558 1871 antedicte
1577 1835 1675 1869 nobis

196 1888 342 1928 directe,
370 1901 486 1922 coram
507 1889 607 1923 nobis
624 1889 743 1937 inspici
763 1897 797 1925 et
815 1891 950 1938 perlegi
969 1892 1120 1926 fecimus
1140 1892 1339 1938 diligenter,
1368 1899 1402 1927 et
1420 1898 1580 1927 tenorem
1597 1905 1677 1926 con-

197 1942 353 1978 ceflionis
371 1945 495 1991 prefati
514 1946 646 1980 domini
667 1946 827 1994 Episcopi
845 1960 917 1983 una
935 1961 1015 1983 cum
1042 1954 1167 1982 tenore
1198 1949 1353 1983 mandati
1384 1948 1560 1996 apostolici
1578 1948 1678 1982 nobis

197 2002 233 2034 in
251 2001 315 2035 hac
335 2006 434 2047 parte
453 2001 589 2042 directi,
617 2016 686 2048 quo
716 2004 759 2037 ad
788 2004 1073 2040 informationem
1105 2005 1232 2040 saetam
1265 2006 1408 2039 domino
1437 2005 1552 2039 nostro
1584 2004 1677 2051 Pape

197 2057 389 2097 antedicto,
417 2057 615 2092 invenimus
634 2059 669 2092 in
689 2060 850 2094 omnibus
882 2067 917 2095 et
946 2074 1010 2108 per
1029 2062 1148 2095 onmia
1166 2062 1390 2101 concordare,
1419 2067 1453 2095 et
1484 2060 1617 2095 causam
1644 2062 1681 2094 in

198 2114 268 2161 ipsa
286 2112 502 2148 conceffione
521 2113 721 2161 affignatam
753 2116 789 2150 in
821 2117 985 2152 omnibus
1005 2130 1123 2152 verani
1143 2115 1234 2159 effe3
1263 2117 1357 2151 unde
1388 2130 1462 2157 nos,
1491 2117 1621 2151 virtute.
1648 2124 1681 2150 et

199 2170 411 2205 auffoeritate
431 2170 515 2204 dicti
535 2171 689 2205 mandati
708 2172 885 2218 apostolici
905 2173 1005 2207 nob1s
1020 2173 1115 2213 faeti,
1132 2173 1356 2207 donationem
1377 2179 1411 2208 et
1430 2171 1681 2207 conceslionem

200 2228 242 2261 de
262 2227 357 2261 dieta
374 2225 514 2261 ecclesia
532 2227 574 2261 de
594 2227 747 2274 Largyfl'
758 2234 793 2263 et
812 2229 946 2276 capella
966 2230 1078 2264 eidem
1099 2242 1246 2270 annexa,
1267 2228 1377 2276 sicque
1406 2235 1441 2264 et
1459 2230 1577 2264 omnia
1602 2230 1683 2264 inde

200 2283 326 2323 secuta,
340 2283 550 2317 auctoritate
569 2283 765 2330 apostolica,
783 2286 1005 2325 ratificamus,
1026 2286 1258 2333 approbamus
1278 2292 1311 2321 et
1330 2292 1453 2321 tenore
1472 2285 1681 2333 presentium

202 2340 448 2374 confirmamus
465 2352 472 2373 :
504 2338 646 2374 Proviso
665 2346 782 2375 tamen
802 2341 895 2387 quod
914 2343 1140 2388 parrochialiS
1159 2336 1299 2378 ecclesia
1317 2350 1351 2378 et
1375 2343 1508 2390 capella
1526 2343 1682 2390 predicte
