<?xml version="1.0" encoding="UTF-8"?>
<!DOCTYPE html PUBLIC "-//W3C//DTD XHTML 1.0 Transitional//EN"
    "http://www.w3.org/TR/xhtml1/DTD/xhtml1-transitional.dtd">
<html xmlns="http://www.w3.org/1999/xhtml" xml:lang="en" lang="en">
 <head>
  <title>
</title>
<meta http-equiv="Content-Type" content="text/html;charset=utf-8" />
  <meta name='ocr-system' content='tesseract 3.04.00' />
  <meta name='ocr-capabilities' content='ocr_page ocr_carea ocr_par ocr_line ocrx_word'/>
</head>
<body>
  <div class='ocr_page' id='page_1' title='image "./registrummonaste00mait_0214.png"; bbox 0 0 1839 2652; ppageno 0'>
   <div class='ocr_carea' id='block_1_1' title="bbox 183 282 1268 321">
    <p class='ocr_par' dir='ltr' id='par_1_1' title="bbox 183 282 1268 321">
     <span class='ocr_line' id='line_1_1' title="bbox 183 282 1268 321; baseline 0.006 -6"><span class='ocrx_word' id='word_1_1' title='bbox 183 284 251 316; x_wconf 58' lang='grc'>154</span> <span class='ocrx_word' id='word_1_2' title='bbox 585 282 900 317; x_wconf 87' lang='lat' dir='ltr'>REGISTRUM</span> <span class='ocrx_word' id='word_1_3' title='bbox 929 283 1268 321; x_wconf 85' lang='lat' dir='ltr'><strong>MONASTERII</strong></span> 
     </span>
    </p>
   </div>
   <div class='ocr_carea' id='block_1_2' title="bbox 174 376 1662 2391">
    <p class='ocr_par' dir='ltr' id='par_1_2' title="bbox 174 376 1662 2391">
     <span class='ocr_line' id='line_1_2' title="bbox 181 376 1657 430; baseline 0.008 -20"><span class='ocrx_word' id='word_1_4' title='bbox 181 376 217 410; x_wconf 87' lang='lat' dir='ltr'>in</span> <span class='ocrx_word' id='word_1_5' title='bbox 233 389 359 423; x_wconf 86' lang='lat' dir='ltr'>penam</span> <span class='ocrx_word' id='word_1_6' title='bbox 378 379 595 412; x_wconf 84' lang='lat' dir='ltr'>contumacie</span> <span class='ocrx_word' id='word_1_7' title='bbox 625 379 710 413; x_wconf 65' lang='lat' dir='ltr'>&lt;liciti</span> <span class='ocrx_word' id='word_1_8' title='bbox 740 379 923 413; x_wconf 83' lang='lat' dir='ltr'>reverendi</span> <span class='ocrx_word' id='word_1_9' title='bbox 953 381 1061 426; x_wconf 88' lang='lat' dir='ltr'>patris</span> <span class='ocrx_word' id='word_1_10' title='bbox 1089 381 1238 416; x_wconf 87' lang='lat' dir='ltr'>Roberti</span> <span class='ocrx_word' id='word_1_11' title='bbox 1257 381 1405 430; x_wconf 72' lang='lat' dir='ltr'>episcopi</span> <span class='ocrx_word' id='word_1_12' title='bbox 1423 382 1657 423; x_wconf 80' lang='lat' dir='ltr'>Lesmorenfis</span> 
     </span>
     <span class='ocr_line' id='line_1_3' title="bbox 183 432 1656 485; baseline 0.008 -20"><span class='ocrx_word' id='word_1_13' title='bbox 183 444 223 466; x_wconf 83' lang='lat' dir='ltr'>ac</span> <span class='ocrx_word' id='word_1_14' title='bbox 240 432 313 478; x_wconf 78' lang='lat' dir='ltr'>ejus</span> <span class='ocrx_word' id='word_1_15' title='bbox 330 434 577 479; x_wconf 79' lang='lat' dir='ltr'><strong>procuratoris,</strong></span> <span class='ocrx_word' id='word_1_16' title='bbox 597 434 703 474; x_wconf 84' lang='lat' dir='ltr'>citati,</span> <span class='ocrx_word' id='word_1_17' title='bbox 731 435 856 474; x_wconf 84' lang='lat' dir='ltr'>vocati,</span> <span class='ocrx_word' id='word_1_18' title='bbox 880 440 915 468; x_wconf 84' lang='lat' dir='ltr'>et</span> <span class='ocrx_word' id='word_1_19' title='bbox 937 448 1009 470; x_wconf 92' lang='lat' dir='ltr'>non</span> <span class='ocrx_word' id='word_1_20' title='bbox 1027 438 1270 484; x_wconf 80' lang='lat' dir='ltr'>comparentiS,</span> <span class='ocrx_word' id='word_1_21' title='bbox 1293 438 1397 485; x_wconf 84' lang='lat' dir='ltr'>juxta</span> <span class='ocrx_word' id='word_1_22' title='bbox 1420 439 1568 476; x_wconf 85' lang='lat' dir='ltr'>formam</span> <span class='ocrx_word' id='word_1_23' title='bbox 1586 444 1656 479; x_wconf 68' lang='lat' dir='ltr'>acti</span> 
     </span>
     <span class='ocr_line' id='line_1_4' title="bbox 183 489 1656 542; baseline 0.008 -21"><span class='ocrx_word' id='word_1_24' title='bbox 183 500 299 522; x_wconf 88' lang='lat' dir='ltr'>coram</span> <span class='ocrx_word' id='word_1_25' title='bbox 318 489 413 523; x_wconf 70' lang='lat' dir='ltr'>dicto</span> <span class='ocrx_word' id='word_1_26' title='bbox 432 490 620 524; x_wconf 82' lang='lat' dir='ltr'>venerabili</span> <span class='ocrx_word' id='word_1_27' title='bbox 639 496 737 537; x_wconf 88' lang='lat' dir='ltr'>patre</span> <span class='ocrx_word' id='word_1_28' title='bbox 764 490 898 525; x_wconf 85' lang='lat' dir='ltr'>Jacobo</span> <span class='ocrx_word' id='word_1_29' title='bbox 922 491 1043 538; x_wconf 86' lang='lat' dir='ltr'>judice</span> <span class='ocrx_word' id='word_1_30' title='bbox 1072 506 1112 527; x_wconf 85' lang='lat' dir='ltr'>ac</span> <span class='ocrx_word' id='word_1_31' title='bbox 1143 493 1386 529; x_wconf 78' lang='lat' dir='ltr'>conservatore</span> <span class='ocrx_word' id='word_1_32' title='bbox 1412 498 1656 542; x_wconf 88' lang='lat' dir='ltr'>prenominato</span> 
     </span>
     <span class='ocr_line' id='line_1_5' title="bbox 182 544 1658 596; baseline 0.008 -19"><span class='ocrx_word' id='word_1_33' title='bbox 182 544 273 578; x_wconf 89' lang='lat' dir='ltr'>inter</span> <span class='ocrx_word' id='word_1_34' title='bbox 291 545 401 580; x_wconf 65' lang='lat' dir='ltr'>dietas</span> <span class='ocrx_word' id='word_1_35' title='bbox 418 552 532 593; x_wconf 86' lang='lat' dir='ltr'>partes</span> <span class='ocrx_word' id='word_1_36' title='bbox 559 546 705 594; x_wconf 85' lang='lat' dir='ltr'>desuper</span> <span class='ocrx_word' id='word_1_37' title='bbox 735 548 898 588; x_wconf 65' lang='lat' dir='ltr'>confecti,</span> <span class='ocrx_word' id='word_1_38' title='bbox 928 548 1067 594; x_wconf 87' lang='lat' dir='ltr'>prestita</span> <span class='ocrx_word' id='word_1_39' title='bbox 1083 549 1178 596; x_wconf 91' lang='lat' dir='ltr'>prius</span> <span class='ocrx_word' id='word_1_40' title='bbox 1204 562 1267 596; x_wconf 89' lang='lat' dir='ltr'>per</span> <span class='ocrx_word' id='word_1_41' title='bbox 1297 551 1491 586; x_wconf 89' lang='lat' dir='ltr'>eorundem</span> <span class='ocrx_word' id='word_1_42' title='bbox 1511 553 1658 589; x_wconf 82' lang='lat' dir='ltr'>Abbatis</span> 
     </span>
     <span class='ocr_line' id='line_1_6' title="bbox 181 605 1660 656; baseline 0.006 -22"><span class='ocrx_word' id='word_1_43' title='bbox 181 606 214 635; x_wconf 88' lang='lat' dir='ltr'>et</span> <span class='ocrx_word' id='word_1_44' title='bbox 232 609 426 637; x_wconf 87' lang='lat' dir='ltr'>conventus</span> <span class='ocrx_word' id='word_1_45' title='bbox 444 610 708 650; x_wconf 88' lang='lat' dir='ltr'>procuratorem</span> <span class='ocrx_word' id='word_1_46' title='bbox 725 606 888 640; x_wconf 85' lang='lat' dir='ltr'>cautione</span> <span class='ocrx_word' id='word_1_47' title='bbox 900 605 1053 652; x_wconf 88' lang='lat' dir='ltr'>juridica</span> <span class='ocrx_word' id='word_1_48' title='bbox 1070 605 1113 640; x_wconf 90' lang='lat' dir='ltr'>de</span> <span class='ocrx_word' id='word_1_49' title='bbox 1130 605 1250 640; x_wconf 80' lang='lat' dir='ltr'>stando</span> <span class='ocrx_word' id='word_1_50' title='bbox 1270 612 1304 640; x_wconf 90' lang='lat' dir='ltr'>et</span> <span class='ocrx_word' id='word_1_51' title='bbox 1322 607 1478 653; x_wconf 87' lang='lat' dir='ltr'>parendo</span> <span class='ocrx_word' id='word_1_52' title='bbox 1491 607 1564 654; x_wconf 89' lang='lat' dir='ltr'>juri</span> <span class='ocrx_word' id='word_1_53' title='bbox 1577 621 1660 656; x_wconf 71' lang='lat' dir='ltr'>erg-a</span> 
     </span>
     <span class='ocr_line' id='line_1_7' title="bbox 183 657 1660 710; baseline 0.005 -18"><span class='ocrx_word' id='word_1_54' title='bbox 183 657 315 692; x_wconf 58' lang='lat' dir='ltr'>dietum</span> <span class='ocrx_word' id='word_1_55' title='bbox 334 661 567 695; x_wconf 89' lang='lat' dir='ltr'>reverendum</span> <span class='ocrx_word' id='word_1_56' title='bbox 585 667 719 708; x_wconf 88' lang='lat' dir='ltr'>patrem</span> <span class='ocrx_word' id='word_1_57' title='bbox 740 661 950 709; x_wconf 86' lang='lat' dir='ltr'>Episcopum</span> <span class='ocrx_word' id='word_1_58' title='bbox 969 660 1242 703; x_wconf 80' lang='lat' dir='ltr'>Lesmorensem,</span> <span class='ocrx_word' id='word_1_59' title='bbox 1272 667 1306 696; x_wconf 91' lang='lat' dir='ltr'>et</span> <span class='ocrx_word' id='word_1_60' title='bbox 1324 661 1458 697; x_wconf 90' lang='lat' dir='ltr'>causam</span> <span class='ocrx_word' id='word_1_61' title='bbox 1476 663 1660 710; x_wconf 84' lang='lat' dir='ltr'>sequestra-</span> 
     </span>
     <span class='ocr_line' id='line_1_8' title="bbox 181 714 1662 765; baseline 0.006 -18"><span class='ocrx_word' id='word_1_62' title='bbox 181 714 285 748; x_wconf 84' lang='lat' dir='ltr'>tionis</span> <span class='ocrx_word' id='word_1_63' title='bbox 302 716 483 751; x_wconf 64' lang='lat' dir='ltr'>fruEtuum</span> <span class='ocrx_word' id='word_1_64' title='bbox 503 717 721 752; x_wconf 81' lang='lat' dir='ltr'>ecclefiarum</span> <span class='ocrx_word' id='word_1_65' title='bbox 740 719 783 753; x_wconf 92' lang='lat' dir='ltr'>de</span> <span class='ocrx_word' id='word_1_66' title='bbox 802 717 1000 754; x_wconf 79' lang='lat' dir='ltr'>Colmanell</span> <span class='ocrx_word' id='word_1_67' title='bbox 1030 717 1211 764; x_wconf 82' lang='lat' dir='ltr'>Kylkeran</span> <span class='ocrx_word' id='word_1_68' title='bbox 1243 723 1277 752; x_wconf 89' lang='lat' dir='ltr'>et</span> <span class='ocrx_word' id='word_1_69' title='bbox 1305 718 1483 765; x_wconf 86' lang='lat' dir='ltr'>Kyllelan,</span> <span class='ocrx_word' id='word_1_70' title='bbox 1511 719 1569 754; x_wconf 88' lang='lat' dir='ltr'>sue</span> <span class='ocrx_word' id='word_1_71' title='bbox 1587 721 1662 756; x_wconf 82' lang='lat' dir='ltr'>dio·</span> 
     </span>
     <span class='ocr_line' id='line_1_9' title="bbox 182 770 1660 824; baseline 0.005 -19"><span class='ocrx_word' id='word_1_72' title='bbox 182 770 272 812; x_wconf 83' lang='lat' dir='ltr'>ceslS‚</span> <span class='ocrx_word' id='word_1_73' title='bbox 294 772 395 807; x_wconf 62' lang='lat' dir='ltr'>dietis</span> <span class='ocrx_word' id='word_1_74' title='bbox 415 773 545 808; x_wconf 82' lang='lat' dir='ltr'>Abbati</span> <span class='ocrx_word' id='word_1_75' title='bbox 565 780 599 808; x_wconf 91' lang='lat' dir='ltr'>et</span> <span class='ocrx_word' id='word_1_76' title='bbox 616 776 804 809; x_wconf 87' lang='lat' dir='ltr'>conventui</span> <span class='ocrx_word' id='word_1_77' title='bbox 833 775 876 809; x_wconf 92' lang='lat' dir='ltr'>de</span> <span class='ocrx_word' id='word_1_78' title='bbox 897 774 1041 809; x_wconf 83' lang='lat' dir='ltr'>Paffelet</span> <span class='ocrx_word' id='word_1_79' title='bbox 1058 776 1322 822; x_wconf 87' lang='lat' dir='ltr'>pertinentium,</span> <span class='ocrx_word' id='word_1_80' title='bbox 1353 776 1456 817; x_wconf 60' lang='lat' dir='ltr'>faece,</span> <span class='ocrx_word' id='word_1_81' title='bbox 1490 777 1594 824; x_wconf 84' lang='lat' dir='ltr'>ipsam</span> <span class='ocrx_word' id='word_1_82' title='bbox 1612 777 1660 813; x_wconf 88' lang='lat' dir='ltr'>se-</span> 
     </span>
     <span class='ocr_line' id='line_1_10' title="bbox 181 827 1661 879; baseline 0.004 -17"><span class='ocrx_word' id='word_1_83' title='bbox 181 827 447 873; x_wconf 83' lang='lat' dir='ltr'>questrationem</span> <span class='ocrx_word' id='word_1_84' title='bbox 465 829 646 864; x_wconf 56' lang='lat' dir='ltr'>fruetuum</span> <span class='ocrx_word' id='word_1_85' title='bbox 678 831 868 865; x_wconf 88' lang='lat' dir='ltr'>earundem</span> <span class='ocrx_word' id='word_1_86' title='bbox 899 830 1115 865; x_wconf 81' lang='lat' dir='ltr'>ecclefiarum</span> <span class='ocrx_word' id='word_1_87' title='bbox 1147 831 1190 865; x_wconf 89' lang='lat' dir='ltr'>de</span> <span class='ocrx_word' id='word_1_88' title='bbox 1209 830 1394 867; x_wconf 88' lang='lat' dir='ltr'>Colmanel</span> <span class='ocrx_word' id='word_1_89' title='bbox 1425 832 1608 879; x_wconf 78' lang='lat' dir='ltr'>Kylkeran</span> <span class='ocrx_word' id='word_1_90' title='bbox 1625 840 1661 869; x_wconf 88' lang='lat' dir='ltr'>et</span> 
     </span>
     <span class='ocr_line' id='line_1_11' title="bbox 182 883 1659 936; baseline 0.005 -19"><span class='ocrx_word' id='word_1_91' title='bbox 182 883 358 930; x_wconf 88' lang='lat' dir='ltr'>Kyllelan‚</span> <span class='ocrx_word' id='word_1_92' title='bbox 389 884 433 919; x_wconf 91' lang='lat' dir='ltr'>fic</span> <span class='ocrx_word' id='word_1_93' title='bbox 459 890 499 920; x_wconf 91' lang='lat' dir='ltr'>ut</span> <span class='ocrx_word' id='word_1_94' title='bbox 529 886 743 932; x_wconf 80' lang='lat' dir='ltr'>premittitur</span> <span class='ocrx_word' id='word_1_95' title='bbox 770 899 832 933; x_wconf 89' lang='lat' dir='ltr'>per</span> <span class='ocrx_word' id='word_1_96' title='bbox 861 888 1058 934; x_wconf 65' lang='lat' dir='ltr'>predictum</span> <span class='ocrx_word' id='word_1_97' title='bbox 1077 888 1311 922; x_wconf 87' lang='lat' dir='ltr'>reverendum</span> <span class='ocrx_word' id='word_1_98' title='bbox 1328 895 1463 935; x_wconf 85' lang='lat' dir='ltr'>patrem</span> <span class='ocrx_word' id='word_1_99' title='bbox 1483 890 1604 936; x_wconf 84' lang='lat' dir='ltr'>injuste</span> <span class='ocrx_word' id='word_1_100' title='bbox 1623 896 1659 925; x_wconf 89' lang='lat' dir='ltr'>et</span> 
     </span>
     <span class='ocr_line' id='line_1_12' title="bbox 180 940 1659 991; baseline 0.005 -18"><span class='ocrx_word' id='word_1_101' title='bbox 180 940 266 974; x_wconf 83' lang='lat' dir='ltr'>citra</span> <span class='ocrx_word' id='word_1_102' title='bbox 277 940 368 987; x_wconf 86' lang='lat' dir='ltr'>juris</span> <span class='ocrx_word' id='word_1_103' title='bbox 387 941 547 976; x_wconf 88' lang='lat' dir='ltr'>ordinem</span> <span class='ocrx_word' id='word_1_104' title='bbox 577 947 617 976; x_wconf 89' lang='lat' dir='ltr'>ut</span> <span class='ocrx_word' id='word_1_105' title='bbox 647 940 805 976; x_wconf 78' lang='lat' dir='ltr'>afferitur</span> <span class='ocrx_word' id='word_1_106' title='bbox 831 942 1034 989; x_wconf 81' lang='lat' dir='ltr'>impolitam,</span> <span class='ocrx_word' id='word_1_107' title='bbox 1062 944 1105 978; x_wconf 90' lang='lat' dir='ltr'>de</span> <span class='ocrx_word' id='word_1_108' title='bbox 1128 943 1411 991; x_wconf 88' lang='lat' dir='ltr'>jurisperitorum</span> <span class='ocrx_word' id='word_1_109' title='bbox 1442 945 1582 979; x_wconf 78' lang='lat' dir='ltr'>conlilio</span> <span class='ocrx_word' id='word_1_110' title='bbox 1600 947 1659 981; x_wconf 87' lang='lat' dir='ltr'>ha·</span> 
     </span>
     <span class='ocr_line' id='line_1_13' title="bbox 179 995 1657 1047; baseline 0.005 -18"><span class='ocrx_word' id='word_1_111' title='bbox 179 995 252 1029; x_wconf 91' lang='lat' dir='ltr'>bito</span> <span class='ocrx_word' id='word_1_112' title='bbox 281 1001 315 1030; x_wconf 87' lang='lat' dir='ltr'>et</span> <span class='ocrx_word' id='word_1_113' title='bbox 345 996 473 1037; x_wconf 89' lang='lat' dir='ltr'>secuto,</span> <span class='ocrx_word' id='word_1_114' title='bbox 497 997 711 1044; x_wconf 83' lang='lat' dir='ltr'>judicialiter</span> <span class='ocrx_word' id='word_1_115' title='bbox 732 998 964 1033; x_wconf 82' lang='lat' dir='ltr'>relaxavimus</span> <span class='ocrx_word' id='word_1_116' title='bbox 994 1006 1100 1047; x_wconf 89' lang='lat' dir='ltr'>prout</span> <span class='ocrx_word' id='word_1_117' title='bbox 1130 1006 1253 1034; x_wconf 86' lang='lat' dir='ltr'>tenore</span> <span class='ocrx_word' id='word_1_118' title='bbox 1280 999 1492 1047; x_wconf 85' lang='lat' dir='ltr'>presentium</span> <span class='ocrx_word' id='word_1_119' title='bbox 1523 1002 1657 1036; x_wconf 86' lang='lat' dir='ltr'>relaxa-</span> 
     </span>
     <span class='ocr_line' id='line_1_14' title="bbox 178 1051 1657 1099; baseline 0.004 -14"><span class='ocrx_word' id='word_1_120' title='bbox 178 1064 266 1086; x_wconf 88' lang='lat' dir='ltr'>mus.</span> <span class='ocrx_word' id='word_1_121' title='bbox 318 1051 428 1086; x_wconf 85' lang='lat' dir='ltr'>Vobis</span> <span class='ocrx_word' id='word_1_122' title='bbox 447 1053 553 1099; x_wconf 87' lang='lat' dir='ltr'>igitur</span> <span class='ocrx_word' id='word_1_123' title='bbox 571 1059 606 1088; x_wconf 89' lang='lat' dir='ltr'>et</span> <span class='ocrx_word' id='word_1_124' title='bbox 624 1053 774 1088; x_wconf 86' lang='lat' dir='ltr'>vestrum</span> <span class='ocrx_word' id='word_1_125' title='bbox 793 1055 945 1096; x_wconf 81' lang='lat' dir='ltr'>cuilibet,</span> <span class='ocrx_word' id='word_1_126' title='bbox 979 1057 1014 1090; x_wconf 89' lang='lat' dir='ltr'>in</span> <span class='ocrx_word' id='word_1_127' title='bbox 1032 1057 1163 1090; x_wconf 89' lang='lat' dir='ltr'>virtute</span> <span class='ocrx_word' id='word_1_128' title='bbox 1188 1055 1306 1091; x_wconf 65' lang='lat' dir='ltr'>sancte</span> <span class='ocrx_word' id='word_1_129' title='bbox 1325 1056 1524 1091; x_wconf 88' lang='lat' dir='ltr'>obedientie</span> <span class='ocrx_word' id='word_1_130' title='bbox 1543 1063 1578 1091; x_wconf 90' lang='lat' dir='ltr'>et</span> <span class='ocrx_word' id='word_1_131' title='bbox 1595 1057 1657 1092; x_wconf 76' lang='lat' dir='ltr'>iub</span> 
     </span>
     <span class='ocr_line' id='line_1_15' title="bbox 175 1107 1655 1160; baseline 0.003 -18"><span class='ocrx_word' id='word_1_132' title='bbox 175 1120 267 1155; x_wconf 88' lang='lat' dir='ltr'>pena</span> <span class='ocrx_word' id='word_1_133' title='bbox 283 1107 507 1155; x_wconf 72' lang='lat' dir='ltr'>suspensionis</span> <span class='ocrx_word' id='word_1_134' title='bbox 524 1122 544 1143; x_wconf 89' lang='lat' dir='ltr'>a</span> <span class='ocrx_word' id='word_1_135' title='bbox 561 1110 697 1150; x_wconf 87' lang='lat' dir='ltr'>divinis,</span> <span class='ocrx_word' id='word_1_136' title='bbox 718 1111 927 1145; x_wconf 60' lang='lat' dir='ltr'>aufitoritate</span> <span class='ocrx_word' id='word_1_137' title='bbox 946 1111 1131 1158; x_wconf 80' lang='lat' dir='ltr'>apostolica</span> <span class='ocrx_word' id='word_1_138' title='bbox 1142 1125 1211 1158; x_wconf 89' lang='lat' dir='ltr'>qua</span> <span class='ocrx_word' id='word_1_139' title='bbox 1222 1112 1402 1158; x_wconf 86' lang='lat' dir='ltr'>fungimur</span> <span class='ocrx_word' id='word_1_140' title='bbox 1418 1113 1451 1147; x_wconf 92' lang='lat' dir='ltr'>in</span> <span class='ocrx_word' id='word_1_141' title='bbox 1466 1113 1531 1147; x_wconf 88' lang='lat' dir='ltr'>hac</span> <span class='ocrx_word' id='word_1_142' title='bbox 1545 1119 1655 1160; x_wconf 88' lang='lat' dir='ltr'>parte,</span> 
     </span>
     <span class='ocr_line' id='line_1_16' title="bbox 177 1166 1657 1214; baseline 0.001 -14"><span class='ocrx_word' id='word_1_143' title='bbox 177 1179 280 1212; x_wconf 89' lang='lat' dir='ltr'>quam</span> <span class='ocrx_word' id='word_1_144' title='bbox 298 1166 334 1200; x_wconf 92' lang='lat' dir='ltr'>in</span> <span class='ocrx_word' id='word_1_145' title='bbox 352 1179 414 1200; x_wconf 90' lang='lat' dir='ltr'>vos</span> <span class='ocrx_word' id='word_1_146' title='bbox 432 1172 466 1201; x_wconf 89' lang='lat' dir='ltr'>et</span> <span class='ocrx_word' id='word_1_147' title='bbox 484 1167 520 1200; x_wconf 90' lang='lat' dir='ltr'>in</span> <span class='ocrx_word' id='word_1_148' title='bbox 538 1167 727 1213; x_wconf 84' lang='lat' dir='ltr'>quemlibet</span> <span class='ocrx_word' id='word_1_149' title='bbox 744 1168 906 1208; x_wconf 88' lang='lat' dir='ltr'>vestrum,</span> <span class='ocrx_word' id='word_1_150' title='bbox 935 1166 958 1201; x_wconf 90' lang='lat' dir='ltr'><strong>fi</strong></span> <span class='ocrx_word' id='word_1_151' title='bbox 983 1167 1106 1202; x_wconf 86' lang='lat' dir='ltr'>nostris</span> <span class='ocrx_word' id='word_1_152' title='bbox 1131 1168 1168 1201; x_wconf 90' lang='lat' dir='ltr'>in</span> <span class='ocrx_word' id='word_1_153' title='bbox 1194 1168 1257 1202; x_wconf 84' lang='lat' dir='ltr'>hac</span> <span class='ocrx_word' id='word_1_154' title='bbox 1276 1174 1374 1214; x_wconf 89' lang='lat' dir='ltr'>parte</span> <span class='ocrx_word' id='word_1_155' title='bbox 1392 1169 1564 1203; x_wconf 87' lang='lat' dir='ltr'>mandatis</span> <span class='ocrx_word' id='word_1_156' title='bbox 1582 1181 1657 1203; x_wconf 89' lang='lat' dir='ltr'>non</span> 
     </span>
     <span class='ocr_line' id='line_1_17' title="bbox 175 1223 1657 1270; baseline 0.002 -14"><span class='ocrx_word' id='word_1_157' title='bbox 175 1223 370 1269; x_wconf 87' lang='lat' dir='ltr'>parueritis,</span> <span class='ocrx_word' id='word_1_158' title='bbox 401 1223 554 1263; x_wconf 83' lang='lat' dir='ltr'>ferimus,</span> <span class='ocrx_word' id='word_1_159' title='bbox 582 1224 618 1257; x_wconf 90' lang='lat' dir='ltr'>in</span> <span class='ocrx_word' id='word_1_160' title='bbox 646 1224 709 1257; x_wconf 89' lang='lat' dir='ltr'>hiis</span> <span class='ocrx_word' id='word_1_161' title='bbox 734 1223 867 1270; x_wconf 87' lang='lat' dir='ltr'>scriptis</span> <span class='ocrx_word' id='word_1_162' title='bbox 884 1223 1000 1258; x_wconf 71' lang='lat' dir='ltr'>stricte</span> <span class='ocrx_word' id='word_1_163' title='bbox 1017 1223 1242 1270; x_wconf 86' lang='lat' dir='ltr'>precipiendo</span> <span class='ocrx_word' id='word_1_164' title='bbox 1260 1224 1466 1258; x_wconf 82' lang='lat' dir='ltr'>mandamus</span> <span class='ocrx_word' id='word_1_165' title='bbox 1484 1230 1657 1270; x_wconf 86' lang='lat' dir='ltr'>quatenus</span> 
     </span>
     <span class='ocr_line' id='line_1_18' title="bbox 176 1278 1656 1326; baseline 0.002 -14"><span class='ocrx_word' id='word_1_166' title='bbox 176 1278 308 1325; x_wconf 89' lang='lat' dir='ltr'>prefate</span> <span class='ocrx_word' id='word_1_167' title='bbox 325 1278 599 1324; x_wconf 84' lang='lat' dir='ltr'>sequestrationis</span> <span class='ocrx_word' id='word_1_168' title='bbox 613 1280 863 1314; x_wconf 80' lang='lat' dir='ltr'>relaxationem</span> <span class='ocrx_word' id='word_1_169' title='bbox 882 1279 926 1314; x_wconf 88' lang='lat' dir='ltr'>fic</span> <span class='ocrx_word' id='word_1_170' title='bbox 943 1285 983 1314; x_wconf 91' lang='lat' dir='ltr'>ut</span> <span class='ocrx_word' id='word_1_171' title='bbox 999 1279 1215 1325; x_wconf 86' lang='lat' dir='ltr'>premittitur</span> <span class='ocrx_word' id='word_1_172' title='bbox 1225 1291 1288 1325; x_wconf 89' lang='lat' dir='ltr'>per</span> <span class='ocrx_word' id='word_1_173' title='bbox 1299 1291 1363 1313; x_wconf 90' lang='lat' dir='ltr'>nos</span> <span class='ocrx_word' id='word_1_174' title='bbox 1377 1280 1506 1313; x_wconf 59' lang='lat' dir='ltr'>factam</span> <span class='ocrx_word' id='word_1_175' title='bbox 1521 1280 1656 1326; x_wconf 83' lang='lat' dir='ltr'>prefato</span> 
     </span>
     <span class='ocr_line' id='line_1_19' title="bbox 175 1333 1656 1383; baseline 0.001 -15"><span class='ocrx_word' id='word_1_176' title='bbox 175 1334 370 1369; x_wconf 86' lang='lat' dir='ltr'>reverendo</span> <span class='ocrx_word' id='word_1_177' title='bbox 388 1335 425 1368; x_wconf 87' lang='lat' dir='ltr'>in</span> <span class='ocrx_word' id='word_1_178' title='bbox 443 1334 580 1369; x_wconf 87' lang='lat' dir='ltr'>Christo</span> <span class='ocrx_word' id='word_1_179' title='bbox 597 1336 689 1383; x_wconf 88' lang='lat' dir='ltr'>patri</span> <span class='ocrx_word' id='word_1_180' title='bbox 708 1334 880 1382; x_wconf 83' lang='lat' dir='ltr'>Episcopo</span> <span class='ocrx_word' id='word_1_181' title='bbox 900 1333 1116 1369; x_wconf 89' lang='lat' dir='ltr'>Lesmorenfi</span> <span class='ocrx_word' id='word_1_182' title='bbox 1146 1334 1259 1381; x_wconf 87' lang='lat' dir='ltr'>palam</span> <span class='ocrx_word' id='word_1_183' title='bbox 1279 1340 1313 1369; x_wconf 85' lang='lat' dir='ltr'>et</span> <span class='ocrx_word' id='word_1_184' title='bbox 1330 1335 1469 1382; x_wconf 90' lang='lat' dir='ltr'>publice</span> <span class='ocrx_word' id='word_1_185' title='bbox 1487 1336 1656 1370; x_wconf 86' lang='lat' dir='ltr'>intimetis</span> 
     </span>
     <span class='ocr_line' id='line_1_20' title="bbox 176 1389 1656 1439; baseline 0.002 -15"><span class='ocrx_word' id='word_1_186' title='bbox 176 1397 209 1425; x_wconf 90' lang='lat' dir='ltr'>et</span> <span class='ocrx_word' id='word_1_187' title='bbox 227 1389 415 1432; x_wconf 68' lang='lat' dir='ltr'>insinuetis,</span> <span class='ocrx_word' id='word_1_188' title='bbox 447 1397 553 1438; x_wconf 90' lang='lat' dir='ltr'>prout</span> <span class='ocrx_word' id='word_1_189' title='bbox 571 1397 694 1426; x_wconf 87' lang='lat' dir='ltr'>tenore</span> <span class='ocrx_word' id='word_1_190' title='bbox 712 1391 925 1439; x_wconf 84' lang='lat' dir='ltr'>presentium</span> <span class='ocrx_word' id='word_1_191' title='bbox 943 1392 1144 1426; x_wconf 81' lang='lat' dir='ltr'>intimamus</span> <span class='ocrx_word' id='word_1_192' title='bbox 1171 1397 1206 1425; x_wconf 86' lang='lat' dir='ltr'>et</span> <span class='ocrx_word' id='word_1_193' title='bbox 1231 1390 1452 1432; x_wconf 78' lang='lat' dir='ltr'>infinuamus,</span> <span class='ocrx_word' id='word_1_194' title='bbox 1474 1392 1656 1438; x_wconf 81' lang='lat' dir='ltr'>eidemque</span> 
     </span>
     <span class='ocr_line' id='line_1_21' title="bbox 174 1446 1655 1495; baseline 0.001 -14"><span class='ocrx_word' id='word_1_195' title='bbox 174 1447 368 1481; x_wconf 84' lang='lat' dir='ltr'>reverendo</span> <span class='ocrx_word' id='word_1_196' title='bbox 396 1447 434 1482; x_wconf 86' lang='lat' dir='ltr'>in</span> <span class='ocrx_word' id='word_1_197' title='bbox 462 1447 598 1482; x_wconf 83' lang='lat' dir='ltr'>Christo</span> <span class='ocrx_word' id='word_1_198' title='bbox 628 1449 718 1495; x_wconf 87' lang='lat' dir='ltr'>patri</span> <span class='ocrx_word' id='word_1_199' title='bbox 738 1447 909 1495; x_wconf 87' lang='lat' dir='ltr'>Episcopo</span> <span class='ocrx_word' id='word_1_200' title='bbox 928 1446 1145 1482; x_wconf 87' lang='lat' dir='ltr'>Lesmorenfi</span> <span class='ocrx_word' id='word_1_201' title='bbox 1175 1452 1210 1482; x_wconf 88' lang='lat' dir='ltr'>et</span> <span class='ocrx_word' id='word_1_202' title='bbox 1235 1447 1310 1481; x_wconf 89' lang='lat' dir='ltr'>aliis</span> <span class='ocrx_word' id='word_1_203' title='bbox 1336 1460 1485 1493; x_wconf 89' lang='lat' dir='ltr'>quorum</span> <span class='ocrx_word' id='word_1_204' title='bbox 1513 1448 1655 1482; x_wconf 88' lang='lat' dir='ltr'>interest</span> 
     </span>
     <span class='ocr_line' id='line_1_22' title="bbox 175 1502 1651 1552; baseline -0.001 -14"><span class='ocrx_word' id='word_1_205' title='bbox 175 1504 365 1551; x_wconf 84' lang='lat' dir='ltr'>specialiter</span> <span class='ocrx_word' id='word_1_206' title='bbox 382 1505 578 1540; x_wconf 86' lang='lat' dir='ltr'>inhibentes</span> <span class='ocrx_word' id='word_1_207' title='bbox 607 1518 652 1539; x_wconf 92' lang='lat' dir='ltr'>ne</span> <span class='ocrx_word' id='word_1_208' title='bbox 680 1504 739 1552; x_wconf 90' lang='lat' dir='ltr'>ipfi</span> <span class='ocrx_word' id='word_1_209' title='bbox 768 1511 829 1540; x_wconf 89' lang='lat' dir='ltr'>aut</span> <span class='ocrx_word' id='word_1_210' title='bbox 847 1517 970 1539; x_wconf 88' lang='lat' dir='ltr'>eorum</span> <span class='ocrx_word' id='word_1_211' title='bbox 997 1504 1120 1550; x_wconf 86' lang='lat' dir='ltr'>aliquis</span> <span class='ocrx_word' id='word_1_212' title='bbox 1147 1502 1343 1550; x_wconf 88' lang='lat' dir='ltr'>hujusmodi</span> <span class='ocrx_word' id='word_1_213' title='bbox 1372 1502 1651 1549; x_wconf 87' lang='lat' dir='ltr'>sequestrationis</span> 
     </span>
     <span class='ocr_line' id='line_1_23' title="bbox 175 1558 1656 1607; baseline 0 -13"><span class='ocrx_word' id='word_1_214' title='bbox 175 1561 426 1595; x_wconf 86' lang='lat' dir='ltr'>relaxationem</span> <span class='ocrx_word' id='word_1_215' title='bbox 448 1561 522 1607; x_wconf 88' lang='lat' dir='ltr'>juri</span> <span class='ocrx_word' id='word_1_216' title='bbox 541 1560 728 1596; x_wconf 71' lang='lat' dir='ltr'>consonam</span> <span class='ocrx_word' id='word_1_217' title='bbox 745 1561 937 1606; x_wconf 84' lang='lat' dir='ltr'>infringere</span> <span class='ocrx_word' id='word_1_218' title='bbox 963 1558 1138 1607; x_wconf 85' lang='lat' dir='ltr'>presumat</span> <span class='ocrx_word' id='word_1_219' title='bbox 1163 1558 1222 1593; x_wconf 90' lang='lat' dir='ltr'>seu</span> <span class='ocrx_word' id='word_1_220' title='bbox 1248 1558 1459 1606; x_wconf 86' lang='lat' dir='ltr'>presumant,</span> <span class='ocrx_word' id='word_1_221' title='bbox 1486 1558 1548 1593; x_wconf 88' lang='lat' dir='ltr'>sub</span> <span class='ocrx_word' id='word_1_222' title='bbox 1566 1571 1656 1606; x_wconf 77' lang='lat' dir='ltr'>pena¹</span> 
     </span>
     <span class='ocr_line' id='line_1_24' title="bbox 174 1615 1655 1663; baseline 0 -13"><span class='ocrx_word' id='word_1_223' title='bbox 174 1616 546 1651; x_wconf 81' lang='lat' dir='ltr'>excommunicationis</span> <span class='ocrx_word' id='word_1_224' title='bbox 564 1617 714 1663; x_wconf 86' lang='lat' dir='ltr'>majoris,</span> <span class='ocrx_word' id='word_1_225' title='bbox 745 1629 848 1662; x_wconf 86' lang='lat' dir='ltr'>quam</span> <span class='ocrx_word' id='word_1_226' title='bbox 866 1617 903 1650; x_wconf 89' lang='lat' dir='ltr'>in</span> <span class='ocrx_word' id='word_1_227' title='bbox 920 1616 1136 1650; x_wconf 87' lang='lat' dir='ltr'>contrarium</span> <span class='ocrx_word' id='word_1_228' title='bbox 1162 1615 1368 1650; x_wconf 82' lang='lat' dir='ltr'>facientibus</span> <span class='ocrx_word' id='word_1_229' title='bbox 1387 1621 1421 1649; x_wconf 90' lang='lat' dir='ltr'>et</span> <span class='ocrx_word' id='word_1_230' title='bbox 1440 1615 1655 1650; x_wconf 88' lang='lat' dir='ltr'>devenienti-</span> 
     </span>
     <span class='ocr_line' id='line_1_25' title="bbox 174 1670 1653 1718; baseline -0.001 -11"><span class='ocrx_word' id='word_1_231' title='bbox 174 1673 248 1713; x_wconf 78' lang='lat' dir='ltr'>bus,</span> <span class='ocrx_word' id='word_1_232' title='bbox 277 1671 339 1706; x_wconf 87' lang='lat' dir='ltr'>nifi</span> <span class='ocrx_word' id='word_1_233' title='bbox 366 1672 458 1706; x_wconf 86' lang='lat' dir='ltr'>infra</span> <span class='ocrx_word' id='word_1_234' title='bbox 486 1672 544 1706; x_wconf 86' lang='lat' dir='ltr'>sex</span> <span class='ocrx_word' id='word_1_235' title='bbox 571 1673 643 1707; x_wconf 90' lang='lat' dir='ltr'>dies</span> <span class='ocrx_word' id='word_1_236' title='bbox 673 1673 871 1706; x_wconf 87' lang='lat' dir='ltr'>immediate</span> <span class='ocrx_word' id='word_1_237' title='bbox 889 1671 1080 1718; x_wconf 87' lang='lat' dir='ltr'>sequentes,</span> <span class='ocrx_word' id='word_1_238' title='bbox 1110 1683 1197 1717; x_wconf 90' lang='lat' dir='ltr'>quos</span> <span class='ocrx_word' id='word_1_239' title='bbox 1214 1670 1272 1704; x_wconf 82' lang='lat' dir='ltr'>sex</span> <span class='ocrx_word' id='word_1_240' title='bbox 1290 1671 1362 1705; x_wconf 89' lang='lat' dir='ltr'>dies</span> <span class='ocrx_word' id='word_1_241' title='bbox 1389 1672 1437 1705; x_wconf 84' lang='lat' dir='ltr'>eis</span> <span class='ocrx_word' id='word_1_242' title='bbox 1468 1677 1503 1706; x_wconf 89' lang='lat' dir='ltr'>et</span> <span class='ocrx_word' id='word_1_243' title='bbox 1531 1684 1653 1706; x_wconf 89' lang='lat' dir='ltr'>eorum</span> 
     </span>
     <span class='ocr_line' id='line_1_26' title="bbox 174 1725 1652 1775; baseline 0 -13"><span class='ocrx_word' id='word_1_244' title='bbox 174 1728 316 1763; x_wconf 89' lang='lat' dir='ltr'>cuilibet</span> <span class='ocrx_word' id='word_1_245' title='bbox 332 1741 397 1775; x_wconf 90' lang='lat' dir='ltr'>pro</span> <span class='ocrx_word' id='word_1_246' title='bbox 414 1729 508 1762; x_wconf 84' lang='lat' dir='ltr'>trina</span> <span class='ocrx_word' id='word_1_247' title='bbox 524 1733 559 1762; x_wconf 88' lang='lat' dir='ltr'>et</span> <span class='ocrx_word' id='word_1_248' title='bbox 577 1729 743 1762; x_wconf 88' lang='lat' dir='ltr'>canonica</span> <span class='ocrx_word' id='word_1_249' title='bbox 760 1728 954 1762; x_wconf 88' lang='lat' dir='ltr'>monitione</span> <span class='ocrx_word' id='word_1_250' title='bbox 966 1740 1006 1761; x_wconf 85' lang='lat' dir='ltr'>ac</span> <span class='ocrx_word' id='word_1_251' title='bbox 1018 1727 1170 1761; x_wconf 83' lang='lat' dir='ltr'>termino</span> <span class='ocrx_word' id='word_1_252' title='bbox 1188 1727 1426 1773; x_wconf 82' lang='lat' dir='ltr'>peremptor-io</span> <span class='ocrx_word' id='word_1_253' title='bbox 1446 1725 1652 1773; x_wconf 82' lang='lat' dir='ltr'>aflignamus</span> 
     </span>
     <span class='ocr_line' id='line_1_27' title="bbox 174 1781 1653 1831; baseline -0.001 -13"><span class='ocrx_word' id='word_1_254' title='bbox 174 1792 209 1819; x_wconf 86' lang='lat' dir='ltr'>et</span> <span class='ocrx_word' id='word_1_255' title='bbox 226 1797 288 1831; x_wconf 88' lang='lat' dir='ltr'>per</span> <span class='ocrx_word' id='word_1_256' title='bbox 304 1796 368 1819; x_wconf 84' lang='lat' dir='ltr'>vos</span> <span class='ocrx_word' id='word_1_257' title='bbox 385 1783 544 1830; x_wconf 84' lang='lat' dir='ltr'>aflignari</span> <span class='ocrx_word' id='word_1_258' title='bbox 561 1784 735 1824; x_wconf 87' lang='lat' dir='ltr'>volumus,</span> <span class='ocrx_word' id='word_1_259' title='bbox 756 1783 1029 1823; x_wconf 84' lang='lat' dir='ltr'>emendaverint,</span> <span class='ocrx_word' id='word_1_260' title='bbox 1049 1782 1191 1816; x_wconf 90' lang='lat' dir='ltr'>ferimus</span> <span class='ocrx_word' id='word_1_261' title='bbox 1209 1782 1245 1816; x_wconf 87' lang='lat' dir='ltr'>in</span> <span class='ocrx_word' id='word_1_262' title='bbox 1263 1782 1327 1816; x_wconf 83' lang='lat' dir='ltr'>hiis</span> <span class='ocrx_word' id='word_1_263' title='bbox 1345 1781 1488 1830; x_wconf 84' lang='lat' dir='ltr'>scriptis,</span> <span class='ocrx_word' id='word_1_264' title='bbox 1508 1795 1571 1829; x_wconf 87' lang='lat' dir='ltr'>per</span> <span class='ocrx_word' id='word_1_265' title='bbox 1588 1795 1653 1818; x_wconf 80' lang='lat' dir='ltr'>vos</span> 
     </span>
     <span class='ocr_line' id='line_1_28' title="bbox 174 1838 1652 1875; baseline -0.001 0"><span class='ocrx_word' id='word_1_266' title='bbox 174 1841 493 1875; x_wconf 84' lang='lat' dir='ltr'>excommunicatos</span> <span class='ocrx_word' id='word_1_267' title='bbox 511 1840 714 1875; x_wconf 87' lang='lat' dir='ltr'>denunciari</span> <span class='ocrx_word' id='word_1_268' title='bbox 732 1841 936 1875; x_wconf 83' lang='lat' dir='ltr'>mandamus</span> <span class='ocrx_word' id='word_1_269' title='bbox 955 1838 1116 1873; x_wconf 90' lang='lat' dir='ltr'>omnibus</span> <span class='ocrx_word' id='word_1_270' title='bbox 1134 1839 1254 1872; x_wconf 84' lang='lat' dir='ltr'>diebus</span> <span class='ocrx_word' id='word_1_271' title='bbox 1273 1839 1454 1873; x_wconf 89' lang='lat' dir='ltr'>dominicis</span> <span class='ocrx_word' id='word_1_272' title='bbox 1473 1845 1507 1873; x_wconf 90' lang='lat' dir='ltr'>et</span> <span class='ocrx_word' id='word_1_273' title='bbox 1525 1839 1652 1874; x_wconf 86' lang='lat' dir='ltr'>festivis</span> 
     </span>
     <span class='ocr_line' id='line_1_29' title="bbox 176 1894 1652 1943; baseline 0 -13"><span class='ocrx_word' id='word_1_274' title='bbox 176 1897 249 1931; x_wconf 92' lang='lat' dir='ltr'>aliis</span> <span class='ocrx_word' id='word_1_275' title='bbox 266 1897 357 1931; x_wconf 87' lang='lat' dir='ltr'>infra</span> <span class='ocrx_word' id='word_1_276' title='bbox 373 1895 549 1931; x_wconf 85' lang='lat' dir='ltr'>miffarum</span> <span class='ocrx_word' id='word_1_277' title='bbox 567 1896 732 1937; x_wconf 87' lang='lat' dir='ltr'>solennia,</span> <span class='ocrx_word' id='word_1_278' title='bbox 753 1896 928 1943; x_wconf 86' lang='lat' dir='ltr'>campanis</span> <span class='ocrx_word' id='word_1_279' title='bbox 945 1894 1096 1942; x_wconf 77' lang='lat' dir='ltr'>pullatis,</span> <span class='ocrx_word' id='word_1_280' title='bbox 1113 1894 1265 1929; x_wconf 87' lang='lat' dir='ltr'>candelis</span> <span class='ocrx_word' id='word_1_281' title='bbox 1278 1894 1425 1929; x_wconf 87' lang='lat' dir='ltr'>accenfis</span> <span class='ocrx_word' id='word_1_282' title='bbox 1440 1900 1474 1929; x_wconf 92' lang='lat' dir='ltr'>et</span> <span class='ocrx_word' id='word_1_283' title='bbox 1488 1896 1652 1930; x_wconf 64' lang='lat' dir='ltr'>extinctis</span> 
     </span>
     <span class='ocr_line' id='line_1_30' title="bbox 174 1950 1651 1997; baseline 0 -11"><span class='ocrx_word' id='word_1_284' title='bbox 174 1954 233 1987; x_wconf 71' lang='grc' dir='ltr'>διο.</span> <span class='ocrx_word' id='word_1_285' title='bbox 251 1958 291 1986; x_wconf 92' lang='lat' dir='ltr'>ut</span> <span class='ocrx_word' id='word_1_286' title='bbox 308 1953 415 1986; x_wconf 90' lang='lat' dir='ltr'>moris</span> <span class='ocrx_word' id='word_1_287' title='bbox 433 1952 489 1993; x_wconf 87' lang='lat' dir='ltr'>est,</span> <span class='ocrx_word' id='word_1_288' title='bbox 509 1965 582 1987; x_wconf 91' lang='lat' dir='ltr'>non</span> <span class='ocrx_word' id='word_1_289' title='bbox 600 1951 765 1987; x_wconf 82' lang='lat' dir='ltr'>cefl&#39;antes</span> <span class='ocrx_word' id='word_1_290' title='bbox 783 1952 895 1986; x_wconf 89' lang='lat' dir='ltr'>donec</span> <span class='ocrx_word' id='word_1_291' title='bbox 908 1964 928 1985; x_wconf 92' lang='lat' dir='ltr'>a</span> <span class='ocrx_word' id='word_1_292' title='bbox 941 1951 1041 1985; x_wconf 90' lang='lat' dir='ltr'>nobis</span> <span class='ocrx_word' id='word_1_293' title='bbox 1058 1956 1120 1985; x_wconf 90' lang='lat' dir='ltr'>aut</span> <span class='ocrx_word' id='word_1_294' title='bbox 1137 1950 1314 1997; x_wconf 87' lang='lat' dir='ltr'>superiore</span> <span class='ocrx_word' id='word_1_295' title='bbox 1329 1951 1446 1985; x_wconf 87' lang='lat' dir='ltr'>nostro</span> <span class='ocrx_word' id='word_1_296' title='bbox 1463 1951 1508 1986; x_wconf 89' lang='lat' dir='ltr'>ad</span> <span class='ocrx_word' id='word_1_297' title='bbox 1526 1950 1651 1986; x_wconf 84' lang='lat' dir='ltr'>ceffan-</span> 
     </span>
     <span class='ocr_line' id='line_1_31' title="bbox 176 2006 1648 2055; baseline 0.001 -13"><span class='ocrx_word' id='word_1_298' title='bbox 176 2009 258 2042; x_wconf 92' lang='lat' dir='ltr'>dum</span> <span class='ocrx_word' id='word_1_299' title='bbox 277 2008 465 2043; x_wconf 85' lang='lat' dir='ltr'>habueritis</span> <span class='ocrx_word' id='word_1_300' title='bbox 482 2009 520 2042; x_wconf 91' lang='lat' dir='ltr'>in</span> <span class='ocrx_word' id='word_1_301' title='bbox 536 2009 719 2043; x_wconf 88' lang='lat' dir='ltr'>mandatis.</span> <span class='ocrx_word' id='word_1_302' title='bbox 771 2007 818 2042; x_wconf 92' lang='lat' dir='ltr'>Et</span> <span class='ocrx_word' id='word_1_303' title='bbox 842 2007 1018 2055; x_wconf 89' lang='lat' dir='ltr'>presentes</span> <span class='ocrx_word' id='word_1_304' title='bbox 1048 2006 1163 2041; x_wconf 86' lang='lat' dir='ltr'>debite</span> <span class='ocrx_word' id='word_1_305' title='bbox 1182 2012 1354 2048; x_wconf 79' lang='lat' dir='ltr'>executas,</span> <span class='ocrx_word' id='word_1_306' title='bbox 1385 2007 1488 2048; x_wconf 92' lang='lat' dir='ltr'>diem,</span> <span class='ocrx_word' id='word_1_307' title='bbox 1520 2007 1648 2049; x_wconf 91' lang='lat' dir='ltr'>locum,</span> 
     </span>
     <span class='ocr_line' id='line_1_32' title="bbox 174 2062 1649 2100; baseline 0 -2"><span class='ocrx_word' id='word_1_308' title='bbox 174 2064 321 2099; x_wconf 85' lang='lat' dir='ltr'>formam</span> <span class='ocrx_word' id='word_1_309' title='bbox 349 2064 458 2100; x_wconf 87' lang='lat' dir='ltr'>vestre</span> <span class='ocrx_word' id='word_1_310' title='bbox 490 2065 705 2100; x_wconf 86' lang='lat' dir='ltr'>executionis</span> <span class='ocrx_word' id='word_1_311' title='bbox 731 2070 766 2099; x_wconf 89' lang='lat' dir='ltr'>et</span> <span class='ocrx_word' id='word_1_312' title='bbox 804 2064 950 2098; x_wconf 86' lang='lat' dir='ltr'>nomina</span> <span class='ocrx_word' id='word_1_313' title='bbox 978 2062 1114 2097; x_wconf 88' lang='lat' dir='ltr'>testium</span> <span class='ocrx_word' id='word_1_314' title='bbox 1140 2062 1425 2097; x_wconf 86' lang='lat' dir='ltr'>subscribentium</span> <span class='ocrx_word' id='word_1_315' title='bbox 1457 2064 1649 2098; x_wconf 84' lang='lat' dir='ltr'>earundem</span> 
     </span>
     <span class='ocr_line' id='line_1_33' title="bbox 176 2118 1649 2168; baseline 0 -14"><span class='ocrx_word' id='word_1_316' title='bbox 176 2121 310 2154; x_wconf 87' lang='lat' dir='ltr'>reddite</span> <span class='ocrx_word' id='word_1_317' title='bbox 327 2120 442 2155; x_wconf 88' lang='lat' dir='ltr'>latori.</span> <span class='ocrx_word' id='word_1_318' title='bbox 494 2120 629 2155; x_wconf 85' lang='lat' dir='ltr'>Datum</span> <span class='ocrx_word' id='word_1_319' title='bbox 655 2121 749 2168; x_wconf 85' lang='lat' dir='ltr'>apud</span> <span class='ocrx_word' id='word_1_320' title='bbox 766 2120 916 2167; x_wconf 82' lang='lat' dir='ltr'>burgum</span> <span class='ocrx_word' id='word_1_321' title='bbox 947 2119 989 2154; x_wconf 87' lang='lat' dir='ltr'>de</span> <span class='ocrx_word' id='word_1_322' title='bbox 1018 2119 1231 2166; x_wconf 80' lang='lat' dir='ltr'>Striwelyng</span> <span class='ocrx_word' id='word_1_323' title='bbox 1259 2119 1320 2154; x_wconf 85' lang='lat' dir='ltr'>sub</span> <span class='ocrx_word' id='word_1_324' title='bbox 1350 2118 1465 2166; x_wconf 80' lang='lat' dir='ltr'>figillis</span> <span class='ocrx_word' id='word_1_325' title='bbox 1494 2120 1649 2155; x_wconf 90' lang='lat' dir='ltr'>nostrum</span> 
     </span>
     <span class='ocr_line' id='line_1_34' title="bbox 176 2175 1649 2224; baseline 0.001 -15"><span class='ocrx_word' id='word_1_326' title='bbox 176 2176 341 2210; x_wconf 84' lang='lat' dir='ltr'>Duncani</span> <span class='ocrx_word' id='word_1_327' title='bbox 359 2182 394 2211; x_wconf 88' lang='lat' dir='ltr'>et</span> <span class='ocrx_word' id='word_1_328' title='bbox 410 2177 533 2212; x_wconf 83' lang='lat' dir='ltr'>Jacobi</span> <span class='ocrx_word' id='word_1_329' title='bbox 563 2182 598 2212; x_wconf 87' lang='lat' dir='ltr'>et</span> <span class='ocrx_word' id='word_1_330' title='bbox 622 2177 859 2224; x_wconf 85' lang='lat' dir='ltr'>procuratoris</span> <span class='ocrx_word' id='word_1_331' title='bbox 875 2189 937 2223; x_wconf 88' lang='lat' dir='ltr'>per</span> <span class='ocrx_word' id='word_1_332' title='bbox 955 2176 1089 2211; x_wconf 67' lang='lat' dir='ltr'>dictum</span> <span class='ocrx_word' id='word_1_333' title='bbox 1108 2176 1289 2210; x_wconf 90' lang='lat' dir='ltr'>dominum</span> <span class='ocrx_word' id='word_1_334' title='bbox 1308 2175 1565 2217; x_wconf 87' lang='lat' dir='ltr'>Alexandrum,</span> <span class='ocrx_word' id='word_1_335' title='bbox 1594 2176 1649 2210; x_wconf 90' lang='lat' dir='ltr'>die</span> 
     </span>
     <span class='ocr_line' id='line_1_35' title="bbox 177 2230 1650 2278; baseline 0 -12"><span class='ocrx_word' id='word_1_336' title='bbox 177 2238 300 2277; x_wconf 81' lang='lat' dir='ltr'>quarta</span> <span class='ocrx_word' id='word_1_337' title='bbox 316 2231 437 2267; x_wconf 82' lang='lat' dir='ltr'>menfis</span> <span class='ocrx_word' id='word_1_338' title='bbox 457 2233 638 2267; x_wconf 88' lang='lat' dir='ltr'>Februarii</span> <span class='ocrx_word' id='word_1_339' title='bbox 657 2246 749 2268; x_wconf 89' lang='lat' dir='ltr'>anno</span> <span class='ocrx_word' id='word_1_340' title='bbox 768 2233 916 2267; x_wconf 86' lang='lat' dir='ltr'>Domini</span> <span class='ocrx_word' id='word_1_341' title='bbox 934 2230 1113 2266; x_wconf 81' lang='lat' dir='ltr'>millefimo</span> <span class='ocrx_word' id='word_1_342' title='bbox 1131 2231 1470 2278; x_wconf 71' lang='lat' dir='ltr'>quadringentesimo</span> <span class='ocrx_word' id='word_1_343' title='bbox 1487 2232 1650 2278; x_wconf 66' lang='lat' dir='ltr'>octuage-</span> 
     </span>
     <span class='ocr_line' id='line_1_36' title="bbox 177 2286 1647 2334; baseline 0 -13"><span class='ocrx_word' id='word_1_344' title='bbox 177 2287 258 2322; x_wconf 83' lang='lat' dir='ltr'>limo</span> <span class='ocrx_word' id='word_1_345' title='bbox 277 2289 414 2329; x_wconf 56' lang='lat' dir='ltr'>octavo,</span> <span class='ocrx_word' id='word_1_346' title='bbox 433 2301 550 2324; x_wconf 83' lang='lat' dir='ltr'>coram</span> <span class='ocrx_word' id='word_1_347' title='bbox 567 2290 633 2324; x_wconf 89' lang='lat' dir='ltr'>hiis</span> <span class='ocrx_word' id='word_1_348' title='bbox 650 2289 800 2330; x_wconf 85' lang='lat' dir='ltr'>testibus,</span> <span class='ocrx_word' id='word_1_349' title='bbox 821 2288 970 2323; x_wconf 82' lang='lat' dir='ltr'>dominis</span> <span class='ocrx_word' id='word_1_350' title='bbox 987 2287 1169 2334; x_wconf 85' lang='lat' dir='ltr'>Dungallo</span> <span class='ocrx_word' id='word_1_351' title='bbox 1189 2286 1325 2322; x_wconf 88' lang='lat' dir='ltr'>Cosnor</span> <span class='ocrx_word' id='word_1_352' title='bbox 1342 2289 1480 2323; x_wconf 86' lang='lat' dir='ltr'>notario</span> <span class='ocrx_word' id='word_1_353' title='bbox 1497 2288 1647 2334; x_wconf 88' lang='lat' dir='ltr'>publico,</span> 
     </span>
     <span class='ocr_line' id='line_1_37' title="bbox 179 2342 1651 2391; baseline 0.001 -14"><span class='ocrx_word' id='word_1_354' title='bbox 179 2342 316 2378; x_wconf 86' lang='lat' dir='ltr'>Thoma</span> <span class='ocrx_word' id='word_1_355' title='bbox 329 2344 441 2387; x_wconf 83' lang='lat' dir='ltr'>Scott,</span> <span class='ocrx_word' id='word_1_356' title='bbox 460 2344 666 2391; x_wconf 73' lang='lat' dir='ltr'>preibiteris,</span> <span class='ocrx_word' id='word_1_357' title='bbox 687 2351 721 2381; x_wconf 87' lang='lat' dir='ltr'>et</span> <span class='ocrx_word' id='word_1_358' title='bbox 733 2345 760 2381; x_wconf 72' lang='lat' dir='ltr'>J</span> <span class='ocrx_word' id='word_1_359' title='bbox 764 2345 902 2380; x_wconf 88' lang='lat' dir='ltr'>ohanne</span> <span class='ocrx_word' id='word_1_360' title='bbox 922 2346 1049 2381; x_wconf 86' lang='lat' dir='ltr'>Schaw</span> <span class='ocrx_word' id='word_1_361' title='bbox 1067 2346 1169 2387; x_wconf 90' lang='lat' dir='ltr'>laico,</span> <span class='ocrx_word' id='word_1_362' title='bbox 1201 2359 1279 2381; x_wconf 86' lang='lat' dir='ltr'>cum</span> <span class='ocrx_word' id='word_1_363' title='bbox 1299 2344 1438 2382; x_wconf 75' lang='lat' dir='ltr'>diversis</span> <span class='ocrx_word' id='word_1_364' title='bbox 1456 2345 1539 2380; x_wconf 85' lang='lat' dir='ltr'>aliis.</span> <span class='ocrx_word' id='word_1_365' title='bbox 1591 2345 1651 2382; x_wconf 84' lang='lat' dir='ltr'>Se-</span> 
     </span>
    </p>
   </div>
  </div>
 </body>
</html>
