1839 2652
849 335 935 369 xviii

199 438 269 468 Alia
291 435 477 467 confirmatio
503 433 622 464 ecclesie
648 433 684 462 ‹le
711 431 830 470 Largys
856 440 908 470 per
932 429 1106 458 Johannem
1130 427 1299 466 episcopum
1325 431 1353 455 et
1378 428 1548 467 capitulum

157 488 360 528 Glasgwense‚
374 487 411 515 fo.
429 485 516 515 cxlvi.
542 482 752 523 (1319-35‚)
1524 478 1560 507 P,
1577 476 1640 505 240

203 556 400 586 Confirmatio
418 554 540 593 capituli
560 550 773 590 Glasgwensis,
803 549 870 578 sede
894 551 1030 583 vacante,
1059 546 1180 576 ecclesie
1199 546 1236 575 de
1256 546 1386 586 Largys‚
1403 546 1442 575 fo.
1464 541 1556 576 cxlvi}

165 607 290 646 (1318‚)
1583 596 1645 624 240

205 675 295 704 Bulla
310 672 541 703 confirmationis
557 670 677 700 ecclesie
692 671 729 699 de
745 670 875 709 Largys,
900 669 937 697 fo.
955 667 1057 697 cxlvii.
1077 667 1207 706 (1381‚)
1583 665 1641 694 241

208 742 405 774 Confirmatio
420 741 441 771 J
444 740 569 771 ohannis
584 738 717 769 officialis
733 737 936 777 Glasgwensis
951 745 1038 775 super
1054 736 1166 764 bullam
1178 734 1290 764 ‹lomini
1303 734 1469 763 Clementis
1486 744 1562 773 pape

167 805 223 825 v11.
237 795 273 824 de
284 792 446 832 privilegiis
461 790 604 821 concessis
618 793 684 828 post
694 787 926 817 combustionem
943 786 1113 815 monasterii
1126 786 1162 814 de
1175 785 1305 820 Paslem,
1319 785 1429 814 scilicet
1444 783 1567 813 ecclesia

167 845 204 874 de
220 844 339 883 Largys
355 846 384 871 et
399 841 512 880 capella
527 840 563 870 de
580 839 724 878 Cummy,
747 838 785 867 fo.
803 836 917 866 cxlviii.
937 836 1061 875 (1382)
1588 834 1650 862 242

214 914 307 944 Carta
322 913 359 942 de
374 911 572 951 Langlebank
588 910 618 939 in
633 909 789 949 parrochia
804 909 840 938 dc
857 909 1002 948 Largyss,
1027 908 1064 937 fo.
1082 906 1173 937 cxlix.
1200 907 1325 946 (14030
1590 906 1654 934 <344

216 984 370 1015 Sententia
384 984 446 1013 lata
461 983 522 1012 sive.
538 983 767 1011 instrumentum
783 990 835 1019 per
850 980 1018 1019 episcopum
1036 978 1263 1017 Glasgwensem
1279 983 1380 1007 contra
1399 978 1568 1007 Robertum

175 1035 263 1075 Boyd
279 1044 366 1074 super
380 1032 503 1063 ecclesia
517 1033 554 1062 (le
570 1032 700 1071 Largys,
724 1031 761 1060 fo.
779 1031 815 1060 cl.
842 1030 970 1069 ('1450‚)
1594 1028 1655 1056 245

219 1103 385 1132 Indentura
400 1101 477 1131 inter
492 1101 653 1139 burgenses
668 1100 704 1129 (le
722 1099 859 1128 Reinfrw
877 1103 905 1127 et
925 1098 1069 1127 Abbatem
1087 1101 1115 1126 et
1131 1100 1310 1126 conventum
1332 1096 1367 1125 de
1385 1095 1518 1131 Pas-leto,
1536 1096 1572 1124 de

176 1153 346 1182 molendino
356 1151 445 1190 juxta
463 1151 604 1190 capellam
623 1149 725 1179 Sancti
742 1148 843 1177 Marie
858 1148 895 1177 de.
910 1149 1061 1183 Reiufrw,
1086 1149 1122 1177 fo.
1141 1148 1187 1177 cli.
1214 1147 1338 1186 (1414,)
1596 1147 1659 1184 ⁵247

222 1223 271 1251 De
287 1221 389 1251 eodem
405 1220 585 1253 molendium
609 1219 648 1248 fo.
666 1218 711 1248 cli.
731 1218 854 1257 (1414)
1597 1216 1659 1244 248

223 1290 356 1319 Donatio
369 1288 529 1318 Malculmi
544 1288 621 1327 regis
639 1286 747 1322 Scotie,
764 1287 801 1316 de
816 1287 911 1315 insula
922 1286 1013 1324 juxta
1029 1286 1169 1324 oppidum
1181 1285 1329 1320 Reiufrw,
1346 1295 1413 1314 cum
1428 1285 1577 1324 piscatura

181 1341 258 1369 inter
274 1340 400 1368 insulam
416 1343 445 1367 et
461 1338 595 1373 Perthic,
619 1342 648 1366 et
674 1337 711 1366 <le
737 1336 869 1374 quinque
893 1336 998 1365 marcis
1022 1335 1138 1375 argenti
1163 1336 1324 1365 molendini
1351 1337 1386 1365 de
1412 1336 1577 1374 Innyrwic,

182 1400 249 1418 cum
273 1388 403 1427 ejusdem
419 1387 550 1422 ecclesia,
574 1387 611 1415 fo.
629 1386 686 1415 clii.
711 1387 750 1425 (a.
768 1385 877 1424 1165,)
1603 1386 1664 1416 249

227 1459 405 1497 Preceptum
421 1457 534 1487 domini
549 1456 676 1486 Roberti
691 1456 803 1485 domini
819 1457 855 1485 (le
872 1456 951 1496 Lyle
966 1455 1132 1485 honorabili
1150 1456 1214 1484 viro
1230 1455 1340 1484 ballivo
1365 1454 1447 1496 [suo]
1473 1455 1503 1484 in
1526 1456 1582 1485 hac

184 1514 268 1549 parte
279 1509 425 1538 VVilelmo
443 1508 591 1547 Sympyll‚
602 1508 639 1537 ad
652 1507 830 1536 tradendum
842 1506 979 1536 saisinam
992 1506 1206 1535 hereditariam
1217 1506 1252 1534 (le
1265 1505 1351 1535 tertia
1366 1510 1448 1543 parte
1458 1506 1582 1544 piscarie

186 1561 222 1589 (le
234 1559 432 1598 Crukytshot,
450 1558 487 1586 fo.
506 1557 563 1586 clii.
583 1558 707 1596 (1452)
1605 1558 1666 1588 249

232 1629 325 1657 Carta
339 1627 463 1666 piscarie
478 1627 515 1656 de
530 1628 557 1655 Ie
573 1626 737 1661 Crukshot,
761 1625 799 1654 fo.
817 1625 887 1654 cliii.
906 1627 1031 1665 (1452)
1605 1627 1666 1655 :250

233 1696 430 1726 Confirmatio
459 1695 572 1726 domini
602 1695 741 1724 Wilelmi
772 1695 849 1733 regis
877 1695 985 1730 Scotie,
1020 1696 1056 1724 de
1084 1696 1266 1725 Moniabrok
1303 1700 1331 1724 et
1361 1697 1397 1725 de
1430 1696 1581 1734 piscatura

192 1747 409 1786 Lowcwynok,
433 1746 470 1775 fo.
488 1745 571 1774 cliiii.
597 1745 848 1784 (1180-1214,)
1608 1746 1670 1774 253

236 1814 432 1844 Confirmatio
448 1814 559 1843 domini
579 1813 740 1842 Alexandri
757 1813 834 1851 regis
852 1812 950 1841 Scotie
965 1817 1111 1842 terrarum
1127 1814 1164 1842 de
1180 1813 1363 1843 Moniabrok
1380 1818 1409 1842 et
1425 1815 1461 1843 de
1478 1814 1586 1843 foresto

193 1865 270 1894 inter
285 1865 416 1903 Machyt
432 1867 460 1892 et
477 1863 671 1898 Kassedouer,
695 1863 734 1891 fo.
751 1862 832 1891 cliiii.
858 1863 1065 1900 (1:224-340
1609 1865 1672 1893 253

238 1936 330 1964 Carta
346 1934 452 1964 Jacobi
469 1933 619 1962 senescalli
637 1932 736 1961 Scotie
751 1942 839 1971 super
854 1933 946 1961 libero
962 1933 1090 1962 transitu
1105 1943 1180 1971 aque
1196 1933 1232 1962 de
1249 1933 1467 1973 Lowcwynok‚
1479 1935 1516 1963 fo.
1530 1935 1585 1964 clv.

198 1985 448 2023 (1283-1303‚)
1611 1985 1674 2013 254

242 2052 438 2081 Confirmatio
453 2050 565 2080 domini
575 2051 714 2080 wilelmi
729 2051 806 2091 regis
819 2051 917 2080 Scotie
933 2051 969 2080 de
986 2056 1064 2080 terra
1078 2052 1265 2088 Hasteuden‚
1278 2052 1316 2081 fo.
1328 2053 1383 2081 clv.
1399 2051 1586 2091 (1165-77‚)
1612 2052 1674 2080 254

242 2124 376 2153 Donatio
391 2123 555 2162 regalitatis
572 2132 623 2161 per
639 2122 660 2150 J
663 2122 788 2150 acobum
803 2121 966 2150 seeundum
982 2131 1082 2160 regem
1100 2121 1209 2156 Scotie,
1234 2122 1271 2150 fo.
1290 2122 1345 2151 clv.
1373 2122 1497 2161 (1451,)
1612 2121 1673 2150 255

245 2196 337 2224 Carta
352 2194 535 2234 replegiandi
550 2193 683 2222 homines
709 2193 745 2222 ab
770 2192 876 2221 itinere
892 2192 1052 2221 camerarie
1077 2203 1128 2231 per
1155 2193 1303 2222 Jacobum
1330 2204 1430 2233 regem
1456 2203 1591 2223 concessa

202 2245 300 2274 abbati
317 2245 436 2274 Thome
453 2244 579 2273 Terwas
595 2248 623 2273 et
639 2242 799 2272 conventui
814 2242 850 2272 de
866 2242 997 2278 Paslc-to,
1014 2243 1052 2271 fo.
1070 2242 1149 2272 clvii.
1169 2244 1293 2283 (1451)
1614 2241 1677 2279 257

247 2313 423 2342 Commissio
445 2314 557 2352 papalis
573 2323 660 2352 super
676 2311 859 2342 assedatione
883 2317 1029 2341 terrarum
1057 2312 1136 2342 circa
1162 2314 1374 2344 monasterium
1399 2315 1435 2344 de
1462 2314 1591 2348 Pasleto,

204 2364 241 2392 fo.
259 2363 350 2392 clviii.
370 2364 477 2402 (1483,
495 2363 523 2392 in
540 2374 599 2401 qua
615 2363 784 2392 continetur
799 2363 881 2392 bulla
899 2362 989 2391 Pauli
1005 2373 1038 2391 11.
1058 2361 1166 2401 1465,)
1618 2363 1680 2391 258
