1839 2652
700 254 772 290 DE
799 254 1071 291 PASSELET.
1560 258 1628 293 159

146 357 182 387 et
198 350 415 386 libertatibus
433 350 520 387 adeo
538 351 647 387 libere
678 357 713 387 et
742 352 859 399 quiete
889 351 973 387 ficut
1000 352 1116 398 aliqua
1146 348 1332 386 elemofina
1361 350 1404 384 in‘
1425 354 1500 385 toto
1518 361 1630 396 regno

147 407 264 443 Scotie
278 407 321 442 de
336 407 430 442 dono
444 408 579 443 comitis
593 409 646 443 vel
663 408 802 443 baronis
820 408 962 443 liberius
980 414 1015 443 et
1033 408 1183 454 quietius
1200 413 1343 442 tenetur
1361 412 1396 441 et
1413 405 1603 453 poffidetur
1620 421 1629 449 ;

147 463 253 499 Salvo
271 469 475 498 tenemento
492 465 643 511 predidffi
666 464 808 499 Radulfi
827 465 997 511 capellani
1016 465 1148 499 domini
1169 465 1277 511 Regis
1295 465 1331 498 in
1350 465 1421 498 vita
1438 463 1508 504 sua,
1533 464 1632 498 dum-

146 520 254 555 modo
272 518 414 566 fingulis
430 521 530 554 annis
549 521 665 567 quoad
683 521 810 555 vixerit
826 521 994 567 prediGtis
1013 522 1192 556 monachis
1211 521 1253 555 de
1273 518 1420 555 Paffelet
1438 520 1631 554 reddiderit

147 581 218 610 tres
235 588 369 610 marcas
387 577 524 622 argenti
543 582 578 611 et
595 589 701 610 unam
720 577 873 611 celdram
892 576 1002 611 farine
1021 583 1056 611 et
1074 590 1179 611 unam
1199 576 1352 611 celdram
1367 574 1465 609 brafii
1485 588 1569 622 quas
1587 576 1630 610 de

147 631 215 665 illis
242 632 345 666 terris
372 645 434 679 per
463 632 661 678 predffikum
695 632 889 666 Radulfum
917 631 1068 667 solebam
1097 633 1287 679 percipere.
1341 632 1494 666 Reddidi
1528 633 1631 667 etiam

149 700 276 734 corpus
293 700 410 722 meum
426 688 545 722 domui
560 687 768 734 supradiete,
789 693 823 722 et
837 687 964 722 ibidem
985 688 1074 734 elegi
1086 688 1298 735 sepulturam
1316 702 1326 730 ;
1355 693 1390 722 et
1400 689 1483 722 volo
1501 694 1541 723 ut
1558 688 1633 736 post

147 744 284 779 obitum
295 757 424 785 meum,
441 744 484 778 de
498 744 597 778 firma
611 744 848 790 predffikarum
861 749 1046 784 terrarum,
1061 744 1097 778 in
1112 745 1217 778 domo
1233 745 1276 778 de
1292 742 1440 779 Paffelet
1457 745 1518 779 fiat
1535 746 1633 779 anni-

148 800 339 836 versarium
356 813 475 834 meum
502 805 537 834 et
566 800 686 834 uxoris
702 812 791 834 mee.
845 799 925 833 Hiis
943 799 1093 840 testibus,
1122 799 1284 846 magistro
1304 799 1481 835 Michaele
1499 801 1633 835 decano

150 857 194 892 de
211 857 392 896 Levenax,
421 855 602 890 Macolmo
620 855 693 890 filio
711 868 802 896 meo,
835 854 995 896 Amelec,
1029 855 1221 897 Macoluw,
1252 857 1441 898 Duncano,
1469 858 1633 891 fratribus

150 914 247 953 meis,
280 912 422 946 Simone
439 911 512 945 filio
544 911 695 946 Simonis
712 911 773 945 filii
805 910 965 951 Bertuffi,
1000 911 1165 947 Gilberto
1194 918 1228 947 et
1255 913 1355 947 Luca
1382 913 1424 947 de
1453 913 1631 953 Levenax,

151 968 295 1008 clericis,
330 968 474 1014 Rogero
491 967 621 1002 vicario
640 968 683 1002 de
704 967 893 1015 Kyllenan,
915 967 1061 1014 Rogero
1079 969 1209 1003 vicario
1228 969 1271 1003 de
1291 968 1528 1016 Kyffierchan,
1557 968 1636 1003 Ma-

151 1024 266 1059 colmo
285 1023 371 1070 Beg,
409 1023 569 1058 Wilelmo
588 1024 660 1058 filio
681 1023 788 1064 Bede,
821 1022 985 1058 Galfrido
1006 1023 1205 1066 Marscallo,
1235 1024 1443 1069 Alexandro
1462 1025 1505 1059 de
1525 1024 1634 1059 Sinal-

150 1081 232 1116 ham
251 1080 389 1121 clerico,
409 1085 444 1115 et
462 1080 580 1115 multis
598 1080 684 1114 aliis.

153 1249 262 1284 Carta
269 1248 477 1284 Maldoveni
488 1248 624 1283 comitis
635 1249 679 1283 de
686 1248 865 1291 Levenax,
873 1250 917 1285 de
923 1250 1027 1285 terris
1034 1249 1277 1285 Drumtocher
1287 1256 1320 1285 et
1327 1250 1632 1296 Drumthglunan.

152 1362 391 1399 OMNIBUS
409 1363 469 1397 has
486 1362 619 1397 litteras
632 1361 754 1397 visuris
771 1363 827 1397 vel
845 1362 1016 1398 audituris
1029 1361 1266 1396 Maldovenus
1279 1375 1395 1396 comes
1407 1362 1449 1396 de
1464 1362 1631 1397 Levenax

151 1420 297 1455 salutem
317 1420 352 1453 in
370 1419 541 1453 Domino.
594 1418 716 1453 Sciatis
734 1431 789 1453 me
808 1418 935 1454 dediffe
962 1418 1141 1453 monachis
1159 1418 1202 1452 de
1223 1417 1370 1452 Paffelet
1395 1419 1432 1452 in
1458 1431 1581 1466 puram
1601 1424 1636 1454 et

151 1483 357 1525 perpetuam
376 1474 608 1515 elemofinam,
628 1480 738 1509 totam
767 1475 863 1509 illam
880 1481 1010 1510 terram
1029 1475 1073 1509 de
1092 1475 1334 1510 Drumtocher
1352 1481 1386 1509 et
1404 1480 1514 1510 totam
1540 1475 1636 1510 illam

152 1542 282 1570 terram
301 1534 345 1567 de
364 1531 659 1578 Drumthglunan
684 1544 748 1578 per
774 1532 888 1565 reetas
908 1531 1030 1566 divisas
1049 1532 1252 1572 earundem,
1285 1537 1320 1566 et
1336 1536 1452 1566 totum
1464 1532 1524 1578 jus
1541 1533 1637 1578 quod

153 1591 257 1625 habui
284 1590 321 1624 in
348 1587 423 1636 ipfis
450 1587 553 1622 terris
571 1587 738 1634 predietis
764 1588 943 1622 monachis
961 1588 1118 1634 quietum
1137 1585 1307 1621 clamaffe.
1361 1587 1482 1628 Quare
1500 1588 1583 1622 volo
1602 1594 1636 1622 et

151 1646 307 1694 precipio
326 1650 365 1679 ut
385 1644 559 1678 Radulfus
577 1643 776 1690 capellanus
795 1644 927 1678 domini
958 1643 1067 1689 Regis
1084 1644 1143 1689 qui
1162 1642 1247 1690 ipsas
1264 1648 1375 1677 terras
1392 1648 1490 1678 tenet
1508 1644 1543 1677 in
1562 1649 1637 1678 tota

152 1704 224 1738 vita
240 1702 310 1742 sua,
339 1702 382 1736 de
407 1701 518 1735 tribus
544 1701 668 1734 marcis
686 1701 823 1747 argenti
842 1706 876 1735 et
894 1700 937 1734 de
955 1712 1027 1733 una
1045 1699 1162 1733 celdra
1187 1699 1298 1733 farine
1317 1705 1352 1733 et
1370 1699 1413 1733 de
1431 1712 1502 1734 una
1520 1700 1638 1734 celdra

152 1758 261 1800 brafii,
293 1757 434 1804 singulis
459 1757 559 1791 annis
577 1757 620 1790 de
639 1762 767 1797 cetero,
794 1756 962 1804 prediefis
979 1755 1158 1791 monachis
1188 1754 1407 1802 respondeat,
1436 1754 1521 1790 ficut
1550 1756 1636 1790 mihi

153 1814 362 1863 respondere
392 1812 535 1847 solebat.
585 1812 682 1847 Volo
709 1813 812 1847 etiam
840 1818 880 1847 ut
909 1811 978 1846 fine
1011 1811 1126 1857 aliqua
1156 1812 1436 1846 eontradiffione
1455 1811 1524 1859 ipse
1543 1817 1636 1847 terre

153 1872 279 1907 cedant
308 1871 344 1905 in
370 1868 450 1905 usus
467 1869 710 1916 predicitorum
727 1869 981 1904 monachorum
994 1869 1070 1916 post
1087 1867 1258 1904 deceffum
1277 1869 1334 1904 vel
1348 1868 1532 1904 ceffionem
1551 1870 1636 1916 ejus-

153 1929 233 1964 dem
259 1926 415 1963 Radulfi.
466 1925 514 1960 Et
543 1925 580 1959 in
611 1925 709 1972 cujus
738 1925 789 1959 rei
819 1925 1055 1960 testimonium
1088 1924 1305 1973 presentibus
1332 1925 1458 1960 litteris
1487 1924 1635 1972 figillum

154 1996 272 2020 meum
289 1981 442 2031 apposui.
494 1981 632 2016 Valete.

155 2149 473 2188 CartaMaldoveni
480 2149 615 2184 comitis
621 2147 1402 2190 deLevenax,deDrumdinanis‚Cultensuthe
1409 2147 1634 2184 etReinfode.

153 2263 309 2300 SCIAN
314 2262 348 2297 T
365 2260 542 2309 presentes
570 2266 605 2296 et
634 2261 744 2296 futuri
762 2262 858 2307 quod
888 2274 953 2308 ego
985 2259 1224 2295 Maldovenus
1249 2273 1366 2295 comes
1393 2260 1437 2295 de
1466 2260 1635 2296 Levenax

153 2320 245 2362 dedi,
273 2316 420 2355 conceffi
437 2322 473 2353 et
489 2317 554 2352 hac
571 2316 722 2364 presenti
740 2323 836 2353 carta
853 2330 932 2353 mea
948 2316 1165 2358 confirmavi,
1187 2316 1275 2363 Deo
1287 2321 1329 2364 vet
1347 2316 1485 2353 San<ffis
1501 2317 1635 2354 Jacobo
