1870 2683
189 293 261 326 480
587 282 904 320 REGISTRUM
932 280 1269 317 MONASTERII

194 439 398 477 Alexander
415 448 504 484 papa
520 434 656 474 tertius,
676 433 719 468 de
739 432 918 468 erectione
935 431 1148 467 monasterii.

197 546 527 586 ALEXANDER
546 545 724 593 episcopus
741 544 858 579 lervus
875 543 1055 579 servorum
1070 543 1141 578 Dei
1159 543 1223 588 ᾆσ.
1243 543 1444 589 [utsupra]
1450 542 1547 590 fhlio
1564 543 1673 584 cclvio,

197 620 219 641 ιι
257 618 299 642 ue
315 605 385 640 huc
399 620 413 647 ;

207 608 254 654 sq
295 662 373 708 Ego
393 658 598 694 Alexander
615 657 785 692 catholice
803 655 942 691 ecclefie
953 656 1133 703 episcopus
1152 664 1183 694 ÷
1207 655 1284 701 Ego
1299 654 1482 690 Wilelmus
1493 655 1677 690 cardinalis

295 717 389 752 tituli
408 715 527 750 Sancti
546 714 642 749 Petri
659 714 703 748 ad
720 712 862 748 vincula
894 722 924 751 -ι-
956 713 1034 759 Ego
1054 711 1144 747 Boso
1161 710 1328 759 presbiter
1345 711 1529 746 cardinalis
1548 711 1676 746 Sancte

297 772 517 808 Pudentiane
540 770 634 805 tituli
663 769 807 817 pastoris
827 779 857 808 4-
881 768 959 815 Ego
975 768 1156 805 Johannes
1180 766 1347 815 prelbiter
1377 767 1560 802 cardinalis
1585 767 1679 802 tituli

300 829 420 864 Sancti
441 827 556 861 Marci
578 836 609 866 -ι-
633 826 712 873 Ego
736 826 924 860 Hubaldus
945 823 1132 859 Hostienfis
1162 823 1340 871 episcopus
1361 833 1391 863 -ι-
1415 824 1492 870 Ego
1511 823 1680 858 Galterus

301 882 507 920 Albanenfis
525 882 703 930 episcopus
724 892 755 921 ÷
778 882 856 928 Ego
876 881 983 916 Oddo
1002 880 1168 914 diaconus
1186 879 1370 914 cardinalis
1385 879 1505 914 Saneti
1518 879 1682 914 Nicholai

302 942 338 975 in
353 953 490 975 carcere
504 939 671 973 Tulliano
692 948 722 974 -ι-
741 938 817 984 Ego
831 937 1004 984 Cynthius
1018 937 1201 971 cardinalis
1216 937 1381 971 diaconus
1396 937 1516 971 Sanfflfi
1532 937 1682 971 Adriani

305 1008 335 1037 -ι-
367 998 444 1043 Ego
476 997 685 1031 Manfredus
704 995 823 1030 Sancti
842 993 990 1039 Georgii
1020 992 1062 1026 ad
1093 992 1211 1026 velum
1228 1005 1373 1028 aureum
1393 993 1558 1028 diaconus
1576 993 1684 1029 cardi-

303 1054 391 1088 nalis
412 1063 442 1092 -ι-
461 1053 539 1099 Ego
560 1052 670 1097 Hugo
689 1051 855 1085 diaconus
873 1048 1056 1084 cardinalis
1075 1048 1194 1082 saneti
1213 1047 1385 1083 Eustachii
1393 1048 1497 1095 juxta
1514 1049 1684 1097 templum

306 1110 466 1156 Agrippe
481 1118 512 1147 4
531 1108 608 1153 Ego
621 1106 788 1141 Vitellius
803 1106 970 1140 diaconus
981 1104 1165 1139 cardinalis
1172 1103 1382 1138 Sanctorum
1391 1104 1503 1151 Sergii
1515 1110 1549 1140 et
1556 1105 1684 1141 Bacchi

309 1176 340 1204 -4-
364 1165 441 1211 Ego
460 1164 587 1198 Petrus
606 1163 772 1197 diaconus
789 1160 973 1196 cardinalis
992 1160 1120 1195 Sancte
1140 1158 1256 1193 Marie
1274 1160 1311 1193 in
1330 1159 1479 1206 Aquiro.

216 1334 489 1369 Instrumentum
506 1331 657 1365 limitum
676 1330 718 1364 de
738 1328 992 1364 Caldorhawch
1011 1334 1047 1363 et
1067 1328 1136 1363 Bar
1153 1328 1190 1363 in
1208 1327 1512 1376 Lochquhyngok.

216 1447 273 1482 IN
304 1445 397 1480 DEI
428 1443 643 1479 NOMINE
677 1442 806 1476 Amen.
859 1440 927 1475 Per
957 1441 1023 1475 hoc
1052 1439 1192 1488 presens
1218 1439 1396 1488 publicum
1423 1441 1690 1478 instrumentum

216 1502 351 1538 cunetis
368 1505 485 1548 pateat
503 1499 684 1533 evidenter
710 1503 745 1532 et
769 1496 808 1532 fit
824 1502 948 1531 notum
966 1497 1062 1543 quod
1079 1509 1173 1531 anno
1191 1497 1365 1531 dominice
1382 1497 1632 1533 incarnationis
1649 1508 1692 1533 Μο

219 1565 350 1593 ccccc⁰
378 1561 443 1596 111⁰,
476 1555 530 1589 die
561 1567 645 1588 vero
676 1551 798 1588 mensis
825 1552 959 1599 Aprilis
988 1554 1094 1593 xxvi0,
1126 1553 1320 1587 indiffime
1349 1553 1567 1594 duodecima,
1606 1567 1692 1601 pon-

218 1615 370 1649 tificatus
397 1609 594 1647 sanffiffimi
622 1611 659 1644 in
687 1609 823 1644 Christo
854 1609 961 1656 patris
983 1614 1019 1644 et
1048 1609 1180 1643 domini
1197 1608 1303 1644 nostri
1320 1609 1453 1643 domini
1470 1609 1558 1644 Julii
1576 1610 1694 1644 divina

219 1669 438 1718 providentia
454 1680 543 1715 pape
560 1666 701 1701 secundi
719 1678 812 1700 anno
830 1663 937 1705 sexto,
969 1665 1005 1699 in
1023 1665 1092 1699 mei
1108 1665 1235 1699 notarii
1266 1664 1395 1711 publici
1414 1669 1449 1699 et
1464 1664 1601 1700 testium
1618 1664 1694 1701 sub-

219 1726 425 1773 scriptorum
443 1722 615 1771 presentia
631 1721 858 1769 personaliter
885 1720 1059 1755 constituti
1086 1725 1186 1754 erant
1209 1720 1351 1766 quidam
1375 1719 1512 1767 judices
1538 1721 1642 1756 electi
1660 1728 1695 1756 et

216 1782 325 1829 jurati
342 1793 406 1828 pro
425 1777 589 1814 divifione
608 1778 758 1812 limitum
781 1782 817 1811 et
847 1775 1031 1811 divisarum
1051 1781 1225 1811 certarum
1251 1781 1426 1810 terrarum
1443 1777 1536 1811 inter
1552 1789 1696 1812 venera-

221 1837 326 1872 bilem
344 1837 380 1870 in
400 1834 535 1870 Christo
553 1839 688 1881 patrem
708 1833 905 1867 Robertum
923 1831 1142 1878 permiffione
1160 1832 1278 1866 divina
1302 1832 1461 1867 abbatem
1489 1833 1532 1867 de
1563 1832 1696 1867 Passeto

223 1899 257 1928 et
274 1892 374 1926 suum
393 1895 605 1926 conventum
635 1902 678 1923 ex
704 1893 802 1936 parte
819 1901 900 1928 una,
933 1894 968 1923 et
999 1888 1197 1923 Robertum
1216 1887 1358 1935 Symple
1388 1888 1431 1922 de
1461 1887 1646 1924 Fowlwod
1663 1893 1698 1922 et

225 1948 418 1983 Ricardum
447 1946 580 1981 Brown
611 1945 654 1979 de
683 1944 941 1991 Cultermayns‚
970 1944 1129 1978 dominos
1156 1944 1198 1978 de
1233 1943 1490 1978 Caldorhaweh
1520 1944 1556 1978 in
1585 1943 1699 1979 Loch-

225 2003 426 2051 quhyngok,
441 2007 538 2048 parte
553 2014 596 2035 ex
607 2001 726 2040 altera,
742 2000 905 2034 videlicet
916 2012 980 2047 pro
992 2005 1090 2046 parte
1105 1999 1281 2034 dierorum
1297 1999 1445 2034 Abbatis
1457 2005 1491 2034 et
1505 2005 1699 2035 conventus

226 2060 330 2095 electi
349 2058 533 2092 Wilelmus
549 2055 734 2092 Jamesone
761 2061 796 2091 et
822 2055 942 2090 David
961 2055 1162 2090 Blackburn
1181 2060 1215 2090 et
1230 2068 1296 2102 pro
1314 2060 1412 2102 parte
1431 2055 1608 2090 dictorum
1627 2056 1699 2091 Ro-

226 2115 316 2149 berti
345 2120 381 2149 et
412 2113 557 2148 Ricardi
574 2112 677 2147 electi
696 2111 880 2146 Wilelmus
898 2110 973 2146 Luf
998 2118 1034 2147 et
1061 2112 1242 2148 johannes
1272 2111 1354 2146 Luf.
1406 2111 1479 2153 Qui
1502 2112 1640 2159 judices
1655 2111 1699 2147 fic

228 2172 319 2205 inter
336 2175 451 2217 partes
469 2169 584 2209 electi,
604 2168 640 2202 in
657 2166 717 2202 sua
733 2166 952 2207 conscientia,
971 2179 1099 2214 magno
1113 2167 1315 2214 juramento
1328 2167 1596 2208 interveniente,
1612 2166 1700 2214 ipias

228 2232 338 2260 terras
355 2225 455 2272 super
474 2225 598 2271 quibus
609 2224 650 2258 lis
662 2228 740 2258 orta
755 2228 829 2258 erat
839 2223 990 2257 fideliter
1004 2222 1196 2258 diviserunt
1209 2228 1245 2257 et
1257 2222 1464 2258 limitarunt.
1492 2222 1699 2270 Incipiendo

230 2282 272 2316 ad
291 2294 413 2327 aquam
431 2281 474 2315 de
493 2281 623 2316 Calder
640 2280 699 2315 ubi
717 2280 824 2314 intrat
841 2279 954 2314 lacum
973 2279 1016 2313 de
1034 2278 1337 2326 Lochquhyngok,
1356 2284 1391 2314 et
1416 2278 1459 2314 fic
1484 2278 1699 2313 ascendendo

231 2338 295 2383 qi‘13
322 2337 399 2371 ext‘s
420 2337 484 2382 qii5
511 2337 609 2371 dcam
635 2342 724 2382 aqua
750 2348 793 2370 ex
819 2323 923 2370 adilso
962 2336 1034 2369 int‘r
1064 2335 1156 2369 inter
1182 2340 1292 2369 terras
1323 2335 1365 2370 de
1394 2334 1464 2369 Bar
1491 2340 1526 2369 et
1555 2333 1700 2369 Caldor-
