<?xml version="1.0" encoding="UTF-8"?>
<!DOCTYPE html PUBLIC "-//W3C//DTD XHTML 1.0 Transitional//EN"
    "http://www.w3.org/TR/xhtml1/DTD/xhtml1-transitional.dtd">
<html xmlns="http://www.w3.org/1999/xhtml" xml:lang="en" lang="en">
 <head>
  <title>
</title>
<meta http-equiv="Content-Type" content="text/html;charset=utf-8" />
  <meta name='ocr-system' content='tesseract 3.04.00' />
  <meta name='ocr-capabilities' content='ocr_page ocr_carea ocr_par ocr_line ocrx_word'/>
</head>
<body>
  <div class='ocr_page' id='page_1' title='image "./registrummonaste00mait_0299.png"; bbox 0 0 1839 2652; ppageno 0'>
   <div class='ocr_carea' id='block_1_1' title="bbox 691 270 1629 315">
    <p class='ocr_par' dir='ltr' id='par_1_1' title="bbox 691 270 1629 315">
     <span class='ocr_line' id='line_1_1' title="bbox 691 270 1629 315; baseline 0.01 -11"><span class='ocrx_word' id='word_1_1' title='bbox 691 270 761 305; x_wconf 84' lang='lat' dir='ltr'>DE</span> <span class='ocrx_word' id='word_1_2' title='bbox 794 270 1064 307; x_wconf 90' lang='lat' dir='ltr'><strong>PASSELET.</strong></span> <span class='ocrx_word' id='word_1_3' title='bbox 1559 280 1629 315; x_wconf 63' lang='lat'>239</span> 
     </span>
    </p>
   </div>
   <div class='ocr_carea' id='block_1_2' title="bbox 145 365 1633 977">
    <p class='ocr_par' dir='ltr' id='par_1_2' title="bbox 145 365 1633 977">
     <span class='ocr_line' id='line_1_2' title="bbox 149 365 1630 419; baseline 0.003 -17"><span class='ocrx_word' id='word_1_4' title='bbox 149 373 183 402; x_wconf 90' lang='lat' dir='ltr'>et</span> <span class='ocrx_word' id='word_1_5' title='bbox 200 365 486 402; x_wconf 87' lang='lat' dir='ltr'>honorificentius</span> <span class='ocrx_word' id='word_1_6' title='bbox 504 370 646 401; x_wconf 85' lang='lat' dir='ltr'>tenetur</span> <span class='ocrx_word' id='word_1_7' title='bbox 664 367 720 401; x_wconf 90' lang='lat' dir='ltr'>vel</span> <span class='ocrx_word' id='word_1_8' title='bbox 738 366 939 414; x_wconf 84' lang='lat' dir='ltr'>possidetur,</span> <span class='ocrx_word' id='word_1_9' title='bbox 969 375 1003 404; x_wconf 88' lang='lat' dir='ltr'>et</span> <span class='ocrx_word' id='word_1_10' title='bbox 1020 368 1090 405; x_wconf 91' lang='lat' dir='ltr'>fine</span> <span class='ocrx_word' id='word_1_11' title='bbox 1109 371 1213 405; x_wconf 86' lang='lat' dir='ltr'>etiam</span> <span class='ocrx_word' id='word_1_12' title='bbox 1241 371 1356 418; x_wconf 84' lang='lat' dir='ltr'>aliqua</span> <span class='ocrx_word' id='word_1_13' title='bbox 1372 371 1630 419; x_wconf 85' lang='lat' dir='ltr'>presentatione</span> 
     </span>
     <span class='ocr_line' id='line_1_3' title="bbox 147 421 1631 475; baseline 0.005 -18"><span class='ocrx_word' id='word_1_14' title='bbox 147 423 266 457; x_wconf 86' lang='lat' dir='ltr'>vicarii</span> <span class='ocrx_word' id='word_1_15' title='bbox 284 422 328 456; x_wconf 84' lang='lat' dir='ltr'>ad</span> <span class='ocrx_word' id='word_1_16' title='bbox 346 422 504 463; x_wconf 84' lang='lat' dir='ltr'>eandem,</span> <span class='ocrx_word' id='word_1_17' title='bbox 529 421 587 456; x_wconf 83' lang='lat' dir='ltr'>sed</span> <span class='ocrx_word' id='word_1_18' title='bbox 606 423 701 469; x_wconf 90' lang='lat' dir='ltr'>quod</span> <span class='ocrx_word' id='word_1_19' title='bbox 719 425 964 459; x_wconf 86' lang='lat' dir='ltr'>tantummodo</span> <span class='ocrx_word' id='word_1_20' title='bbox 982 439 1045 472; x_wconf 85' lang='lat' dir='ltr'>per</span> <span class='ocrx_word' id='word_1_21' title='bbox 1063 425 1230 474; x_wconf 74' lang='lat' dir='ltr'>simplices</span> <span class='ocrx_word' id='word_1_22' title='bbox 1248 427 1456 474; x_wconf 65' lang='lat' dir='ltr'>presbiteros</span> <span class='ocrx_word' id='word_1_23' title='bbox 1474 429 1631 475; x_wconf 81' lang='lat' dir='ltr'>ydoneos</span> 
     </span>
     <span class='ocr_line' id='line_1_4' title="bbox 148 478 1633 526; baseline 0.005 -13"><span class='ocrx_word' id='word_1_24' title='bbox 148 484 182 513; x_wconf 87' lang='lat' dir='ltr'>et</span> <span class='ocrx_word' id='word_1_25' title='bbox 200 479 243 513; x_wconf 82' lang='lat' dir='ltr'>ad</span> <span class='ocrx_word' id='word_1_26' title='bbox 262 490 385 512; x_wconf 89' lang='lat' dir='ltr'>eorum</span> <span class='ocrx_word' id='word_1_27' title='bbox 404 478 624 513; x_wconf 87' lang='lat' dir='ltr'>voluntatem</span> <span class='ocrx_word' id='word_1_28' title='bbox 643 480 826 526; x_wconf 83' lang='lat' dir='ltr'>ponendos</span> <span class='ocrx_word' id='word_1_29' title='bbox 846 486 880 514; x_wconf 87' lang='lat' dir='ltr'>et</span> <span class='ocrx_word' id='word_1_30' title='bbox 910 483 1143 517; x_wconf 87' lang='lat' dir='ltr'>removendos</span> <span class='ocrx_word' id='word_1_31' title='bbox 1163 484 1276 518; x_wconf 87' lang='lat' dir='ltr'>eidem</span> <span class='ocrx_word' id='word_1_32' title='bbox 1295 483 1433 519; x_wconf 88' lang='lat' dir='ltr'>ecclesie</span> <span class='ocrx_word' id='word_1_33' title='bbox 1452 485 1488 518; x_wconf 93' lang='lat' dir='ltr'>in</span> <span class='ocrx_word' id='word_1_34' title='bbox 1506 485 1633 520; x_wconf 88' lang='lat' dir='ltr'>divinis</span> 
     </span>
     <span class='ocr_line' id='line_1_5' title="bbox 147 535 1629 587; baseline 0.003 -17"><span class='ocrx_word' id='word_1_35' title='bbox 147 535 326 576; x_wconf 82' lang='lat' dir='ltr'>serviatur,</span> <span class='ocrx_word' id='word_1_36' title='bbox 355 536 415 582; x_wconf 91' lang='lat' dir='ltr'>qui</span> <span class='ocrx_word' id='word_1_37' title='bbox 433 535 533 570; x_wconf 88' lang='lat' dir='ltr'>nobis</span> <span class='ocrx_word' id='word_1_38' title='bbox 560 536 602 570; x_wconf 89' lang='lat' dir='ltr'>de</span> <span class='ocrx_word' id='word_1_39' title='bbox 632 549 716 571; x_wconf 86' lang='lat' dir='ltr'>cura</span> <span class='ocrx_word' id='word_1_40' title='bbox 733 538 929 572; x_wconf 82' lang='lat' dir='ltr'>animarum</span> <span class='ocrx_word' id='word_1_41' title='bbox 959 543 993 572; x_wconf 90' lang='lat' dir='ltr'>et</span> <span class='ocrx_word' id='word_1_42' title='bbox 1024 538 1099 573; x_wconf 84' lang='lat' dir='ltr'>aliis</span> <span class='ocrx_word' id='word_1_43' title='bbox 1116 539 1351 586; x_wconf 82' lang='lat' dir='ltr'>spiritualibus</span> <span class='ocrx_word' id='word_1_44' title='bbox 1368 540 1629 587; x_wconf 84' lang='lat' dir='ltr'>respondeant:</span> 
     </span>
     <span class='ocr_line' id='line_1_6' title="bbox 149 591 1632 643; baseline 0.003 -17"><span class='ocrx_word' id='word_1_45' title='bbox 149 592 259 627; x_wconf 81' lang='lat' dir='ltr'>Salvis</span> <span class='ocrx_word' id='word_1_46' title='bbox 277 591 377 625; x_wconf 90' lang='lat' dir='ltr'>nobis</span> <span class='ocrx_word' id='word_1_47' title='bbox 395 599 430 626; x_wconf 85' lang='lat' dir='ltr'>et</span> <span class='ocrx_word' id='word_1_48' title='bbox 447 591 694 626; x_wconf 84' lang='lat' dir='ltr'>successoribus</span> <span class='ocrx_word' id='word_1_49' title='bbox 712 593 834 627; x_wconf 82' lang='lat' dir='ltr'>nostris</span> <span class='ocrx_word' id='word_1_50' title='bbox 852 607 892 628; x_wconf 83' lang='lat' dir='ltr'>ac</span> <span class='ocrx_word' id='word_1_51' title='bbox 909 594 1160 629; x_wconf 85' lang='lat' dir='ltr'>archidiaconis</span> <span class='ocrx_word' id='word_1_52' title='bbox 1172 596 1230 641; x_wconf 93' lang='lat' dir='ltr'>qui</span> <span class='ocrx_word' id='word_1_53' title='bbox 1244 608 1309 642; x_wconf 87' lang='lat' dir='ltr'>pro</span> <span class='ocrx_word' id='word_1_54' title='bbox 1323 601 1482 643; x_wconf 90' lang='lat' dir='ltr'>tempore</span> <span class='ocrx_word' id='word_1_55' title='bbox 1500 597 1632 631; x_wconf 85' lang='lat' dir='ltr'>fuerint</span> 
     </span>
     <span class='ocr_line' id='line_1_7' title="bbox 147 649 1629 698; baseline 0.003 -15"><span class='ocrx_word' id='word_1_56' title='bbox 147 650 220 683; x_wconf 88' lang='lat' dir='ltr'>aliis</span> <span class='ocrx_word' id='word_1_57' title='bbox 235 649 374 697; x_wconf 87' lang='lat' dir='ltr'>juribus</span> <span class='ocrx_word' id='word_1_58' title='bbox 393 649 642 696; x_wconf 84' lang='lat' dir='ltr'>episcopalibus</span> <span class='ocrx_word' id='word_1_59' title='bbox 660 656 695 684; x_wconf 91' lang='lat' dir='ltr'>et</span> <span class='ocrx_word' id='word_1_60' title='bbox 713 650 1058 684; x_wconf 83' lang='lat' dir='ltr'>archidiaconalibus.</span> <span class='ocrx_word' id='word_1_61' title='bbox 1112 650 1157 684; x_wconf 89' lang='lat' dir='ltr'>In</span> <span class='ocrx_word' id='word_1_62' title='bbox 1175 651 1274 698; x_wconf 87' lang='lat' dir='ltr'>cujus</span> <span class='ocrx_word' id='word_1_63' title='bbox 1301 652 1351 686; x_wconf 87' lang='lat' dir='ltr'>rei</span> <span class='ocrx_word' id='word_1_64' title='bbox 1382 652 1629 695; x_wconf 85' lang='lat' dir='ltr'>testimonium,</span> 
     </span>
     <span class='ocr_line' id='line_1_8' title="bbox 146 705 1631 755; baseline 0.003 -16"><span class='ocrx_word' id='word_1_65' title='bbox 146 705 294 752; x_wconf 81' lang='lat' dir='ltr'>sigillum</span> <span class='ocrx_word' id='word_1_66' title='bbox 313 705 467 739; x_wconf 86' lang='lat' dir='ltr'>nostrum</span> <span class='ocrx_word' id='word_1_67' title='bbox 486 705 702 752; x_wconf 75' lang='lat' dir='ltr'>presentibus</span> <span class='ocrx_word' id='word_1_68' title='bbox 721 705 767 740; x_wconf 85' lang='lat' dir='ltr'>est</span> <span class='ocrx_word' id='word_1_69' title='bbox 785 705 984 753; x_wconf 88' lang='lat' dir='ltr'>appensum.</span> <span class='ocrx_word' id='word_1_70' title='bbox 1039 706 1119 740; x_wconf 88' lang='lat' dir='ltr'>Hiis</span> <span class='ocrx_word' id='word_1_71' title='bbox 1148 707 1299 748; x_wconf 84' lang='lat' dir='ltr'>testibus,</span> <span class='ocrx_word' id='word_1_72' title='bbox 1330 708 1491 755; x_wconf 83' lang='lat' dir='ltr'>magistro</span> <span class='ocrx_word' id='word_1_73' title='bbox 1515 709 1631 744; x_wconf 88' lang='lat' dir='ltr'>Wilel-</span> 
     </span>
     <span class='ocr_line' id='line_1_9' title="bbox 148 760 1630 809; baseline 0.004 -14"><span class='ocrx_word' id='word_1_74' title='bbox 148 774 205 796; x_wconf 87' lang='lat' dir='ltr'>mo</span> <span class='ocrx_word' id='word_1_75' title='bbox 225 762 267 796; x_wconf 91' lang='lat' dir='ltr'>de</span> <span class='ocrx_word' id='word_1_76' title='bbox 287 760 469 808; x_wconf 78' lang='lat' dir='ltr'>Lyndesay</span> <span class='ocrx_word' id='word_1_77' title='bbox 487 761 733 795; x_wconf 87' lang='lat' dir='ltr'>archidiacono</span> <span class='ocrx_word' id='word_1_78' title='bbox 753 762 872 796; x_wconf 61' lang='lat' dir='ltr'>Sancli</span> <span class='ocrx_word' id='word_1_79' title='bbox 893 762 1051 803; x_wconf 85' lang='lat' dir='ltr'>Andree‚</span> <span class='ocrx_word' id='word_1_80' title='bbox 1067 763 1229 809; x_wconf 79' lang='lat' dir='ltr'>magistro</span> <span class='ocrx_word' id='word_1_81' title='bbox 1248 763 1408 799; x_wconf 75' lang='lat' dir='ltr'>VValtero</span> <span class='ocrx_word' id='word_1_82' title='bbox 1427 765 1469 800; x_wconf 93' lang='lat' dir='ltr'>de</span> <span class='ocrx_word' id='word_1_83' title='bbox 1489 765 1518 799; x_wconf 91' lang='lat' dir='ltr'>F</span> <span class='ocrx_word' id='word_1_84' title='bbox 1520 766 1630 806; x_wconf 80' lang='lat' dir='ltr'>othes,</span> 
     </span>
     <span class='ocr_line' id='line_1_10' title="bbox 147 816 1632 863; baseline 0.003 -12"><span class='ocrx_word' id='word_1_85' title='bbox 147 817 285 852; x_wconf 88' lang='lat' dir='ltr'>officiali</span> <span class='ocrx_word' id='word_1_86' title='bbox 304 818 400 852; x_wconf 86' lang='lat' dir='ltr'>curie</span> <span class='ocrx_word' id='word_1_87' title='bbox 420 816 664 863; x_wconf 65' lang='lat' dir='ltr'>Glasgwenfis,</span> <span class='ocrx_word' id='word_1_88' title='bbox 694 817 838 855; x_wconf 89' lang='lat' dir='ltr'>domino</span> <span class='ocrx_word' id='word_1_89' title='bbox 859 818 1019 852; x_wconf 86' lang='lat' dir='ltr'>Roberto</span> <span class='ocrx_word' id='word_1_90' title='bbox 1050 819 1093 853; x_wconf 89' lang='lat' dir='ltr'>de</span> <span class='ocrx_word' id='word_1_91' title='bbox 1121 819 1326 854; x_wconf 86' lang='lat' dir='ltr'>Stratherne</span> <span class='ocrx_word' id='word_1_92' title='bbox 1345 820 1559 856; x_wconf 78' lang='lat' dir='ltr'>thesaurario</span> <span class='ocrx_word' id='word_1_93' title='bbox 1579 835 1632 856; x_wconf 90' lang='lat' dir='ltr'>ec-</span> 
     </span>
     <span class='ocr_line' id='line_1_11' title="bbox 146 872 1631 922; baseline 0.003 -15"><span class='ocrx_word' id='word_1_94' title='bbox 146 872 244 908; x_wconf 89' lang='lat' dir='ltr'>clesie</span> <span class='ocrx_word' id='word_1_95' title='bbox 263 872 506 919; x_wconf 82' lang='lat' dir='ltr'>Glasgwensis,</span> <span class='ocrx_word' id='word_1_96' title='bbox 535 886 574 907; x_wconf 84' lang='lat' dir='ltr'>ac</span> <span class='ocrx_word' id='word_1_97' title='bbox 605 873 750 908; x_wconf 85' lang='lat' dir='ltr'>domino</span> <span class='ocrx_word' id='word_1_98' title='bbox 770 873 929 921; x_wconf 79' lang='lat' dir='ltr'>Hugone</span> <span class='ocrx_word' id='word_1_99' title='bbox 948 874 1204 922; x_wconf 87' lang='lat' dir='ltr'>Ennerpefery,</span> <span class='ocrx_word' id='word_1_100' title='bbox 1233 876 1393 922; x_wconf 73' lang='lat' dir='ltr'>predi6te</span> <span class='ocrx_word' id='word_1_101' title='bbox 1412 877 1551 912; x_wconf 89' lang='lat' dir='ltr'>ecclesie</span> <span class='ocrx_word' id='word_1_102' title='bbox 1578 891 1631 912; x_wconf 82' lang='lat' dir='ltr'>ca-</span> 
     </span>
     <span class='ocr_line' id='line_1_12' title="bbox 145 929 1337 977; baseline 0.003 -14"><span class='ocrx_word' id='word_1_103' title='bbox 145 930 290 970; x_wconf 91' lang='lat' dir='ltr'>nonicis,</span> <span class='ocrx_word' id='word_1_104' title='bbox 311 930 454 964; x_wconf 89' lang='lat' dir='ltr'>domino</span> <span class='ocrx_word' id='word_1_105' title='bbox 475 929 595 963; x_wconf 85' lang='lat' dir='ltr'>David</span> <span class='ocrx_word' id='word_1_106' title='bbox 615 930 745 964; x_wconf 86' lang='lat' dir='ltr'>vicario</span> <span class='ocrx_word' id='word_1_107' title='bbox 766 929 904 965; x_wconf 88' lang='lat' dir='ltr'>ecclesie</span> <span class='ocrx_word' id='word_1_108' title='bbox 922 930 965 965; x_wconf 89' lang='lat' dir='ltr'>de</span> <span class='ocrx_word' id='word_1_109' title='bbox 985 930 1177 977; x_wconf 81' lang='lat' dir='ltr'>Doryssler,</span> <span class='ocrx_word' id='word_1_110' title='bbox 1199 937 1234 966; x_wconf 91' lang='lat' dir='ltr'>et</span> <span class='ocrx_word' id='word_1_111' title='bbox 1251 932 1337 966; x_wconf 84' lang='lat' dir='ltr'>aliis.</span> 
     </span>
    </p>
   </div>
   <div class='ocr_carea' id='block_1_3' title="bbox 147 1098 1540 1148">
    <p class='ocr_par' dir='ltr' id='par_1_3' title="bbox 147 1098 1540 1148">
     <span class='ocr_line' id='line_1_13' title="bbox 147 1098 1540 1148; baseline 0.003 -17"><span class='ocrx_word' id='word_1_112' title='bbox 147 1098 379 1132; x_wconf 89' lang='lat' dir='ltr'>Confirmatio</span> <span class='ocrx_word' id='word_1_113' title='bbox 398 1098 531 1132; x_wconf 89' lang='lat' dir='ltr'>domini</span> <span class='ocrx_word' id='word_1_114' title='bbox 551 1098 707 1133; x_wconf 83' lang='lat' dir='ltr'>Wilelmi</span> <span class='ocrx_word' id='word_1_115' title='bbox 728 1098 876 1145; x_wconf 87' lang='lat' dir='ltr'>episcopi</span> <span class='ocrx_word' id='word_1_116' title='bbox 897 1098 1139 1145; x_wconf 79' lang='lat' dir='ltr'>Glasgwenfis,</span> <span class='ocrx_word' id='word_1_117' title='bbox 1161 1099 1300 1134; x_wconf 84' lang='lat' dir='ltr'>ecclesie</span> <span class='ocrx_word' id='word_1_118' title='bbox 1319 1101 1363 1135; x_wconf 90' lang='lat' dir='ltr'>de</span> <span class='ocrx_word' id='word_1_119' title='bbox 1382 1100 1540 1148; x_wconf 83' lang='lat' dir='ltr'>Largyss.</span> 
     </span>
    </p>
   </div>
   <div class='ocr_carea' id='block_1_4' title="bbox 143 1208 1632 2380">
    <p class='ocr_par' dir='ltr' id='par_1_4' title="bbox 143 1208 1632 2380">
     <span class='ocr_line' id='line_1_14' title="bbox 147 1208 1631 1260; baseline 0.003 -16"><span class='ocrx_word' id='word_1_120' title='bbox 147 1209 386 1245; x_wconf 84' lang='lat' dir='ltr'>OMNIBUS</span> <span class='ocrx_word' id='word_1_121' title='bbox 413 1208 532 1244; x_wconf 68' lang='lat' dir='ltr'>sancte</span> <span class='ocrx_word' id='word_1_122' title='bbox 550 1211 670 1244; x_wconf 84' lang='lat' dir='ltr'>matris</span> <span class='ocrx_word' id='word_1_123' title='bbox 689 1208 828 1244; x_wconf 74' lang='lat' dir='ltr'>ecclesie</span> <span class='ocrx_word' id='word_1_124' title='bbox 846 1210 925 1244; x_wconf 89' lang='lat' dir='ltr'>filiis</span> <span class='ocrx_word' id='word_1_125' title='bbox 955 1212 999 1245; x_wconf 86' lang='lat' dir='ltr'>ad</span> <span class='ocrx_word' id='word_1_126' title='bbox 1030 1225 1117 1258; x_wconf 86' lang='lat' dir='ltr'>quos</span> <span class='ocrx_word' id='word_1_127' title='bbox 1134 1212 1312 1260; x_wconf 75' lang='lat' dir='ltr'>presentes</span> <span class='ocrx_word' id='word_1_128' title='bbox 1330 1213 1445 1248; x_wconf 84' lang='lat' dir='ltr'>littere</span> <span class='ocrx_word' id='word_1_129' title='bbox 1463 1226 1631 1260; x_wconf 85' lang='lat' dir='ltr'>pervene-</span> 
     </span>
     <span class='ocr_line' id='line_1_15' title="bbox 146 1265 1632 1314; baseline 0.002 -14"><span class='ocrx_word' id='word_1_130' title='bbox 146 1267 217 1301; x_wconf 87' lang='lat' dir='ltr'>rint</span> <span class='ocrx_word' id='word_1_131' title='bbox 236 1266 422 1300; x_wconf 51' lang='lat' dir='ltr'>WVilelmus</span> <span class='ocrx_word' id='word_1_132' title='bbox 440 1265 661 1313; x_wconf 76' lang='lat' dir='ltr'>permissione</span> <span class='ocrx_word' id='word_1_133' title='bbox 685 1266 803 1300; x_wconf 85' lang='lat' dir='ltr'>divina</span> <span class='ocrx_word' id='word_1_134' title='bbox 830 1266 1009 1314; x_wconf 84' lang='lat' dir='ltr'>episcopus</span> <span class='ocrx_word' id='word_1_135' title='bbox 1040 1267 1273 1314; x_wconf 82' lang='lat' dir='ltr'>Glasgwensis</span> <span class='ocrx_word' id='word_1_136' title='bbox 1304 1273 1461 1303; x_wconf 87' lang='lat' dir='ltr'>eternam</span> <span class='ocrx_word' id='word_1_137' title='bbox 1489 1270 1526 1303; x_wconf 91' lang='lat' dir='ltr'>in</span> <span class='ocrx_word' id='word_1_138' title='bbox 1557 1269 1632 1304; x_wconf 92' lang='lat' dir='ltr'>Do-</span> 
     </span>
     <span class='ocr_line' id='line_1_16' title="bbox 146 1321 1631 1371; baseline 0.002 -15"><span class='ocrx_word' id='word_1_139' title='bbox 146 1323 242 1356; x_wconf 89' lang='lat' dir='ltr'>mino</span> <span class='ocrx_word' id='word_1_140' title='bbox 261 1321 418 1356; x_wconf 87' lang='lat' dir='ltr'>salutem.</span> <span class='ocrx_word' id='word_1_141' title='bbox 471 1322 622 1357; x_wconf 84' lang='lat' dir='ltr'>Noverit</span> <span class='ocrx_word' id='word_1_142' title='bbox 640 1321 844 1357; x_wconf 80' lang='lat' dir='ltr'>universitas</span> <span class='ocrx_word' id='word_1_143' title='bbox 862 1323 973 1357; x_wconf 86' lang='lat' dir='ltr'>vestra</span> <span class='ocrx_word' id='word_1_144' title='bbox 986 1337 1050 1358; x_wconf 89' lang='lat' dir='ltr'>nos</span> <span class='ocrx_word' id='word_1_145' title='bbox 1065 1330 1197 1359; x_wconf 84' lang='lat' dir='ltr'>cartam</span> <span class='ocrx_word' id='word_1_146' title='bbox 1211 1324 1454 1371; x_wconf 81' lang='lat' dir='ltr'>religiosorum</span> <span class='ocrx_word' id='word_1_147' title='bbox 1473 1326 1631 1360; x_wconf 88' lang='lat' dir='ltr'>virorum</span> 
     </span>
     <span class='ocr_line' id='line_1_17' title="bbox 148 1376 1631 1422; baseline 0.003 -10"><span class='ocrx_word' id='word_1_148' title='bbox 148 1378 297 1412; x_wconf 80' lang='lat' dir='ltr'>Abbatis</span> <span class='ocrx_word' id='word_1_149' title='bbox 315 1383 350 1412; x_wconf 89' lang='lat' dir='ltr'>et</span> <span class='ocrx_word' id='word_1_150' title='bbox 369 1383 564 1413; x_wconf 85' lang='lat' dir='ltr'>conventus</span> <span class='ocrx_word' id='word_1_151' title='bbox 583 1379 625 1412; x_wconf 91' lang='lat' dir='ltr'>de</span> <span class='ocrx_word' id='word_1_152' title='bbox 646 1376 792 1412; x_wconf 85' lang='lat' dir='ltr'>Paffelet</span> <span class='ocrx_word' id='word_1_153' title='bbox 810 1378 924 1413; x_wconf 87' lang='lat' dir='ltr'>nostre</span> <span class='ocrx_word' id='word_1_154' title='bbox 943 1378 1094 1421; x_wconf 87' lang='lat' dir='ltr'>diocesis,</span> <span class='ocrx_word' id='word_1_155' title='bbox 1123 1393 1196 1415; x_wconf 91' lang='grc'>11011</span> <span class='ocrx_word' id='word_1_156' title='bbox 1222 1380 1343 1422; x_wconf 76' lang='lat' dir='ltr'>rasam,</span> <span class='ocrx_word' id='word_1_157' title='bbox 1372 1394 1444 1415; x_wconf 88' lang='grc'>11011</span> <span class='ocrx_word' id='word_1_158' title='bbox 1463 1381 1631 1416; x_wconf 90' lang='lat' dir='ltr'>cancella-</span> 
     </span>
     <span class='ocr_line' id='line_1_18' title="bbox 145 1434 1632 1484; baseline 0.003 -16"><span class='ocrx_word' id='word_1_159' title='bbox 145 1440 228 1474; x_wconf 84' lang='lat' dir='ltr'>tam,</span> <span class='ocrx_word' id='word_1_160' title='bbox 256 1434 375 1468; x_wconf 89' lang='lat' dir='ltr'>necin</span> <span class='ocrx_word' id='word_1_161' title='bbox 395 1434 510 1480; x_wconf 88' lang='lat' dir='ltr'>aliqua</span> <span class='ocrx_word' id='word_1_162' title='bbox 527 1440 625 1481; x_wconf 88' lang='lat' dir='ltr'>parte</span> <span class='ocrx_word' id='word_1_163' title='bbox 644 1434 695 1468; x_wconf 89' lang='lat' dir='ltr'>sui</span> <span class='ocrx_word' id='word_1_164' title='bbox 722 1435 890 1475; x_wconf 79' lang='lat' dir='ltr'>vitiatam,</span> <span class='ocrx_word' id='word_1_165' title='bbox 911 1435 1042 1477; x_wconf 76' lang='lat' dir='ltr'>vidisse,</span> <span class='ocrx_word' id='word_1_166' title='bbox 1070 1434 1188 1483; x_wconf 81' lang='lat' dir='ltr'>legiffe</span> <span class='ocrx_word' id='word_1_167' title='bbox 1217 1442 1252 1471; x_wconf 90' lang='lat' dir='ltr'>et</span> <span class='ocrx_word' id='word_1_168' title='bbox 1282 1437 1327 1471; x_wconf 90' lang='lat' dir='ltr'>ad</span> <span class='ocrx_word' id='word_1_169' title='bbox 1354 1437 1499 1484; x_wconf 88' lang='lat' dir='ltr'>plenum</span> <span class='ocrx_word' id='word_1_170' title='bbox 1530 1437 1632 1472; x_wconf 91' lang='lat' dir='ltr'>intel-</span> 
     </span>
     <span class='ocr_line' id='line_1_19' title="bbox 146 1487 1631 1540; baseline 0.003 -17"><span class='ocrx_word' id='word_1_171' title='bbox 146 1487 273 1530; x_wconf 80' lang='lat' dir='ltr'>lexiffe,</span> <span class='ocrx_word' id='word_1_172' title='bbox 289 1489 391 1537; x_wconf 89' lang='lat' dir='ltr'>super</span> <span class='ocrx_word' id='word_1_173' title='bbox 410 1491 637 1524; x_wconf 83' lang='lat' dir='ltr'>donationem</span> <span class='ocrx_word' id='word_1_174' title='bbox 653 1496 687 1525; x_wconf 91' lang='lat' dir='ltr'>et</span> <span class='ocrx_word' id='word_1_175' title='bbox 700 1491 1003 1526; x_wconf 85' lang='lat' dir='ltr'>confirmationem</span> <span class='ocrx_word' id='word_1_176' title='bbox 1023 1491 1162 1527; x_wconf 89' lang='lat' dir='ltr'>ecclesie</span> <span class='ocrx_word' id='word_1_177' title='bbox 1181 1493 1224 1527; x_wconf 90' lang='lat' dir='ltr'>de</span> <span class='ocrx_word' id='word_1_178' title='bbox 1243 1491 1397 1540; x_wconf 83' lang='lat' dir='ltr'>Largyss</span> <span class='ocrx_word' id='word_1_179' title='bbox 1408 1493 1443 1527; x_wconf 92' lang='lat' dir='ltr'>in</span> <span class='ocrx_word' id='word_1_180' title='bbox 1463 1492 1631 1540; x_wconf 85' lang='lat' dir='ltr'>Cunyng-</span> 
     </span>
     <span class='ocr_line' id='line_1_20' title="bbox 146 1545 1630 1594; baseline 0.003 -14"><span class='ocrx_word' id='word_1_181' title='bbox 146 1546 226 1580; x_wconf 85' lang='lat' dir='ltr'>ham</span> <span class='ocrx_word' id='word_1_182' title='bbox 241 1551 274 1580; x_wconf 83' lang='lat' dir='ltr'>et</span> <span class='ocrx_word' id='word_1_183' title='bbox 287 1546 419 1594; x_wconf 87' lang='lat' dir='ltr'>capelle</span> <span class='ocrx_word' id='word_1_184' title='bbox 432 1545 583 1593; x_wconf 82' lang='lat' dir='ltr'>ejusdem</span> <span class='ocrx_word' id='word_1_185' title='bbox 597 1547 639 1581; x_wconf 92' lang='lat' dir='ltr'>de</span> <span class='ocrx_word' id='word_1_186' title='bbox 654 1547 833 1594; x_wconf 89' lang='lat' dir='ltr'>Cumbray</span> <span class='ocrx_word' id='word_1_187' title='bbox 846 1548 894 1581; x_wconf 86' lang='lat' dir='ltr'>eis</span> <span class='ocrx_word' id='word_1_188' title='bbox 907 1548 1036 1582; x_wconf 60' lang='lat' dir='ltr'>frustari]</span> <span class='ocrx_word' id='word_1_189' title='bbox 1052 1554 1087 1582; x_wconf 88' lang='lat' dir='ltr'>et</span> <span class='ocrx_word' id='word_1_190' title='bbox 1105 1547 1309 1589; x_wconf 85' lang='lat' dir='ltr'>concessam,</span> <span class='ocrx_word' id='word_1_191' title='bbox 1324 1550 1475 1583; x_wconf 86' lang='lat' dir='ltr'>caritatis</span> <span class='ocrx_word' id='word_1_192' title='bbox 1486 1549 1630 1590; x_wconf 87' lang='lat' dir='ltr'>intuitu,</span> 
     </span>
     <span class='ocr_line' id='line_1_21' title="bbox 145 1603 1631 1652; baseline 0.002 -16"><span class='ocrx_word' id='word_1_193' title='bbox 145 1614 208 1649; x_wconf 90' lang='lat' dir='ltr'>per</span> <span class='ocrx_word' id='word_1_194' title='bbox 225 1603 461 1637; x_wconf 89' lang='lat' dir='ltr'>venerabilem</span> <span class='ocrx_word' id='word_1_195' title='bbox 479 1609 615 1650; x_wconf 85' lang='lat' dir='ltr'>patrem</span> <span class='ocrx_word' id='word_1_196' title='bbox 634 1603 725 1638; x_wconf 90' lang='lat' dir='ltr'>bone</span> <span class='ocrx_word' id='word_1_197' title='bbox 744 1604 913 1638; x_wconf 84' lang='lat' dir='ltr'>memorie</span> <span class='ocrx_word' id='word_1_198' title='bbox 930 1604 954 1639; x_wconf 83' lang='lat' dir='ltr'>J</span> <span class='ocrx_word' id='word_1_199' title='bbox 957 1604 1131 1639; x_wconf 88' lang='lat' dir='ltr'>ohannem</span> <span class='ocrx_word' id='word_1_200' title='bbox 1151 1605 1349 1652; x_wconf 88' lang='lat' dir='ltr'>episcopum</span> <span class='ocrx_word' id='word_1_201' title='bbox 1369 1604 1631 1652; x_wconf 81' lang='lat' dir='ltr'>Glasgwensem</span> 
     </span>
     <span class='ocr_line' id='line_1_22' title="bbox 145 1657 1631 1707; baseline 0.002 -14"><span class='ocrx_word' id='word_1_202' title='bbox 145 1657 418 1705; x_wconf 70' lang='lat' dir='ltr'>predecessorem</span> <span class='ocrx_word' id='word_1_203' title='bbox 439 1659 595 1694; x_wconf 84' lang='lat' dir='ltr'>nostrum</span> <span class='ocrx_word' id='word_1_204' title='bbox 625 1665 660 1694; x_wconf 92' lang='lat' dir='ltr'>et</span> <span class='ocrx_word' id='word_1_205' title='bbox 688 1660 878 1707; x_wconf 78' lang='lat' dir='ltr'>capitulum</span> <span class='ocrx_word' id='word_1_206' title='bbox 899 1659 1064 1707; x_wconf 86' lang='lat' dir='ltr'>ejusdem,</span> <span class='ocrx_word' id='word_1_207' title='bbox 1098 1661 1142 1695; x_wconf 89' lang='lat' dir='ltr'>ad</span> <span class='ocrx_word' id='word_1_208' title='bbox 1167 1661 1465 1695; x_wconf 86' lang='lat' dir='ltr'>reedificationem</span> <span class='ocrx_word' id='word_1_209' title='bbox 1493 1660 1631 1696; x_wconf 82' lang='lat' dir='ltr'>ecclesie</span> 
     </span>
     <span class='ocr_line' id='line_1_23' title="bbox 146 1713 1630 1763; baseline 0.003 -15"><span class='ocrx_word' id='word_1_210' title='bbox 146 1713 204 1748; x_wconf 90' lang='lat' dir='ltr'>sue</span> <span class='ocrx_word' id='word_1_211' title='bbox 224 1715 466 1750; x_wconf 79' lang='lat' dir='ltr'>conventualis</span> <span class='ocrx_word' id='word_1_212' title='bbox 483 1728 546 1763; x_wconf 88' lang='lat' dir='ltr'>per</span> <span class='ocrx_word' id='word_1_213' title='bbox 563 1729 738 1762; x_wconf 81' lang='lat' dir='ltr'>gwerram</span> <span class='ocrx_word' id='word_1_214' title='bbox 756 1717 848 1751; x_wconf 87' lang='lat' dir='ltr'>inter</span> <span class='ocrx_word' id='word_1_215' title='bbox 866 1729 975 1762; x_wconf 74' lang='lat' dir='ltr'>regna</span> <span class='ocrx_word' id='word_1_216' title='bbox 993 1717 1127 1763; x_wconf 77' lang='lat' dir='ltr'>Anglie</span> <span class='ocrx_word' id='word_1_217' title='bbox 1140 1723 1174 1751; x_wconf 90' lang='lat' dir='ltr'>et</span> <span class='ocrx_word' id='word_1_218' title='bbox 1195 1717 1311 1752; x_wconf 84' lang='lat' dir='ltr'>Scotie</span> <span class='ocrx_word' id='word_1_219' title='bbox 1330 1718 1461 1752; x_wconf 89' lang='lat' dir='ltr'>diutius</span> <span class='ocrx_word' id='word_1_220' title='bbox 1478 1718 1630 1752; x_wconf 80' lang='lat' dir='ltr'>habitam</span> 
     </span>
     <span class='ocr_line' id='line_1_24' title="bbox 147 1770 1631 1821; baseline 0.003 -17"><span class='ocrx_word' id='word_1_221' title='bbox 147 1770 347 1813; x_wconf 81' lang='lat' dir='ltr'>combuste3</span> <span class='ocrx_word' id='word_1_222' title='bbox 378 1771 488 1818; x_wconf 88' lang='lat' dir='ltr'>Cujus</span> <span class='ocrx_word' id='word_1_223' title='bbox 506 1772 643 1818; x_wconf 85' lang='lat' dir='ltr'>pietatis</span> <span class='ocrx_word' id='word_1_224' title='bbox 662 1785 769 1820; x_wconf 84' lang='lat' dir='ltr'>opera</span> <span class='ocrx_word' id='word_1_225' title='bbox 787 1778 822 1807; x_wconf 90' lang='lat' dir='ltr'>et</span> <span class='ocrx_word' id='word_1_226' title='bbox 848 1773 1048 1820; x_wconf 78' lang='lat' dir='ltr'>exemplum</span> <span class='ocrx_word' id='word_1_227' title='bbox 1078 1786 1143 1807; x_wconf 90' lang='lat' dir='ltr'>nos</span> <span class='ocrx_word' id='word_1_228' title='bbox 1173 1775 1209 1807; x_wconf 91' lang='lat' dir='ltr'>in</span> <span class='ocrx_word' id='word_1_229' title='bbox 1239 1774 1303 1808; x_wconf 87' lang='lat' dir='ltr'>hac</span> <span class='ocrx_word' id='word_1_230' title='bbox 1333 1779 1431 1821; x_wconf 85' lang='lat' dir='ltr'>parte</span> <span class='ocrx_word' id='word_1_231' title='bbox 1461 1772 1555 1820; x_wconf 90' lang='lat' dir='ltr'>sequi</span> <span class='ocrx_word' id='word_1_232' title='bbox 1574 1786 1631 1808; x_wconf 90' lang='lat' dir='ltr'>cu-</span> 
     </span>
     <span class='ocr_line' id='line_1_25' title="bbox 146 1827 1629 1877; baseline 0.002 -17"><span class='ocrx_word' id='word_1_233' title='bbox 146 1828 293 1873; x_wconf 83' lang='lat' dir='ltr'>pienteS,</span> <span class='ocrx_word' id='word_1_234' title='bbox 322 1827 451 1861; x_wconf 67' lang='lat' dir='ltr'>dictam</span> <span class='ocrx_word' id='word_1_235' title='bbox 471 1827 657 1869; x_wconf 85' lang='lat' dir='ltr'>ecclesiam,</span> <span class='ocrx_word' id='word_1_236' title='bbox 679 1842 758 1863; x_wconf 87' lang='lat' dir='ltr'>cum</span> <span class='ocrx_word' id='word_1_237' title='bbox 779 1830 873 1864; x_wconf 59' lang='lat' dir='ltr'>dicta</span> <span class='ocrx_word' id='word_1_238' title='bbox 892 1829 1025 1877; x_wconf 82' lang='lat' dir='ltr'>capella</span> <span class='ocrx_word' id='word_1_239' title='bbox 1042 1830 1212 1877; x_wconf 59' lang='lat' dir='ltr'>predifi&#39;m,</span> <span class='ocrx_word' id='word_1_240' title='bbox 1233 1843 1311 1866; x_wconf 83' lang='lat' dir='ltr'>cun]</span> <span class='ocrx_word' id='word_1_241' title='bbox 1331 1830 1447 1871; x_wconf 90' lang='lat' dir='ltr'>terris,</span> <span class='ocrx_word' id='word_1_242' title='bbox 1476 1830 1629 1871; x_wconf 85' lang='lat' dir='ltr'>decimis,</span> 
     </span>
     <span class='ocr_line' id='line_1_26' title="bbox 151 1883 1631 1934; baseline 0.003 -18"><span class='ocrx_word' id='word_1_243' title='bbox 151 1883 386 1917; x_wconf 76' lang='lat' dir='ltr'>oblationibus</span> <span class='ocrx_word' id='word_1_244' title='bbox 405 1888 439 1917; x_wconf 90' lang='lat' dir='ltr'>et</span> <span class='ocrx_word' id='word_1_245' title='bbox 470 1884 631 1918; x_wconf 89' lang='lat' dir='ltr'>omnibus</span> <span class='ocrx_word' id='word_1_246' title='bbox 658 1885 734 1919; x_wconf 88' lang='lat' dir='ltr'>aliis</span> <span class='ocrx_word' id='word_1_247' title='bbox 762 1885 912 1932; x_wconf 80' lang='lat' dir='ltr'>ipsarum</span> <span class='ocrx_word' id='word_1_248' title='bbox 944 1885 1083 1920; x_wconf 89' lang='lat' dir='ltr'>ecclesie</span> <span class='ocrx_word' id='word_1_249' title='bbox 1114 1892 1149 1920; x_wconf 92' lang='lat' dir='ltr'>et</span> <span class='ocrx_word' id='word_1_250' title='bbox 1180 1887 1311 1934; x_wconf 86' lang='lat' dir='ltr'>capelle</span> <span class='ocrx_word' id='word_1_251' title='bbox 1341 1886 1570 1934; x_wconf 84' lang='lat' dir='ltr'>proventibus</span> <span class='ocrx_word' id='word_1_252' title='bbox 1597 1892 1631 1920; x_wconf 88' lang='lat' dir='ltr'>et</span> 
     </span>
     <span class='ocr_line' id='line_1_27' title="bbox 143 1939 1631 1990; baseline 0.002 -17"><span class='ocrx_word' id='word_1_253' title='bbox 143 1939 242 1985; x_wconf 86' lang='lat' dir='ltr'>justis</span> <span class='ocrx_word' id='word_1_254' title='bbox 259 1940 479 1986; x_wconf 82' lang='lat' dir='ltr'>pertinentiis</span> <span class='ocrx_word' id='word_1_255' title='bbox 497 1939 574 1981; x_wconf 91' lang='lat' dir='ltr'>suis,</span> <span class='ocrx_word' id='word_1_256' title='bbox 604 1941 706 1976; x_wconf 78' lang='grc'>(116115</span> <span class='ocrx_word' id='word_1_257' title='bbox 724 1942 889 1988; x_wconf 83' lang='lat' dir='ltr'>religiosis</span> <span class='ocrx_word' id='word_1_258' title='bbox 909 1943 944 1976; x_wconf 92' lang='lat' dir='ltr'>in</span> <span class='ocrx_word' id='word_1_259' title='bbox 962 1940 1042 1976; x_wconf 88' lang='lat' dir='ltr'>usus</span> <span class='ocrx_word' id='word_1_260' title='bbox 1072 1943 1244 1990; x_wconf 89' lang='lat' dir='ltr'>proprios,</span> <span class='ocrx_word' id='word_1_261' title='bbox 1273 1943 1484 1977; x_wconf 59' lang='lat' dir='ltr'>autitoritate</span> <span class='ocrx_word' id='word_1_262' title='bbox 1504 1942 1631 1989; x_wconf 90' lang='lat' dir='ltr'>episco-</span> 
     </span>
     <span class='ocr_line' id='line_1_28' title="bbox 148 1995 1630 2048; baseline 0.004 -20"><span class='ocrx_word' id='word_1_263' title='bbox 148 1995 218 2042; x_wconf 88' lang='lat' dir='ltr'>pali</span> <span class='ocrx_word' id='word_1_264' title='bbox 236 2001 270 2029; x_wconf 90' lang='lat' dir='ltr'>et</span> <span class='ocrx_word' id='word_1_265' title='bbox 288 1995 392 2042; x_wconf 85' lang='lat' dir='ltr'>hujus</span> <span class='ocrx_word' id='word_1_266' title='bbox 410 2002 504 2030; x_wconf 86' lang='lat' dir='ltr'>carte</span> <span class='ocrx_word' id='word_1_267' title='bbox 522 1996 636 2032; x_wconf 86' lang='lat' dir='ltr'>nostre</span> <span class='ocrx_word' id='word_1_268' title='bbox 655 1998 849 2033; x_wconf 87' lang='lat' dir='ltr'>munimine</span> <span class='ocrx_word' id='word_1_269' title='bbox 868 2000 1103 2041; x_wconf 87' lang='lat' dir='ltr'>concedimus,</span> <span class='ocrx_word' id='word_1_270' title='bbox 1132 2001 1364 2048; x_wconf 83' lang='lat' dir='ltr'>approbamus</span> <span class='ocrx_word' id='word_1_271' title='bbox 1395 2006 1430 2034; x_wconf 92' lang='lat' dir='ltr'>et</span> <span class='ocrx_word' id='word_1_272' title='bbox 1459 2000 1630 2047; x_wconf 90' lang='lat' dir='ltr'>imperpe-</span> 
     </span>
     <span class='ocr_line' id='line_1_29' title="bbox 149 2051 1630 2102; baseline 0.003 -18"><span class='ocrx_word' id='word_1_273' title='bbox 149 2058 250 2085; x_wconf 89' lang='lat' dir='ltr'>tuum</span> <span class='ocrx_word' id='word_1_274' title='bbox 269 2051 526 2094; x_wconf 88' lang='lat' dir='ltr'>confirmamus,</span> <span class='ocrx_word' id='word_1_275' title='bbox 546 2053 594 2087; x_wconf 84' lang='lat' dir='ltr'>ita</span> <span class='ocrx_word' id='word_1_276' title='bbox 611 2053 730 2095; x_wconf 88' lang='lat' dir='ltr'>libere,</span> <span class='ocrx_word' id='word_1_277' title='bbox 751 2055 878 2100; x_wconf 84' lang='lat' dir='ltr'>quiete,</span> <span class='ocrx_word' id='word_1_278' title='bbox 898 2056 1054 2102; x_wconf 84' lang='lat' dir='ltr'>plenarie</span> <span class='ocrx_word' id='word_1_279' title='bbox 1086 2062 1121 2090; x_wconf 90' lang='lat' dir='ltr'>et</span> <span class='ocrx_word' id='word_1_280' title='bbox 1148 2056 1344 2090; x_wconf 84' lang='lat' dir='ltr'>honorifice</span> <span class='ocrx_word' id='word_1_281' title='bbox 1362 2055 1446 2090; x_wconf 88' lang='lat' dir='ltr'>sicut</span> <span class='ocrx_word' id='word_1_282' title='bbox 1473 2056 1508 2088; x_wconf 91' lang='lat' dir='ltr'>in</span> <span class='ocrx_word' id='word_1_283' title='bbox 1536 2061 1630 2090; x_wconf 84' lang='lat' dir='ltr'>carta</span> 
     </span>
     <span class='ocr_line' id='line_1_30' title="bbox 149 2105 1630 2157; baseline 0.004 -17"><span class='ocrx_word' id='word_1_284' title='bbox 149 2105 397 2154; x_wconf 85' lang='lat' dir='ltr'>predecessoris</span> <span class='ocrx_word' id='word_1_285' title='bbox 414 2108 519 2142; x_wconf 87' lang='lat' dir='ltr'>nostri</span> <span class='ocrx_word' id='word_1_286' title='bbox 537 2110 707 2144; x_wconf 69' lang='grc' dir='ltr'>611161116ὶί</span> <span class='ocrx_word' id='word_1_287' title='bbox 726 2111 827 2145; x_wconf 62' lang='lat' dir='ltr'>dietis</span> <span class='ocrx_word' id='word_1_288' title='bbox 845 2111 1010 2157; x_wconf 81' lang='lat' dir='ltr'>religiosis</span> <span class='ocrx_word' id='word_1_289' title='bbox 1041 2112 1122 2146; x_wconf 90' lang='lat' dir='ltr'>inde</span> <span class='ocrx_word' id='word_1_290' title='bbox 1150 2112 1310 2146; x_wconf 63' lang='grc'>0011166111</span> <span class='ocrx_word' id='word_1_291' title='bbox 1339 2112 1377 2145; x_wconf 85' lang='grc'>111</span> <span class='ocrx_word' id='word_1_292' title='bbox 1407 2111 1569 2145; x_wconf 89' lang='lat' dir='ltr'>omnibus</span> <span class='ocrx_word' id='word_1_293' title='bbox 1595 2118 1630 2146; x_wconf 90' lang='lat' dir='ltr'>et</span> 
     </span>
     <span class='ocr_line' id='line_1_31' title="bbox 149 2163 1629 2214; baseline 0.003 -17"><span class='ocrx_word' id='word_1_294' title='bbox 149 2163 290 2210; x_wconf 80' lang='lat' dir='ltr'>singulis</span> <span class='ocrx_word' id='word_1_295' title='bbox 307 2164 445 2210; x_wconf 86' lang='lat' dir='ltr'>plenius</span> <span class='ocrx_word' id='word_1_296' title='bbox 463 2166 665 2199; x_wconf 86' lang='lat' dir='ltr'>continetur</span> <span class='ocrx_word' id='word_1_297' title='bbox 685 2172 719 2200; x_wconf 88' lang='lat' dir='ltr'>et</span> <span class='ocrx_word' id='word_1_298' title='bbox 736 2165 890 2201; x_wconf 80' lang='lat' dir='ltr'>testatur.</span> <span class='ocrx_word' id='word_1_299' title='bbox 943 2168 988 2201; x_wconf 88' lang='lat' dir='ltr'>In</span> <span class='ocrx_word' id='word_1_300' title='bbox 1019 2168 1117 2214; x_wconf 90' lang='lat' dir='ltr'>cujus</span> <span class='ocrx_word' id='word_1_301' title='bbox 1147 2168 1198 2202; x_wconf 88' lang='lat' dir='ltr'>rei</span> <span class='ocrx_word' id='word_1_302' title='bbox 1228 2166 1463 2202; x_wconf 89' lang='lat' dir='ltr'>testimonium</span> <span class='ocrx_word' id='word_1_303' title='bbox 1480 2166 1629 2214; x_wconf 85' lang='lat' dir='ltr'>sigillum</span> 
     </span>
     <span class='ocr_line' id='line_1_32' title="bbox 149 2219 1629 2268; baseline 0.004 -15"><span class='ocrx_word' id='word_1_304' title='bbox 149 2219 303 2254; x_wconf 89' lang='lat' dir='ltr'>nostrum</span> <span class='ocrx_word' id='word_1_305' title='bbox 321 2219 538 2266; x_wconf 87' lang='lat' dir='ltr'>presentibus</span> <span class='ocrx_word' id='word_1_306' title='bbox 556 2220 700 2255; x_wconf 84' lang='lat' dir='ltr'>fecimus</span> <span class='ocrx_word' id='word_1_307' title='bbox 733 2223 872 2268; x_wconf 90' lang='lat' dir='ltr'>apponi.</span> <span class='ocrx_word' id='word_1_308' title='bbox 926 2223 1007 2257; x_wconf 79' lang='lat' dir='ltr'>Hiis</span> <span class='ocrx_word' id='word_1_309' title='bbox 1038 2223 1188 2264; x_wconf 83' lang='lat' dir='ltr'>testibus,</span> <span class='ocrx_word' id='word_1_310' title='bbox 1223 2223 1367 2258; x_wconf 89' lang='lat' dir='ltr'>domino</span> <span class='ocrx_word' id='word_1_311' title='bbox 1400 2223 1567 2258; x_wconf 90' lang='lat' dir='ltr'>Wilelmo</span> <span class='ocrx_word' id='word_1_312' title='bbox 1587 2225 1629 2259; x_wconf 92' lang='lat' dir='ltr'>de</span> 
     </span>
     <span class='ocr_line' id='line_1_33' title="bbox 151 2275 1630 2328; baseline 0.005 -19"><span class='ocrx_word' id='word_1_313' title='bbox 151 2275 255 2310; x_wconf 85' lang='lat' dir='ltr'>Curri</span> <span class='ocrx_word' id='word_1_314' title='bbox 275 2276 444 2310; x_wconf 81' lang='lat' dir='ltr'>canonico</span> <span class='ocrx_word' id='word_1_315' title='bbox 465 2275 693 2323; x_wconf 83' lang='lat' dir='ltr'>Glasgwenfi,</span> <span class='ocrx_word' id='word_1_316' title='bbox 722 2277 890 2324; x_wconf 82' lang='lat' dir='ltr'>magistris</span> <span class='ocrx_word' id='word_1_317' title='bbox 910 2278 1074 2320; x_wconf 88' lang='lat' dir='ltr'>Wilelmo</span> <span class='ocrx_word' id='word_1_318' title='bbox 1094 2279 1224 2319; x_wconf 92' lang='lat' dir='ltr'>Brone,</span> <span class='ocrx_word' id='word_1_319' title='bbox 1246 2279 1440 2315; x_wconf 85' lang='lat' dir='ltr'>Laurentio</span> <span class='ocrx_word' id='word_1_320' title='bbox 1469 2280 1512 2315; x_wconf 91' lang='lat' dir='ltr'>de</span> <span class='ocrx_word' id='word_1_321' title='bbox 1534 2280 1630 2328; x_wconf 82' lang='lat' dir='ltr'>Kyn-</span> 
     </span>
     <span class='ocr_line' id='line_1_34' title="bbox 148 2332 1236 2380; baseline 0.003 -14"><span class='ocrx_word' id='word_1_322' title='bbox 148 2345 270 2378; x_wconf 85' lang='lat' dir='ltr'>gorne,</span> <span class='ocrx_word' id='word_1_323' title='bbox 297 2332 461 2367; x_wconf 86' lang='lat' dir='ltr'>Johanne</span> <span class='ocrx_word' id='word_1_324' title='bbox 480 2332 522 2367; x_wconf 91' lang='lat' dir='ltr'>de</span> <span class='ocrx_word' id='word_1_325' title='bbox 546 2332 775 2380; x_wconf 83' lang='lat' dir='ltr'>Sprouliston,</span> <span class='ocrx_word' id='word_1_326' title='bbox 797 2333 941 2375; x_wconf 87' lang='lat' dir='ltr'>clericis,</span> <span class='ocrx_word' id='word_1_327' title='bbox 962 2340 997 2369; x_wconf 90' lang='lat' dir='ltr'>et</span> <span class='ocrx_word' id='word_1_328' title='bbox 1015 2335 1133 2370; x_wconf 86' lang='lat' dir='ltr'>multis</span> <span class='ocrx_word' id='word_1_329' title='bbox 1151 2335 1236 2369; x_wconf 83' lang='lat' dir='ltr'>aliis.</span> 
     </span>
    </p>
   </div>
  </div>
 </body>
</html>
