1839 2652
683 260 687 263 ⁴
740 257 811 292 DE
841 257 1111 293 PASSELET.
1604 261 1673 298 178

179 354 317 401 plenius
335 355 450 389 tenuit
467 354 584 402 aliquo
602 359 761 402 tempore
779 368 787 389 z
825 354 1014 389 Tenendas
1045 360 1079 389 et
1110 353 1286 388 habendas
1304 352 1472 400 prediefis
1489 353 1669 387 monachis

179 412 439 458 imperpetuum
459 411 507 445 ita
524 411 632 446 libere
651 417 686 445 et
703 411 831 457 quiete,
851 411 1007 458 plenarie
1027 416 1062 445 et
1079 409 1284 451 honorifice,
1303 408 1388 444 ficut
1406 414 1502 444 carta
1518 408 1670 456 prediGti

181 466 391 501 Maldoveni
420 468 556 502 comitis
584 468 751 515 prediefis
782 467 960 502 monachis
979 466 1141 501 confefflea
1165 465 1256 513 juste
1275 465 1441 500 testatur:
1479 465 1584 501 Salvo
1602 464 1668 500 ser-

180 524 266 558 vitio
285 524 413 564 nostro,
447 530 482 559 et
511 524 604 559 salvo
636 531 841 559 tenemento
869 523 1020 571 prediefi
1042 522 1185 557 Radulfi
1204 522 1375 570 capellani
1393 521 1500 556 nostri
1530 521 1568 556 in
1598 522 1670 556 vita

181 579 248 614 sua.
303 580 336 614 T
339 580 474 621 estibus,
504 580 667 627 magistro
700 580 848 614 Matheo
867 579 1089 619 cancellario,
1124 579 1290 614 W'ilelmo
1323 578 1454 613 Cumin
1480 579 1608 613 comite
1626 579 1669 613 de

183 636 329 671 Buchan
350 637 541 684 justiciario
570 637 697 676 Scotie,
730 636 887 670 Waltero
907 636 1038 671 Olisart
1057 635 1249 683 justiciario
1282 635 1480 676 Laudonie,
1511 635 1669 670 VValtero

181 693 252 727 filio
267 693 375 727 Alani
392 692 590 733 senescallo5
609 692 774 728 Johanne
791 691 974 732 Maxwell,
999 691 1105 726 Petro
1124 692 1168 726 de
1187 691 1328 733 Valon’,
1349 691 1534 726 Bernardo
1547 691 1576 726 F
1577 690 1670 726 resei-

184 749 402 784 Vicecomite
421 750 464 784 de
483 749 681 795 Streuelyn,
710 748 804 795 apud
823 748 1005 795 Striuelyn
1024 746 1184 783 vicefimo
1202 747 1355 782 secundo
1380 747 1550 783 Oetobris
1575 761 1669 782 anno

181 807 281 852 regni
299 805 405 840 nostri
424 810 549 851 quarto
569 805 716 839 decimo.

183 974 291 1009 Carta
310 974 550 1021 refignationis
569 975 598 1010 F
600 973 724 1021 ergufii
743 974 944 1021 Cunigham
971 979 1006 1008 et
1036 973 1221 1008 Malcohni
1247 974 1386 1008 heredis
1404 973 1464 1014 sui,
1496 974 1532 1007 in
1563 986 1669 1007 manu

183 1030 391 1066 Maldoveni
419 1033 555 1067 comitis
584 1032 625 1066 de
659 1031 837 1072 Levenax,
868 1031 911 1065 de
939 1030 1041 1064 terris
1073 1030 1331 1064 Drumdinanis
1362 1036 1397 1064 et
1428 1029 1606 1064 Cultbuhe
1636 1036 1670 1063 et

183 1089 370 1124 Reinfode.

182 1202 376 1238 SCIANT
395 1215 516 1237 omnes
534 1208 605 1237 tam
624 1200 802 1250 presentes
818 1214 922 1248 quam
941 1202 1053 1237 futuri
1073 1202 1170 1250 quod
1187 1215 1253 1249 ego
1273 1201 1408 1249 Fergus
1425 1202 1518 1236 filius
1537 1201 1670 1247 Cunig-

181 1260 262 1294 ham
280 1265 315 1294 et
333 1272 398 1306 ego
419 1258 634 1294 Malcolmus
652 1258 753 1292 heres
771 1256 872 1305 ipsius
890 1257 1140 1304 resignavimus
1158 1259 1302 1293 domino
1317 1258 1434 1293 nostro
1450 1258 1669 1293 Maldoveno

182 1315 302 1350 comiti
321 1315 364 1350 de
382 1314 562 1356 LevenaX‚
582 1327 645 1362 per
658 1314 785 1348 fustum
797 1318 832 1348 et
846 1313 1021 1355 baculum,
1041 1315 1077 1349 in
1095 1315 1200 1363 plena
1214 1315 1311 1350 curia
1324 1314 1394 1356 sua,
1413 1320 1525 1350 totam
1539 1320 1670 1349 terram

182 1385 286 1418 quam
305 1372 348 1407 de
367 1371 438 1419 ipso
464 1372 501 1406 in
526 1371 706 1406 territorio
725 1370 768 1405 de
789 1370 977 1418 Kylpatrik
995 1372 1186 1412 tenuimus,
1219 1371 1383 1406 videlicet
1400 1371 1518 1405 ambas
1537 1370 1670 1405 Drum-

184 1427 320 1462 dinanis
338 1433 372 1462 et
392 1427 592 1462 Cultbuche
611 1433 646 1461 et
666 1426 853 1466 Reinfode,
874 1439 954 1461 cum
974 1427 1136 1462 omnibus
1163 1428 1354 1462 earundem
1376 1427 1476 1475 justis
1493 1427 1670 1474 pertinen-

182 1484 238 1518 tiis
256 1489 291 1518 et
309 1482 433 1524 divisis,
452 1483 701 1518 renunciantes
719 1483 978 1530 imperpetuum
996 1496 1061 1530 pro
1080 1483 1179 1518 nobis
1194 1490 1229 1518 et
1241 1484 1428 1519 heredibus
1439 1483 1562 1517 nostris
1575 1484 1670 1517 omni

177 1540 250 1587 juri
270 1540 366 1586 quod
383 1539 483 1574 nobis
502 1539 682 1587 competiit
700 1538 756 1573 vel
775 1546 976 1586 competere
1007 1541 1123 1587 potuit
1154 1541 1189 1574 in
1221 1541 1322 1575 terris
1352 1540 1530 1587 predieffis.
1584 1539 1630 1573 Et
1648 1538 1671 1572 fi

182 1595 298 1630 forsan
315 1596 431 1642 aliqua
449 1601 545 1631 carta
561 1596 678 1642 aliquo
697 1602 858 1643 tempore
876 1596 1021 1631 inventa
1038 1597 1143 1631 fuerit
1161 1610 1229 1644 que
1259 1597 1301 1631 de
1328 1597 1431 1631 dietis
1448 1596 1551 1631 terris
1568 1595 1670 1630 faeiat

184 1653 411 1693 mentionem,
441 1652 605 1687 volumus
635 1657 675 1686 ut
702 1652 834 1687 nullam
855 1652 980 1687 habeat
998 1652 1199 1688 firmitatem
1220 1666 1286 1688 nec
1315 1651 1355 1687 fit
1382 1653 1483 1687 nobis
1509 1652 1669 1686 valitura.

185 1709 232 1744 Et
249 1709 286 1743 in
305 1709 408 1756 hujus
427 1709 478 1744 rei
495 1708 732 1743 testimonium
750 1709 810 1743 has
828 1708 962 1743 litteras
980 1708 1079 1744 scribi
1097 1710 1242 1744 fecimus
1261 1716 1297 1744 et
1315 1708 1441 1744 eisdem
1468 1708 1578 1755 figilla
1595 1708 1671 1742 nof-

184 1772 239 1800 tra
255 1764 488 1813 apposuimus.
543 1764 624 1799 Hiis
641 1765 793 1806 testibus,
815 1765 965 1800 Amelec
992 1772 1026 1800 et
1045 1766 1218 1812 Dufgallo
1244 1766 1409 1801 fratribus
1427 1766 1561 1800 domini
1582 1764 1673 1799 Mal-

185 1822 314 1856 doveni
331 1821 467 1856 comitis
485 1822 528 1856 de
548 1821 727 1862 Levenax‚
749 1821 910 1856 Absolon
926 1821 1113 1857 senescallo
1132 1823 1285 1871 ejusdem
1312 1822 1472 1863 Comitis,
1506 1821 1670 1857 Gilberto

185 1878 313 1913 clerico
331 1876 486 1925 ejusdem
505 1877 665 1919 Comitis,
700 1878 858 1925 Hugone
876 1878 948 1913 filio
967 1879 1129 1919 Simonis,
1163 1879 1308 1914 Warino
1337 1885 1371 1913 et
1401 1879 1564 1912 Baldrico
1593 1878 1672 1912 bur-

184 1933 343 1980 genfibus
363 1934 406 1968 de
427 1933 652 1974 Dunbartan,
673 1934 857 1968 Germano
877 1935 1014 1975 clerico,
1036 1942 1070 1970 et
1089 1937 1208 1970 multis
1226 1936 1312 1970 aliis.

188 2102 325 2136 Littera
342 2101 503 2147 delegata
520 2101 621 2149 super
641 2103 742 2136 terris
762 2103 960 2138 Cuhbucho
980 2111 1013 2137 et
1032 2104 1107 2138 aliis
1125 2104 1237 2138 terris.

188 2213 260 2248 DE
279 2212 483 2249 CARRIC
513 2219 548 2247 et
580 2213 622 2247 de
643 2213 842 2260 Cunigham
864 2214 1011 2255 Dec-ani,
1045 2222 1078 2249 et
1112 2214 1278 2262 Magister
1307 2215 1477 2250 leolarum
1507 2217 1549 2251 de
1583 2217 1668 2257 Are,

182 2270 320 2316 judices
337 2282 357 2303 a
374 2269 518 2303 domino
539 2268 633 2316 Papa
651 2269 813 2315 delegati,
833 2271 995 2316 magistro
1016 2272 1184 2306 Michaeli
1202 2271 1336 2306 decano
1348 2272 1391 2306 de
1406 2271 1573 2307 Levenax
1584 2272 1671 2307 salu-

188 2335 270 2360 tem.
325 2325 367 2359 In
383 2325 593 2360 auetoritate
607 2325 792 2372 apostoliea
809 2339 877 2371 qua
894 2327 1084 2373 fungimur,
1105 2328 1203 2362 vobis
1221 2329 1446 2375 precipiendo
1466 2329 1672 2363 mandamus
