1839 2652
922 70 1031 146 δ’

737 270 808 305 DE
835 270 1108 306 PASSELET.
1603 277 1670 315 175

179 368 302 416 injuste
319 366 417 402 fuiffe
435 367 602 403 alienatas
617 382 626 411 3
656 380 735 402 cum
754 373 789 402 et
806 367 899 402 idem
919 367 1121 415 Duugallus
1132 368 1168 402 in
1183 368 1274 403 diem
1288 381 1308 403 a
1322 368 1422 403 nobis
1439 368 1570 416 precise
1592 382 1668 417 pre-

180 426 288 460 fixum
302 425 343 459 ad
359 425 457 459 litem
468 424 538 459 fine
553 425 648 459 omni
661 425 866 471 exceptione
881 425 980 471 [vel]
996 425 1217 459 cavillatione
1232 424 1503 466 eontestandam,
1524 425 1667 461 consen-

181 480 278 522 iiffet,
299 482 395 516 di&0
414 482 469 516 die
488 494 604 516 coram
625 481 724 516 nobis
743 494 959 528 comparenS,
980 481 1168 515 intentioni
1187 481 1440 516 monachorum
1456 480 1667 529 respondere

181 538 307 579 noluit,
335 538 394 572 sed
413 539 668 573 contumaciter
686 537 830 578 recellit,
858 537 953 572 unde
972 550 1036 571 nos
1055 537 1097 571 de
1116 536 1257 572 confilio
1276 537 1434 572 virorum
1453 538 1669 586 prudentum

182 601 217 629 et
241 594 332 642 juris
349 595 555 641 peritorum,
584 600 728 642 propter
747 594 1002 628 contumaciam
1022 592 1123 640 ipfius
1142 593 1366 634 manifestam,
1395 600 1531 641 partem
1550 608 1669 630 mona—

182 651 328 686 chorum
350 652 385 684 in
404 649 642 698 poffessionem
664 656 838 685 terrarum
851 650 1052 696 petitarum,
1073 649 1174 683 causa
1192 649 1356 690 custodie,
1376 651 1496 686 induci
1515 652 1670 687 decrevi-

183 720 271 748 mus,
304 713 339 742 et
365 708 407 741 (le
438 707 576 741 Renfru
604 713 638 741 et
665 707 707 741 de
735 706 867 741 Guvan
899 705 1100 752 Capellanis
1131 705 1263 740 decreti
1290 706 1397 741 nostri
1424 709 1668 743 executionem

183 764 481 798 demandavimus.
534 763 625 798 Cum
645 764 752 809 igitur
771 763 885 797 dictus
906 762 1108 808 Duugallus
1138 762 1229 796 infra
1247 775 1378 797 annum
1409 765 1608 799 cautionem
1628 765 1671 799 de

183 820 419 867 parendo-juri
434 820 558 854 offerre
571 832 643 853 non
658 817 815 859 curasset,
837 832 911 859 nos,
929 817 1120 852 secundum
1132 818 1223 865 juris
1239 819 1398 853 ordinem
1419 826 1543 854 contra
1561 820 1670 868 ipsum

182 877 424 924 procedenteS,
445 889 560 910 veram
581 874 818 922 poss'essionem
838 875 1079 922 predictarum
1098 880 1273 908 terrarum
1294 888 1337 909 ex
1356 874 1508 910 secundo
1528 877 1671 912 decreto

184 933 385 967 memoratis
403 933 582 966 monachis
600 932 900 979 adjudicavimus3
931 931 1035 966 Salva
1059 931 1221 978 predffito
1250 931 1433 978 Duugallo
1464 933 1566 980 super
1597 933 1672 982 ipfis

184 989 287 1024 terris
317 988 494 1035 questione
524 989 758 1035 proprietatis.
821 988 956 1023 Abtum
986 988 1022 1022 in
1053 988 1261 1035 parrochiali
1289 987 1429 1023 eeclefia
1459 990 1501 1024 de
1531 990 1607 1025 Are
1636 992 1671 1025 in

186 1045 331 1080 crastino
351 1045 470 1080 Sandffi
492 1045 676 1080 Michaelis
694 1058 788 1080 anno
806 1045 918 1092 gratie
938 1044 995 1079 Μο
1016 1044 1252 1080 ducentelimo
1270 1045 1442 1081 tricesimo
1461 1054 1598 1093 quarto.

189 1216 297 1252 Carta
325 1214 564 1262 resignationis
594 1215 766 1262 Duugalli
796 1215 858 1249 filii
891 1213 1031 1249 Cristini
1055 1214 1185 1262 judicis
1216 1215 1259 1250 de
1291 1214 1453 1257 Lennax,
1490 1216 1534 1251 de
1573 1219 1675 1252 terris

190 1272 398 1308 Cultbuthe.

190 1384 430 1422 OMNIBUS
450 1383 576 1419 Christi
594 1384 755 1419 fidelibus
774 1390 845 1418 tam
862 1383 1080 1431 presentibus
1097 1398 1200 1431 quam
1222 1385 1349 1420 futuris
1364 1386 1567 1434 Duugallus
1585 1388 1677 1423 filius

189 1443 367 1489 quondam
388 1441 527 1476 Cristini
544 1441 673 1489 judicis
693 1442 735 1476 de
755 1441 924 1476 Levenax
941 1439 1099 1475 salutem.
1152 1442 1274 1476 Sciatis
1292 1443 1387 1489 quod
1406 1456 1472 1490 ego
1493 1444 1625 1479 Abbati
1644 1452 1679 1480 et

190 1499 381 1534 conventui
400 1505 435 1532 et
453 1498 661 1532 monasterio
680 1498 723 1532 de
744 1496 892 1532 Pass'elet
909 1503 945 1532 et
963 1497 1102 1532 ecclefie
1127 1499 1321 1533 eorundem
1342 1499 1385 1534 de
1407 1499 1596 1548 KylpatrIk
1614 1514 1678 1549 pro

188 1569 246 1591 me
276 1561 312 1590 et
342 1555 528 1590 heredibus
546 1556 631 1589 meis
649 1554 819 1601 relignavi
851 1560 886 1589 et
912 1555 1070 1601 quletum
1098 1555 1244 1589 clamavi
1262 1556 1534 1603 imperpetuum,
1563 1563 1678 1592 totum

185 1613 244 1660 jus
260 1613 356 1659 quod
375 1612 474 1646 nobis
493 1612 674 1659 competiit
691 1612 748 1646 vel
767 1617 968 1658 competere
985 1612 1117 1658 poterit
1143 1612 1179 1646 in
1205 1612 1356 1658 quadam
1375 1619 1469 1648 terra
1497 1613 1540 1648 de
1568 1613 1679 1649 Leve-

191 1682 260 1704 nax
277 1682 345 1716 que
365 1669 560 1703 Cultbuthe
578 1669 786 1716 appellatur,
813 1675 847 1703 et
865 1669 901 1702 in
919 1668 1070 1714 quadam
1088 1668 1155 1703 alia
1172 1669 1306 1703 terrula
1317 1669 1422 1716 juxta
1440 1669 1616 1705 ecclesiam
1636 1672 1678 1706 de

193 1725 383 1773 Kylpatrik
401 1724 519 1760 versus
538 1725 711 1759 orientem
731 1725 823 1759 inter
842 1723 1018 1759 eccleliam
1038 1731 1073 1759 et
1090 1725 1257 1766 rivulum,
1279 1726 1316 1760 in
1334 1739 1402 1773 qua
1420 1733 1515 1761 terra
1526 1733 1597 1761 tam
1612 1740 1678 1774 ego

191 1795 295 1830 quam
313 1788 411 1830 pater
430 1795 528 1816 meus
546 1794 688 1816 manere
706 1780 911 1822 solebamus,
939 1781 1063 1815 volens
1081 1787 1115 1815 et
1134 1783 1331 1817 concedens
1349 1789 1388 1817 ut
1407 1782 1542 1818 easdem
1569 1789 1680 1818 terras

191 1837 276 1874 ficut
294 1844 405 1873 terras
422 1839 581 1886 predi&oe
600 1837 739 1873 ecclefie
757 1837 816 1872 sue
834 1838 944 1872 libere
963 1843 997 1872 et
1015 1838 1132 1883 quiete
1150 1837 1285 1886 semper
1313 1839 1465 1874 habeant
1483 1846 1518 1874 et
1535 1845 1680 1875 teneant

192 1894 262 1930 fine
289 1896 384 1930 omni
415 1895 615 1942 calumpnia
630 1909 639 1937 ;
669 1900 704 1929 et
722 1901 851 1929 cartam
879 1907 982 1940 quam
1015 1894 1057 1929 de
1089 1895 1192 1929 dietis
1222 1896 1324 1930 terris
1356 1896 1459 1931 habui
1490 1897 1526 1931 in
1557 1909 1680 1932 manus

194 1964 316 1986 eorum
335 1949 516 1998 resignavi.
570 1950 615 1985 Et
633 1949 657 1984 fi
674 1949 788 1984 forsan
806 1951 922 1997 aliqua
940 1956 1034 1984 carta
1051 1964 1119 1997 que
1148 1951 1191 1985 de
1223 1952 1326 1986 dietis
1343 1953 1446 1986 terris
1463 1953 1565 1987 faciat
1584 1966 1679 1988 men-

195 2008 326 2042 tionem
346 2013 485 2054 reperta
503 2007 608 2041 fucrit
626 2007 681 2041 vel
701 2005 842 2047 ostensa,
863 2006 944 2041 volo
964 2012 998 2041 et
1016 2007 1185 2053 promitto
1204 2008 1298 2053 quod
1317 2008 1401 2041 mihi
1419 2008 1474 2043 vel
1494 2009 1680 2043 heredibus

196 2063 280 2097 meis
298 2063 398 2097 nullo
416 2069 575 2110 tempore
590 2063 729 2097 valebit.
786 2062 958 2097 Promitte
977 2064 1081 2097 etiam
1100 2064 1248 2097 firmiter
1266 2064 1360 2109 quod
1375 2077 1441 2110 ego
1460 2065 1516 2099 vel
1535 2065 1681 2100 heredes

196 2119 264 2154 mei
283 2125 407 2153 contra
424 2112 606 2152 dominum
626 2119 802 2153 Comitem
834 2119 877 2152 de
909 2118 1078 2154 Levenax
1096 2120 1151 2153 vel
1175 2120 1320 2154 heredes
1348 2120 1437 2161 suos,
1469 2121 1526 2156 vel
1557 2128 1681 2158 contra

196 2175 396 2222 predicfihim
417 2174 592 2208 Abbatem
612 2180 647 2208 et
666 2181 893 2215 conventum,
921 2174 1023 2222 super
1042 2176 1144 2209 dic-“tis
1171 2176 1272 2209 terris
1291 2176 1346 2210 vel
1374 2175 1560 2219 escambiis‚
1581 2179 1680 2213 nullo

197 2239 357 2278 tempore
376 2230 475 2264 litem
495 2230 734 2272 movebinius3
764 2231 811 2264 ita
829 2231 923 2276 quod
942 2231 1079 2265 nullum
1105 2231 1195 2277 juris
1214 2231 1422 2266 beneficium
1441 2233 1541 2268 nobis
1559 2241 1683 2270 contra

198 2290 262 2323 hec
280 2288 400 2323 venire
421 2287 618 2321 volentibus
636 2286 735 2334 possit
754 2287 882 2321 valere.
935 2288 982 2321 Et
1000 2288 1080 2333 quia
1099 2287 1245 2333 iigillum
1273 2289 1453 2335 proprium
1474 2302 1544 2324 non
1564 2291 1679 2333 habui,

201 2345 339 2380 Alanus
358 2344 400 2378 de
420 2343 593 2378 Cathkcrt
623 2356 643 2377 a
673 2355 728 2377 me
747 2350 889 2390 rogatus
908 2343 1032 2378 litteris
1060 2343 1277 2391 presentibus
1294 2344 1442 2392 sigillum
1460 2345 1559 2382 suum
1578 2361 1683 2396 appo-
