1870 2683
198 370 228 397 P.
249 375 310 403 173.

249 572 312 596 182.

250 611 314 640 189.

253 844 315 872 195.

252 1082 317 1111 198.

259 2145 326 2172 217.

260 2224 326 2248 233.

332 370 350 397 1.
369 373 413 397 14.
436 372 624 407 imponentes]
652 371 722 398 M.S.
744 372 899 407 imponeles,

335 410 493 438 absurdum
521 409 614 446 plane.
643 411 783 437 incertum
807 416 901 438 tamen

336 450 406 485 quid
435 449 677 478 substituendum.

335 490 402 517 satis
416 494 543 526 apparet.

339 527 356 555 l.
370 531 416 560 27.
431 530 578 564 concessa]
598 528 669 556 M.S.
684 529 822 556 concessis.

334 566 353 594 l.
371 572 394 595 1.
416 568 490 596 alias
503 569 598 605 quas]
629 568 700 595 M.S.
716 568 772 596 alia
787 578 862 606 quas.

342 606 361 633 l.
386 612 412 639 7.
444 607 649 644 Res-ingualia]
686 607 733 634 Sic
757 608 829 635 M.S.
850 617 903 635 nec

335 646 446 682 placuit
456 645 566 674 literam
582 656 599 673 n
614 646 748 683 abjicere,
757 647 804 674 hic
816 653 843 674 et
853 647 903 674 ali-

334 685 364 712 bi
379 686 485 722 passim
495 685 525 712 in
533 686 672 721 Registro,
680 685 753 713 sicut
763 687 793 713 in
804 696 904 722 quam-

334 724 467 760 plurimis
488 725 594 752 chartis
610 725 824 756 vetustioribus.
842 735 904 752 ver-

335 764 381 791 bis
400 765 546 801 singnatio,
568 767 707 801 singvlare,
730 765 834 801 lingna,
851 766 902 792 &c.

335 802 480 831 insertam.

336 841 354 869 l.
367 846 393 870 2.
408 843 653 875 consuetudinibus,
659 843 787 880 judiciis,
799 844 908 870 statutis

338 886 362 910 et
373 882 550 917 statuendis]
573 882 681 911 M.S....
686 882 839 918 judicibus,
852 887 908 910 sta-

338 922 449 954 tutibus,
465 922 516 949 &c.
531 921 597 948 vide
610 930 639 957 p.
654 925 722 948 200.
736 920 754 948 1.
770 925 816 948 28.

339 960 358 987 l.
383 964 430 988 24.
457 963 755 997 ut...compareamus.]
790 960 860 988 M.S.
886 966 909 988 et

340 1001 391 1027 &a
408 999 603 1026 Emendatum
618 999 721 1027 collata
735 999 834 1027 eadem
850 1000 908 1027 for-

341 1038 420 1065 mula
433 1038 502 1065 adl.
520 1042 563 1071 19.
579 1048 606 1075 p.
623 1042 688 1067 183.

339 1078 477 1106 Predictis
486 1077 591 1106 Abbate
601 1083 626 1106 et
635 1083 764 1106 conventu
775 1079 909 1116 sufficien-

342 1122 383 1146 ter
401 1118 625 1154 comparentibus,
642 1119 814 1146 ostenderunt
838 1119 905 1155 ἅμ]

342 1157 390 1184 Sic
411 1157 441 1183 in
464 1157 536 1184 M.S.
564 1157 643 1193 quod
665 1166 724 1184 non
746 1157 840 1184 visum
869 1164 911 1185 est

341 1201 454 1223 mutare
476 1205 541 1223 cum
567 1205 667 1223 sensus
688 1201 786 1233 pateat
800 1203 829 1224 et
850 1197 912 1234 ipsa

342 1235 911 1272 verbapossintfuisseoriginalischartae.

720 450 825 478 Sensus
848 451 901 478 loci

315 1294 321 1300 .
342 1273 362 1301 l.
379 1277 405 1302 5.
427 1274 543 1310 autem]
576 1274 609 1301 In
635 1275 706 1302 M.S.
731 1279 803 1307 ante,
829 1275 912 1303 facile

341 1322 394 1350 pro
408 1318 495 1340 autem
506 1313 655 1349 originalis
669 1313 774 1341 chartae
788 1324 805 1341 a
819 1315 912 1343 scriba

342 1352 503 1389 negligenti
515 1352 651 1388 positum,
663 1352 752 1380 literis
761 1363 778 1380 n
789 1359 817 1381 et
832 1364 848 1380 ιι
864 1354 912 1381 vix

344 1392 420 1419 inter
435 1401 465 1419 se
479 1390 687 1424 differentibus,
702 1397 731 1419 et
744 1402 770 1419 m
784 1392 912 1429 plerum-

344 1441 402 1468 que
415 1431 616 1467 superscripta.

316 1493 322 1500 .
343 1470 361 1498 l.
380 1471 423 1499 16.
450 1470 568 1497 Waltero
587 1471 649 1505 filio
672 1471 756 1498 Alani
777 1472 917 1500 senescalli

345 1510 462 1547 Scolie]
477 1509 524 1536 Sic
540 1508 611 1536 M.S.
633 1510 742 1537 Eadem
764 1510 862 1538 charta
886 1512 914 1538 in

346 1549 478 1585 Registro
497 1548 534 1575 de
549 1549 693 1582 Levenmz,
708 1558 776 1577 cura
792 1550 915 1578 Macfar-

343 1588 392 1616 lan
416 1588 598 1624 transcripto,
620 1588 707 1615 habet
727 1589 844 1617 Waltero
854 1590 916 1625 fillo

345 1628 432 1656 Alani
440 1627 585 1655 senescallo
597 1628 699 1655 Scotie:
716 1628 822 1656 rectius
834 1629 914 1657 forte.

345 1668 365 1696 1.
380 1672 424 1699 17.
448 1667 568 1694 Wilelmo
585 1667 727 1703 capellano
737 1668 915 1706 senescallo]

347 1708 381 1735 ln
395 1706 570 1743 transcripto
584 1706 709 1743 Registri
723 1707 759 1734 de
771 1708 914 1740 Levenax,

346 1746 501 1774 Senescalli.

318 1810 324 1815 .
345 1785 364 1813 l.
379 1789 406 1813 3.
428 1785 570 1822 Dlagistro
585 1785 739 1813 Marschcll
759 1786 913 1823 (Matheo)

346 1824 537 1861 cancellaria]
558 1830 669 1851 constat
684 1825 832 1852 Matheum
850 1826 917 1854 Scot

346 1862 547 1891 cancellarium
574 1864 668 1891 Scotie
695 1864 803 1892 factum
827 1865 916 1893 fuisse

346 1912 421 1930 anno
437 1902 576 1933 1227sive
585 1912 660 1929 anno
668 1903 918 1939 RegisAlexandri

347 1941 466 1970 secundi
489 1947 593 1978 quarto
607 1941 727 1970 decimo.
748 1943 871 1977 (Chron.
886 1945 919 1972 de

347 1981 475 2013 Mailros,
482 1983 597 2018 ρ.200.)
605 1981 823 2018 Quopacto,hic
833 1987 919 2019 atque

345 2021 451 2048 iterum
475 2020 510 2047 ad
533 2019 551 2047 l.
574 2024 600 2048 5.
624 2020 738 2056 paginae
764 2023 918 2058 sequentis,

345 2069 451 2087 nomen
463 2060 616 2087 Marsclzell
636 2060 792 2097 irrepserit,
813 2061 919 2090 frustra

347 2108 518 2136 quaeremus.

348 2139 422 2166 1.15.
441 2138 600 2175 Gallodzffl]
616 2138 662 2166 Sic
672 2139 743 2166 M.S.
760 2139 840 2166 Idem
854 2150 919 2177 pos-

347 2184 393 2206 tea
399 2178 427 2205 in
434 2177 533 2204 eadem
541 2177 638 2205 charta
644 2177 750 2205 dicitur
756 2179 919 2216 ngfgaIIaS.

346 2217 365 2245 l.
381 2222 408 2250 9.
435 2217 570 2244 Walterus
583 2217 616 2244 de
630 2216 777 2254 Lyndesay
794 2219 873 2253 filius
896 2225 920 2248 et

350 2258 427 2285 heres
449 2256 582 2294 quondam
608 2256 765 2284 Christiane
789 2258 874 2290 Hose,
895 2264 920 2286 et

354 2295 481 2324 Matildis
503 2305 579 2323 soror
606 2296 723 2333 ejusdem
755 2297 920 2332 Christiane,

352 2336 460 2363 heredes
493 2336 625 2372 quondam
653 2336 752 2364 domini
786 2336 921 2365 Johmmis

1017 1556 1086 1585 249.

1026 2264 1042 2287 10

1066 2264 1082 2288 01

1075 866 1080 871 .
1102 844 1120 872 l.
1147 849 1190 878 19.
1223 846 1325 884 nobis]

1099 372 1202 411 Hom]
1219 374 1251 401 In
1261 374 1436 402 M.S.sensus
1447 375 1502 403 loci
1514 377 1664 411 amittitur,

1098 422 1167 440 voce
1196 423 1280 446 soror,
1313 414 1386 442 sicut
1420 416 1500 451 prius
1532 417 1666 454 scriptam

1096 452 1183 480 fuisse
1198 458 1316 486 constat,
1344 454 1371 480 in
1398 456 1498 482 sororis
1523 466 1609 483 manu
1624 467 1667 484 re-

1097 492 1215 518 centiori
1234 497 1350 520 mutata.

1072 553 1076 557 .
1098 530 1116 557 l.
1133 531 1310 569 3.f1tt1cris.]
1334 532 1403 559 M.S.
1418 534 1495 561 luris.

1069 591 1074 597 .
1096 569 1114 596 l.
1126 574 1172 597 24.
1183 571 1350 608 confertur]
1362 572 1432 599 M.S.
1442 574 1583 608 confirtur,
1597 575 1669 602 forte

1098 618 1150 645 pro
1164 611 1352 644 confirmatur:
1375 611 1514 648 corffertur
1527 619 1623 641 tamen
1638 615 1668 640 in

1098 648 1153 675 hoc
1167 658 1251 676 sensu
1268 650 1423 686 saepissirne
1448 651 1477 678 in
1498 651 1604 680 chartis
1626 653 1668 680 in-

1100 697 1238 715 vemmus.

1072 748 1077 753 .
1099 726 1116 754 l.
1132 731 1176 754 ⁶21.
1193 728 1378 756 Jolnznnem...
1382 730 1595 766 predecessorem
1610 742 1670 760 nos-

1101 767 1199 804 trum]
1207 767 1278 794 M.S.
1282 769 1500 804 predecessorum
1511 775 1634 799 nostroru
1639 782 1669 799 m.

1101 805 1118 832 l.
1126 807 1373 842 29.predecessoris
1381 809 1565 846 nostri.]M.S.
1574 815 1670 839 nostre.

1359 847 1392 874 In
1409 848 1480 875 M.S.
1496 854 1524 875 et
1538 849 1586 877 hic
1600 856 1628 877 et
1641 850 1671 877 in

1102 884 1190 920 priori
1205 884 1311 918 charta,
1337 886 1355 913 l.
1371 886 1397 914 6.
1412 897 1440 923 p.
1456 891 1522 915 238.
1537 889 1672 917 scribitur

1102 923 1184 956 vobis,
1209 924 1250 950 ibi
1276 924 1427 952 intentioni
1453 927 1599 963 scriptoris
1623 929 1671 956 vix

1104 968 1335 996 consentaneum,
1352 964 1399 992 hic
1413 965 1498 1001 plane
1506 967 1672 995 absurdum.

1076 1023 1081 1028 .
1104 1000 1121 1028 1.
1151 1004 1193 1028 10.
1219 1005 1453 1042 procurationes]
1480 1006 1551 1032 M.S.
1571 1017 1672 1042 procu-

1104 1045 1216 1073 ratores,
1232 1041 1368 1070 mendose
1383 1043 1443 1070 sine
1458 1043 1554 1072 dubio.

1201 1081 1377 1119 luminaria]
1400 1083 1470 1110 M.S.
1486 1083 1634 1112 liminaria.

1105 1118 1122 1146 l.
1135 1123 1145 1146 l
1156 1124 1179 1147 l.
1195 1121 1396 1159 synodalibus]
1413 1123 1484 1150 M.S.
1495 1125 1674 1152 senodalibns.

1077 1180 1082 1185 .
1104 1157 1122 1185 l.
1138 1163 1183 1187 30.
1206 1160 1238 1186 de
1252 1160 1404 1198 privilegiis
1417 1162 1576 1200 concessis]
1603 1165 1673 1192 M.S.

1103 1197 1136 1225 de
1146 1198 1293 1236 previligia
1307 1209 1441 1227 concessa.

1077 1258 1082 1264 .
1104 1236 1122 1264 l.
1138 1238 1184 1265 26.
1206 1239 1422 1267 tenendam...de
1435 1249 1474 1267 me
1495 1246 1519 1268 et
1536 1242 1677 1270 heredibus

1105 1277 1276 1314 meis.]M.S.
1285 1278 1414 1315 ..dejure
1423 1284 1446 1306 et
1452 1280 1594 1308 heredibus
1602 1283 1674 1310 meis.

1076 1337 1081 1342 .
1104 1314 1120 1342 l.
1143 1319 1169 1345 7.
1182 1316 1439 1355 jurisperitorum]
1463 1319 1675 1359 N1.S.j11risl›e-

1104 1355 1204 1383 risoris.

1078 1415 1084 1421 .
1106 1393 1124 1421 l.
1142 1398 1186 1422 11.
1208 1395 1349 1431 ratificala
1363 1397 1677 1438 pleniusquestabilita]

1106 1434 1178 1461 M.S.
1193 1435 1343 1470 ratificant.

1105 1472 1123 1500 l.
1135 1476 1182 1503 27.
1197 1473 1291 1501 ballivi
1305 1479 1329 1502 et
1344 1475 1519 1514 burgenses]
1535 1478 1606 1506 M.S.
1619 1479 1677 1506 hal-

1105 1512 1175 1540 livis.

1108 1551 1126 1578 l.
1139 1556 1165 1579 4.
1187 1553 1335 1586 comitibus,
1351 1555 1506 1588 baronibus,
1521 1556 1679 1585 vicecomiti-

1107 1591 1184 1629 bus]
1206 1592 1277 1619 M.S.
1293 1593 1404 1621 baronis
1418 1594 1652 1624 vicecomflMibus.

1106 1630 1124 1658 l.
1152 1636 1196 1662 17.
1222 1632 1316 1660 comite
1338 1633 1430 1661 Fertet
1454 1634 1487 1661 de
1512 1635 1676 1669 Stradlzemt,

1112 1670 1247 1698 Gillebricl
1273 1672 1365 1699 comite
1389 1673 1421 1700 de
1446 1673 1570 1711 Augus]
1605 1675 1676 1703 M.S.

1112 1710 1306 1746 Comitefertet
1320 1711 1353 1738 de
1363 1712 1499 1748 gillebrid,
1525 1713 1624 1741 comite
1648 1716 1681 1742 de

1107 1749 1215 1786 Augus,
1254 1759 1307 1777 nee
1335 1750 1408 1777 alius
1435 1751 1464 1778 in
1492 1757 1552 1779 toto
1583 1753 1680 1781 codice

1108 1797 1186 1815 error
1194 1789 1286 1825 magis
1296 1789 1473 1818 demonstrat
1482 1791 1603 1818 scribam
1615 1802 1680 1820 nos-

1108 1832 1183 1854 trum
1200 1827 1245 1854 vel
1260 1829 1439 1865 ignorantem
1463 1829 1508 1857 vel
1530 1831 1679 1868 negligen-

1109 1866 1260 1895 tissimum.
1277 1869 1680 1899 Curiosaverborumdistinc-

1108 1905 1186 1933 tione
1201 1912 1312 1934 constat
1336 1917 1401 1935 eum
1424 1909 1578 1936 aestimasse
1597 1911 1681 1939 Gillo-

1110 1945 1172 1973 hrid
1185 1955 1289 1973 nomen
1301 1948 1452 1975 comitatus
1463 1958 1531 1976 esse.
1573 1949 1679 1977 Emen-

1111 1984 1188 2012 datio
1215 1991 1328 2013 tantum
1357 1996 1414 2013 non
1445 1993 1522 2014 certa
1557 1989 1680 2017 videtur.

1111 2024 1255 2052 Gillebrid
1276 2034 1370 2053 comes
1386 2026 1422 2053 de
1436 2028 1542 2063 Augus
1562 2033 1590 2055 et
1613 2029 1681 2056 Fer-

1110 2063 1234 2090 chardus
1269 2065 1329 2092 sive
1364 2065 1483 2093 Fet-thet
1517 2076 1611 2094 comes
1646 2068 1682 2095 de

1110 2103 1260 2130 strathern
1275 2104 1405 2141 ejusdem
1421 2105 1480 2132 fere
1495 2107 1586 2133 aetatis
1609 2112 1681 2134 tem-

1111 2151 1180 2177 pore
1196 2142 1342 2170 Malcolmi
1360 2144 1409 2170 IV.
1425 2144 1568 2172 vixerunt.
1615 2146 1681 2173 Non

1110 2180 1183 2208 alius
1199 2181 1309 2210 Fertlzet
1331 2192 1425 2210 comes
1452 2184 1481 2210 in
1506 2185 1599 2212 Scotia
1627 2195 1681 2212 un-

1111 2229 1196 2256 quam
1212 2221 1300 2248 fuisse
1313 2222 1450 2250 noscitur.

1086 2282 1091 2287 .
1113 2259 1131 2286 l.
1144 2264 1170 2292 9.
1182 2261 1300 2288 concessi
1311 2262 1389 2289 etiam
1401 2263 1438 2290 eis
1444 2263 1568 2300 quoniam
1577 2265 1680 2292 dommn

1112 2308 1188 2327 suam
1195 2300 1310 2338 quietam
1318 2301 1433 2329 habeant
1439 2303 1471 2329 tle
1480 2303 1628 2339 multura&
1636 2314 1656 2331 c.
1666 2307 1678 2340 ]

1114 2339 1184 2366 M.S.
1200 2339 1316 2368 concessi
1330 2341 1407 2368 etiam
1423 2342 1461 2369 eis
1475 2342 1566 2370 dniam
1578 2344 1679 2370 domum
