1839 2652
176 272 222 306 26
575 271 889 308 REGISTRUM
917 272 1253 309 MONASTERII

178 369 292 403 medio
312 369 469 403 canonici
489 374 523 402 et
541 369 663 411 civilis,
685 375 719 403 et
734 369 829 403 omni
843 368 969 403 statuto
989 375 1023 403 et
1036 369 1230 404 statuendo.
1286 369 1334 403 Et
1347 369 1371 403 fi
1385 369 1499 404 forsan
1516 377 1656 417 reperta

178 425 308 459 fuerint
325 425 452 459 alicubi
471 425 585 470 aliqua
602 424 841 464 instrumenta,
869 437 932 471 per
962 438 1028 470 que
1055 425 1119 459 hec
1145 425 1260 460 nostra
1277 424 1461 472 refignatio
1479 424 1589 472 posset
1606 427 1657 460 in·

180 481 327 526 quietari
353 481 409 515 vel
436 481 609 520 enervari,
637 480 800 514 volumus
839 486 874 515 et
908 481 1131 515 concedimus
1160 488 1200 516 ut
1229 482 1360 516 nullius
1389 481 1454 515 fint
1487 482 1659 516 firmitatis

181 537 236 571 vel
255 537 403 576 virtutis,
423 549 488 571 nec
506 537 621 582 aliquo
640 542 799 584 tempore
818 537 933 570 ordini
952 537 1067 571 nostro
1079 538 1239 572 valitura.
1284 538 1331 572 Et
1349 538 1393 571 ad
1410 537 1550 585 plenam
1567 537 1660 572 secu-

181 593 318 627 ritatem
334 593 380 626 eis
399 593 480 626 inde
498 593 703 633 faciendam,
732 593 937 627 tradidimus
956 594 1003 626 eis
1021 595 1276 640 procurationis
1294 593 1408 629 nostre
1427 594 1560 628 litteras
1577 607 1661 640 quas

182 662 201 682 a
220 648 389 695 Magistro
408 656 442 683 et
461 649 613 696 capitulo
632 649 763 683 ordinis
775 649 879 683 nostri
894 650 937 684 ad
956 650 1019 685 hec
1034 658 1068 686 et
1082 652 1148 685 alia
1165 652 1323 686 facienda
1341 652 1533 686 habuimus.
1567 652 1662 686 Acta

182 706 274 752 apud
294 706 484 747 Driburch,
513 720 605 741 anno
632 707 743 753 gratie
770 706 949 741 millesimo
979 707 1213 742 ducentesimo
1243 707 1414 742 tricefimo
1446 709 1584 748 06'cavo‚
1613 709 1661 742 vi-

183 763 263 807 gilia
278 762 397 797 Sanc'fi
411 763 557 797 Andree
576 763 730 810 apostoli.
760 762 1031 810 Manucepimus
1050 764 1152 798 etiam
1169 764 1365 805 efficaciter,
1385 765 1480 810 quod
1497 763 1662 810 Magister

184 819 315 852 ordinis
341 819 446 854 nostri
477 826 511 853 et
542 819 744 866 capitulum,
774 819 863 852 infra
893 818 1120 854 Pentecosten
1146 821 1308 867 proximo
1336 826 1533 860 venturam,
1562 821 1663 854 dictis

186 877 316 911 Abbati
330 883 365 911 et
383 878 572 912 conventui
592 877 634 911 de
653 875 800 910 Paffelet
818 877 908 910 mitti
920 877 1047 911 facient
1066 882 1195 910 cartam
1213 876 1308 910 suam
1323 877 1357 910 in
1372 877 1435 911 hec
1453 876 1570 911 verba.
1618 876 1663 910 R.

188 933 255 968 Dei
269 933 503 968 misericordia
519 933 678 979 magister
697 933 827 967 ordinis
846 933 889 967 de
909 933 1176 980 Simpringham,
1207 938 1241 966 61
1271 933 1474 980 capitulum,
1503 933 1664 967 omnibus

187 989 313 1023 Clu-issi
330 990 490 1024 fidelibus
508 989 723 1037 presentibus
750 995 785 1023 et
815 989 951 1029 futuris,
979 989 1136 1023 1111111601.
1190 989 1310 1023 Sciatis
1338 1001 1402 1023 nos
1432 988 1611 1035 refignaffe
1631 995 1663 1023 61

186 1047 445 1093 imperpetuum
463 1047 619 1092 quietum
639 1044 795 1080 clamafl'e
820 1051 935 1079 totum
959 1045 1017 1091 jus
1048 1045 1142 1090 quod
1172 1044 1271 1078 nobis
1302 1046 1481 1091 competiit
1498 1045 1554 1079 vel
1573 1058 1665 1079 com-

187 1110 306 1149 petere
324 1104 450 1150 potuit,
464 1116 508 1138 ex
525 1103 620 1136 dono
634 1102 760 1136 nobilis
778 1102 843 1136 viri
864 1101 1010 1135 lValteri
1028 1100 1179 1141 secundi,
1200 1101 1261 1134 filii
1282 1100 1401 1141 Alani,
1423 1101 1538 1135 Scotie
1556 1100 1665 1135 senes-

189 1159 278 1199 calli,
297 1160 333 1193 in
359 1160 472 1199 terris,
492 1159 642 1206 piscariis
661 1164 695 1192 et
715 1158 874 1192 omnibus
900 1157 974 1191 aliis
992 1157 1184 1191 redditibus
1214 1156 1283 1191 fine
1314 1157 1429 1202 aliqua
1454 1157 1664 1191 retentione.

190 1214 296 1249 Unde
313 1215 476 1250 volumus
494 1221 529 1249 et
547 1215 770 1249 concedimus
788 1219 827 1248 ut
845 1213 904 1247 illa
921 1213 1039 1246 onmia
1056 1212 1231 1247 transeant
1246 1213 1281 1246 in
1294 1212 1353 1259 jus
1367 1218 1401 1246 et
1415 1213 1665 1259 proprietatem

191 1271 338 1305 Abbatis
356 1276 390 1305 et
409 1276 603 1305 conventus
621 1276 656 1304 et
674 1269 869 1303 monasterii
900 1269 943 1303 de
975 1267 1132 1308 Paffelet‚
1160 1268 1284 1314 quibus
1303 1268 1417 1302 dictus
1444 1268 1569 1302 nobilis
1594 1267 1668 1315 post

190 1327 279 1361 hanc
297 1326 562 1373 resignationem
581 1326 730 1360 nostram
762 1338 817 1360 eas
844 1325 1004 1365 contulit,
1037 1325 1166 1358 intuitu
1194 1324 1353 1371 pietatis;
1382 1330 1417 1358 et
1434 1330 1474 1358 ut
1491 1325 1668 1371 perpetuis

190 1383 406 1430 temporibus
424 1396 464 1417 ea
482 1383 599 1416 onmia
617 1382 777 1421 habeant,
797 1386 941 1415 teneant
955 1387 990 1415 et
1007 1379 1198 1428 poflideant
1212 1379 1281 1414 11116
1297 1381 1391 1414 0111111
1404 1381 1666 1427 inquietatione.

192 1439 239 1473 Et
257 1439 388 1474 restitui
406 1439 549 1474 fecimus
578 1439 694 1473 omnia
719 1438 946 1472 instrumenta
973 1449 1040 1483 que
1058 1450 1078 1470 a
1104 1449 1324 1482 quocumque
1354 1436 1537 1471 habuimus
1567 1436 1668 1483 super

191 1496 359 1543 predictis
376 1494 545 1530 univerfis
561 1510 570 1538 ;
599 1495 845 1529 renunciantes
862 1506 927 1540 pro
945 1493 1044 1527 nobis
1063 1498 1097 1527 et
1120 1491 1366 1526 succefforibus
1384 1491 1517 1532 nostris,
1537 1505 1606 1538 quo
1625 1493 1668 1526 ad

194 1553 440 1599 repetitionem
460 1551 515 1586 vel
536 1551 822 1596 inquietationem
840 1549 1093 1596 predictorum,
1114 1548 1275 1582 omnibus
1293 1548 1485 1595 impetratis
1511 1554 1546 1582 et
1563 1549 1670 1595 impe-

194 1608 338 1647 trandis‚
368 1613 402 1642 et
421 1607 517 1641 omni
529 1607 620 1654 juris
637 1606 794 1640 remedio
813 1605 971 1638 canonici
1002 1610 1036 1638 et
1065 1604 1184 1644 civilis,
1214 1609 1248 1638 et
1266 1604 1361 1638 omni
1387 1603 1513 1638 statuto
1545 1610 1579 1638 61
1609 1603 1670 1638 sta-

195 1664 339 1698 tuendo.
380 1663 428 1696 Et
444 1662 468 1696 fi
486 1668 625 1709 reperta
641 1662 772 1695 fuerint
790 1660 916 1694 alicubi
934 1661 1048 1707 aliqua
1065 1660 1292 1694 instrumenta
1309 1673 1370 1707 per
1388 1673 1455 1706 que
1474 1661 1538 1695 hec
1556 1660 1670 1695 nostra

197 1719 380 1766 resignatio
398 1717 508 1766 poffet
526 1717 710 1764 inquietari
737 1716 793 1750 vel
812 1717 984 1757 enervari,
1012 1716 1176 1751 volumus
1193 1722 1233 1750 ut
1250 1716 1380 1750 nullius
1410 1715 1474 1751 fint
1499 1717 1671 1751 firmitatis

196 1777 253 1810 vel
278 1775 428 1816 virtutis,
457 1787 523 1809 nec
552 1774 651 1808 nobis
681 1774 737 1808 vel
764 1770 1008 1807 succefforibus
1038 1772 1160 1806 nostris
1186 1772 1302 1818 aliquo
1327 1778 1487 1819 tempore
1510 1772 1670 1807 valitura.

202 1832 244 1866 In
262 1832 364 1879 hujus
382 1831 433 1865 rei
451 1830 684 1865 testimonium
703 1828 842 1877 presens
860 1827 1022 1876 scriptum
1042 1828 1217 1875 signorum
1243 1828 1440 1863 nostrorum
1459 1828 1671 1876 appositione

197 1888 451 1922 roboravimus.

204 2055 403 2103 Refignatio
423 2055 581 2102 Magistri
599 2056 723 2090 domus
742 2057 784 2090 de
804 2055 1071 2102 Simpringhanl,
1093 2055 1135 2088 de
1155 2054 1349 2094 Dzssmulin,
1371 2060 1404 2089 et
1423 2055 1466 2089 de
1486 2054 1674 2101 Dungrain

202 2119 236 2147 et
254 2113 412 2147 omnium
430 2112 578 2147 aliorum
597 2112 780 2146 bonorum.

207 2225 252 2258 R.
281 2224 350 2258 Dei
377 2224 612 2259 misericordia
637 2224 795 2270 magister
814 2224 945 2258 ordinis
963 2223 1005 2257 de
1033 2222 1278 2269 Simpringam,
1311 2229 1346 2257 et
1369 2222 1570 2269 capitulum,
1604 2236 1674 2256 om-

206 2280 307 2314 nibus
326 2279 451 2314 Christi
469 2280 628 2314 fidelibus
645 2279 862 2327 presentibus
880 2285 914 2314 et
930 2279 1067 2319 futuris,
1082 2277 1238 2313 salutem.
1281 2279 1402 2313 Sciatis
1415 2291 1479 2312 nos
1497 2277 1676 2324 refignaffe

207 2342 240 2370 et
258 2336 514 2382 imperpetuum
533 2336 688 2381 quietum
709 2333 865 2370 clamasse
883 2341 996 2370 totum
1009 2335 1067 2381 jus
1085 2334 1180 2380 quod
1197 2335 1297 2369 nobis
1316 2334 1495 2381 competiit
1512 2334 1567 2368 vel
1586 2346 1678 2368 com-
