1839 2652
760 271 830 306 DE
858 271 1129 307 PASSELET.
1595 280 1664 316 007

1598 302 1639 310 *um

1172 369 1216 376 ..η

183 371 297 404 10111111
316 370 390 416 ejus
407 368 439 403 se
458 369 596 402 noverit
615 367 846 402 incursurum.
902 368 1037 403 Datum
1057 367 1155 404 Afifii
1170 383 1217 404 1111
1233 369 1319 404 Idus
1334 369 1422 417 Maij
1442 370 1664 418 pontificatus

184 425 289 460 nostri
309 438 401 460 311110
421 425 567 459 decimo.

185 594 292 628 Carta
311 592 485 627 divisionis
502 598 677 627 terrarum
696 593 821 627 domus
848 593 891 627 de
912 591 1069 632 Paffelet,
1097 598 1132 627 et
1152 592 1307 628 Wilelmi
1326 594 1369 628 de
1388 594 1552 628 Sanchar.

185 704 424 739 OMNIBUS
453 704 580 738 Clu-isti
599 704 759 738 fidelibus
789 703 928 751 presens
955 704 1120 752 scriptum
1145 706 1265 741 visuris
1284 707 1339 741 vel
1358 708 1528 742 audituris
1548 707 1667 742 Wilel-

184 773 261 795 111115
280 761 323 794 (13
344 760 498 795 Sanchar
515 760 608 794 filius
627 765 661 794 et-
678 760 779 794 heres
797 761 972 806 quondam
995 761 1161 808 Hugonis
1181 762 1345 809 janitoris
1375 763 1520 798 salutem
1537 765 1574 798 in
1592 763 1668 798 Do-

183 817 279 850 mino
297 815 552 863 sempiternam.
605 816 759 851 Noverit
776 816 980 851 univerfitas
998 817 1109 852 vestra
1134 818 1230 863 quod
1260 831 1339 852 cum
1366 818 1601 854 controverfia
1618 819 1667 854 se—

184 874 261 919 pius
279 877 376 906 mota
393 871 476 906 effet
494 873 586 906 inter
604 872 765 906 dominos
785 872 960 907 Abbatem
980 878 1013 907 et
1044 879 1257 908 conventum
1277 875 1320 908 de
1340 873 1488 909 Passelet
1508 888 1551 909 ex
1569 881 1667 922 parte

184 941 264 968 una,
294 933 328 962 et
346 940 402 962 me
421 940 464 962 ex
481 928 602 968 altera,
631 927 733 975 stiper
752 928 918 962 limitibus
937 934 971 963 et
998 928 1109 963 divisis
1127 930 1220 964 inter
1238 935 1369 964 terram
1386 943 1501 965 meam
1520 931 1563 965 de
1583 932 1667 965 San-

183 985 276 1024 char,
296 991 331 1018 et
348 989 459 1018 terras
477 984 630 1031 ipsorum
649 990 720 1019 tam
740 983 878 1019 ecclesie
896 984 955 1019 sue
974 985 1016 1019 de
1030 986 1184 1020 Sanchar
1202 999 1306 1032 quam
1325 987 1368 1021 de
1384 986 1579 1034 Dalmolyn
1594 1001 1604 1030 3
1625 989 1669 1022 ad

187 1040 317 1074 dictam
337 1040 600 1075 contentionem
619 1041 879 1088 imperpetuum
906 1040 1107 1088 sopiendam
1135 1049 1169 1076 et
1198 1043 1242 1077 ad
1259 1049 1464 1091 perpetuam
1483 1057 1604 1091 pacem
1631 1058 1668 1078 30

185 1095 371 1130 divisarum
389 1097 593 1131 memoriam
614 1097 656 1131 de
677 1103 794 1132 cetero
812 1097 1019 1138 habendam,
1046 1110 1109 1145 per
1139 1099 1233 1134 viros
1251 1099 1372 1134 fideles
1390 1101 1569 1134 communi
1588 1113 1668 1135 con-

184 1151 280 1187 sensu
300 1152 479 1199 utriusque
496 1154 604 1200 partis
623 1153 755 1188 electos
773 1160 808 1188 et
826 1154 870 1188 ad
895 1153 1014 1189 sancta
1033 1154 1104 1189 Dei
1123 1156 1304 1202 evangelia
1324 1156 1462 1203 juratos
1489 1158 1670 1204 recognite

186 1211 331 1245 fuerunt
350 1216 384 1245 et
399 1211 572 1246 declarate
588 1210 693 1246 divise
711 1212 803 1246 inter
820 1211 997 1258 predictas
1010 1216 1131 1252 terras,
1145 1211 1309 1246 videlieet
1323 1225 1342 1246 3
1354 1211 1466 1247 divifis
1481 1213 1523 1247 de
1538 1213 1671 1247 Achin-

187 1280 247 1301 cro
266 1279 329 1314 per
346 1268 520 1314 quandam
540 1266 659 1302 foffam
677 1267 805 1301 factam
820 1267 911 1301 inter
923 1273 1051 1301 terram
1068 1281 1180 1302 meam
1196 1274 1230 1302 et
1241 1274 1371 1302 terram
1385 1269 1543 1315 predicte
1562 1270 1670 1304 30013-

189 1323 243 1363 113,
272 1330 307 1358 et
325 1322 544 1358 ascendendo
561 1336 625 1370 per
643 1321 742 1357 fofl'as
760 1323 887 1357 alicubi
904 1323 1014 1358 factas
1028 1329 1062 1358 et
1077 1337 1196 1358 cruces
1208 1325 1342 1359 erectas
1356 1324 1462 1370 nique
1480 1325 1524 1359 ad
1541 1326 1671 1360 vadum

187 1380 282 1426 quod
301 1380 427 1414 dicitur
447 1378 658 1420 Croffeford,
675 1385 710 1413 et
727 1378 770 1413 110
785 1379 827 1413 de
843 1379 903 1412 illo
917 1379 1007 1413 vado
1020 1379 1262 1414 descendendo
1278 1393 1339 1427 per
1353 1381 1527 1426 quendam
1546 1380 1671 1416 vascel-

188 1436 262 1470 111111
282 1435 549 1470 descendentem
569 1436 604 1469 111
623 1435 767 1470 marisco
786 1435 892 1481 usque
912 1436 956 1469 ad
973 1437 1147 1482 quandam
1174 1435 1292 1471 foffam
1319 1437 1447 1472 factam
1480 1439 1516 1471 in
1546 1438 1670 1472 eodem

190 1492 346 1533 marisco,
375 1498 409 1527 et
427 1491 470 1526 fic
488 1505 551 1539 per
577 1492 660 1526 alias
691 1490 790 1526 fofl‘as
818 1492 937 1532 sanas,
967 1491 1209 1527 descendendo
1239 1492 1346 1539 usque
1374 1494 1410 1527 in
1440 1494 1594 1528 rivulum
1612 1496 1672 1540 qui

189 1549 316 1583 dicitur
336 1548 612 1583 Muclathburn:
642 1548 818 1589 Preterea,
846 1549 938 1582 inter
956 1554 1086 1582 terram
1104 1561 1217 1583 meam
1249 1549 1291 1584 de
1311 1549 1465 1584 831101131-
1484 1555 1518 1584 et
1536 1556 1669 1584 terram

190 1605 232 1638 de
252 1605 457 1652 Dalmolyn,
486 1618 506 1638 3
525 1604 636 1638 divifis
655 1605 698 1639 de
718 1604 898 1638 Achincro
916 1617 978 1651 per
996 1605 1171 1651 quendam
1191 1604 1377 1639 vascellum
1405 1605 1672 1641 descendentem

189 1662 234 1695 ad
253 1660 374 1695 divilias
401 1661 444 1695 de
472 1660 663 1701 Achiuom,
693 1666 727 1695 et
754 1673 817 1707 per
845 1662 995 1696 eundem
1015 1662 1201 1697 vascellum
1233 1662 1452 1697 ascendendo
1480 1676 1543 1710 per
1572 1663 1672 1698 fofl'as

189 1718 298 1751 saetas
317 1722 352 1751 et
370 1729 490 1752 cruces
507 1716 633 1751 alicubi
652 1717 786 1751 erectas
804 1716 910 1763 usque
928 1718 971 1752 ad
990 1719 1164 1764 quandam
1183 1731 1322 1753 crucem
1337 1732 1404 1765 que
1422 1726 1569 1754 vocatur
1587 1733 1674 1754 crux

194 1773 340 1808 Walteri
358 1773 420 1818 filii
441 1773 601 1820 Rogerfi,
629 1779 663 1808 et
692 1773 736 1807 fic
754 1773 996 1808 descendendo
1015 1774 1122 1821 usque
1140 1775 1184 1809 ad
1202 1787 1364 1821 magnam
1384 1774 1536 1810 mofl'am.
1591 1776 1672 1810 Pre-

191 1836 287 1864 terea
305 1828 500 1864 concefl'um
520 1829 566 1864 est
582 1835 653 1864 tam
672 1842 736 1877 pro
756 1843 811 1864 me
829 1836 864 1864 et
881 1831 1067 1865 heredibus
1087 1832 1171 1866 meis
1188 1844 1292 1877 quam
1322 1845 1387 1879 pro
1413 1832 1580 1879 predictis
1600 1832 1673 1866 Ab·

192 1887 271 1921 bate
289 1892 324 1920 et
344 1881 520 1921 conventu
540 1893 575 1921 et
605 1899 728 1921 eorum
756 1885 1001 1921 succefforibus
1030 1887 1124 1933 quod
1154 1900 1175 1921 a
1201 1887 1283 1922 festo
1304 1888 1424 1923 Sancti
1455 1887 1606 1922 Martini
1633 1889 1670 1922 111

193 1954 292 1988 yeme
311 1942 446 1976 nullum
467 1943 527 1976 fiet
545 1943 744 1989 pal-cagium
764 1943 856 1977 inter
874 1943 1087 1978 dominicum
1108 1956 1225 1978 meum
1253 1950 1287 1978 et
1313 1945 1395 1978 alias
1414 1950 1524 1979 terras
1542 1957 1636 1978 meas
1654 1958 1674 1978 3

193 1999 439 2044 prenominato
457 1998 572 2032 rivulo
591 1997 708 2032 versus
723 1999 953 2040 occidentem,
969 2005 1003 2034 et
1018 2005 1149 2034 terram
1163 2001 1322 2047 predicte
1341 1999 1491 2040 ecclesie,
1506 1999 1611 2045 usque
1630 2001 1673 2034 ad

168 2072 171 2073 ⁷
194 2053 314 2088 festum
333 2054 584 2101 purificationis
602 2054 702 2089 beate
720 2055 889 2100 Virginis,
909 2054 967 2090 sed
986 2055 1094 2090 libere
1112 2055 1296 2102 pascantur
1314 2056 1477 2090 animalia
1495 2056 1672 2090 diest-orum

196 2110 344 2144 Abbatis
363 2115 398 2144 et
415 2115 610 2145 conventus
628 2116 663 2144 et
681 2124 804 2145 eorum
832 2112 1014 2146 hominum
1040 2113 1077 2145 in
1105 2118 1200 2147 terra
1229 2126 1317 2154 mea,
1346 2119 1380 2148 et
1410 2113 1584 2148 viceversa
1602 2115 1673 2148 ani-

194 2166 298 2200 malia
315 2177 402 2206 mea,
423 2166 592 2200 heredum
611 2179 771 2201 meorum
791 2173 825 2201 et
842 2168 1025 2201 hominum
1053 2168 1249 2202 nostrorum
1276 2169 1312 2202 in
1330 2175 1424 2203 terra
1442 2169 1579 2204 ecclefie
1597 2183 1673 2217 pre-

164 2220 167 2223 *
195 2222 401 2264 nominate;
430 2222 479 2256 ita
496 2227 614 2257 tamen
632 2223 727 2269 quod
752 2223 789 2257 in
820 2224 979 2258 domibus
998 2224 1082 2257 meis
1101 2222 1191 2257 fossis
1222 2229 1256 2258 et
1284 2230 1377 2259 terra
1404 2238 1482 2260 mea
1509 2224 1673 2260 seminata

196 2278 312 2312 medio
331 2283 490 2325 tempore
508 2278 646 2312 nullum
665 2279 750 2313 mihi
767 2280 824 2314 vel
838 2279 1024 2314 heredibus
1050 2280 1134 2314 meis
1162 2280 1223 2314 fiet
1247 2279 1486 2327 dispendium:
1515 2295 1558 2316 ex
1575 2288 1673 2329 parte

197 2346 282 2368 vero
300 2334 365 2368 alia
383 2334 532 2381 predicti
556 2334 671 2376 rivuli,
699 2347 762 2382 per
780 2335 992 2381 quindenam
1018 2335 1196 2383 postquam
1225 2336 1367 2372 bladum
1396 2338 1438 2372 de
1468 2336 1541 2372 solo
1571 2337 1675 2372 fuerit
