1839 2652
758 268 828 303 DE
856 268 1124 304 PASSELET.
1612 274 1682 306 233

195 365 386 400 Lamberto
417 365 556 399 rectore
588 364 726 400 ecclefie
758 366 800 400 de
832 365 1004 406 Dunhon‚
1034 366 1197 400 Gilberto
1230 366 1272 400 de
1306 365 1510 400 Hameldun
1537 366 1675 407 clerico,

195 422 362 457 W'ilelmo
382 422 507 469 Logan
525 423 663 464 clerieo,
686 423 872 457 Nicholaio
891 423 963 457 filio
984 423 1103 463 Alani,
1126 423 1279 457 Ricardo
1293 423 1335 457 de
1352 422 1491 463 Merlei‚
1512 423 1676 458 Johanne

194 480 237 514 de
259 479 374 520 Knoc,
408 479 572 514 Wilelmo
592 480 635 514 de
655 480 856 526 Innerwyc,
889 479 1047 513 Waltero
1068 478 1244 525 Pycknoc,
1278 486 1312 514 et
1331 479 1405 513 aliis
1423 479 1552 514 multis.
1607 479 1678 514 Da-

193 542 269 570 tum
288 536 380 583 apud
400 534 547 570 Paffelet
566 536 621 570 die
639 536 722 570 lune
740 537 901 583 proxima
919 541 999 569 ante
1018 535 1139 569 festum
1160 536 1288 571 Sancte
1307 536 1416 570 Lucie
1431 536 1575 582 virginis
1594 537 1676 570 anni

193 593 306 638 gratie
324 590 493 626 millefimi
513 591 737 627 ducentefimi
755 591 993 639 septuagefimi
1011 591 1162 626 secundi.

196 761 280 795 Alia
297 761 516 796 confirmatio
536 761 578 795 de
598 760 740 808 Cragyn
759 773 820 808 per
839 760 1031 795 walterum
1054 761 1095 795 de
1116 761 1299 808 Lyndeiay
1312 768 1346 797 et
1366 762 1506 797 Matild’
1527 762 1634 797 Hose.

194 872 434 909 OMNIBUS
454 872 579 908 Christi
597 872 757 907 fidelibus
775 872 914 920 presens
932 872 1095 920 scriptum
1111 873 1231 908 visuris
1247 874 1301 909 vel
1313 875 1484 909 audituris
1500 875 1676 910 VValterus

193 932 236 966 de
255 930 439 978 Lyndesay
457 931 555 965 miles
573 931 665 965 filius
693 936 727 965 et
757 931 857 965 heres
887 930 1064 976 quondam
1095 929 1288 964 Christiane
1310 930 1417 971 Hose,
1451 937 1485 965 et
1518 931 1676 965 Matildis

192 987 289 1022 soror
308 987 461 1034 ejusdem
480 987 685 1028 Christiane,
714 987 860 1022 heredes
878 986 1055 1033 quondam
1074 986 1207 1020 domini
1231 986 1254 1022 J
1257 987 1403 1021 ohannis
1424 986 1520 1022 Hose
1544 987 1674 1027 militis,

192 1043 336 1078 salutem
355 1044 392 1077 in
410 1042 569 1078 Domino
582 1042 839 1090 sempiternam.
869 1042 1019 1077 Noverit
1032 1041 1234 1077 univerfitas
1247 1043 1357 1077 vestra
1369 1056 1443 1084 nos,
1461 1044 1578 1078 divine
1592 1044 1676 1077 0311-

192 1100 271 1134 tatis
290 1100 432 1140 intuitu,
462 1105 497 1134 et
513 1112 578 1147 pro
609 1098 718 1134 salute
736 1099 933 1133 animarum
959 1098 1165 1139 nostrarum,
1196 1098 1449 1134 antecessorum
1476 1099 1674 1134 nostrorum

192 1162 227 1191 et
243 1155 486 1197 successorum,
515 1154 708 1191 conceffiffe
727 1161 762 1191 et
779 1155 930 1203 presenti
950 1161 1044 1189 carta
1062 1154 1177 1189 nostra
1195 1153 1410 1190 confirmasse
1430 1156 1522 1196 Deo,
1545 1156 1675 1191 Sancto

191 1212 324 1248 Jacobo
343 1218 378 1247 et
397 1212 528 1247 saneto
549 1212 684 1247 Mirino
704 1213 746 1247 de
766 1210 913 1247 Paffelet
932 1216 966 1246 et
986 1211 1115 1245 Abbati
1143 1217 1178 1245 et
1204 1213 1393 1246 conventui
1424 1212 1576 1260 ejusdem
1595 1213 1673 1252 loci,

192 1270 418 1303 donationem
436 1269 532 1303 illam
550 1282 653 1315 quam
673 1269 850 1315 quondam
882 1268 1045 1302 dominus
1065 1267 1241 1302 walterus
1262 1268 1358 1304 Hose
1377 1282 1481 1304 verus
1513 1270 1675 1304 dominus

192 1332 226 1359 et
244 1331 413 1372 patronus
431 1324 570 1360 ecclefie
588 1325 631 1359 de
651 1325 795 1372 Cragyn
812 1325 904 1365 fecit,
935 1324 1031 1359 dedit
1060 1330 1094 1359 et
1121 1331 1215 1358 carta
1233 1324 1293 1359 1113
1310 1326 1531 1361 confirmavit
1548 1339 1674 1373 preno-

190 1382 329 1415 minatis
346 1381 425 1416 loco
444 1387 479 1416 et
497 1381 686 1422 monachis,
714 1380 816 1428 super
843 1381 1030 1415 collatione
1049 1380 1187 1415 60016116
1206 1382 1364 1428 predicTte
1391 1395 1468 1416 011111
1498 1383 1674 1429 pertinen-

189 1438 245 1471 tiis
260 1437 337 1478 suis,
353 1438 389 1471 in
403 1437 559 1478 liberam,
579 1450 703 1485 puram
722 1443 757 1472 et
775 1442 981 1484 perpetuam
1001 1436 1220 1472 elemosinam
1235 1440 1281 1472 eis
1294 1439 1445 1473 tenende
1458 1445 1491 1473 et
1505 1439 1673 1473 habende.

191 1494 311 1535 Quare
330 1494 493 1528 volumus
511 1500 546 1529 et
564 1507 628 1541 pro
647 1494 748 1528 nobis
779 1499 813 1528 et
843 1494 1030 1528 heredibus
1055 1494 1178 1528 nostris
1205 1496 1428 1529 concedimus
1459 1501 1493 1530 et
1523 1495 1674 1542 presenti

189 1550 314 1598 scripto
333 1551 449 1585 nostro
468 1551 716 1585 confirmamus
734 1550 829 1596 quod
846 1551 1082 1597 prenominati
1102 1551 1221 1585 Abbas
1240 1557 1274 1585 et
1293 1557 1488 1586 conventus
1512 1552 1672 1592 habeant,

188 1613 333 1643 teneant
351 1613 385 1642 et
402 1606 594 1655 poflideant
611 1607 806 1654 predictam
835 1605 1009 1641 eeclefiam
1028 1619 1108 1641 cum
1127 1607 1288 1642 omnibus
1315 1609 1544 1655 pertinentiis,
1573 1608 1674 1642 liber-

189 1665 317 1700 tatibus
337 1671 371 1700 et
389 1665 605 1713 ayfiamentis
623 1665 701 1706 suis,
736 1665 779 1699 de
798 1665 897 1699 nobis
915 1670 950 1698 et
968 1664 1154 1698 heredibus
1174 1664 1306 1704 nostris,
1335 1663 1404 1699 fine
1423 1666 1518 1699 omni
1537 1672 1674 1712 pertur-

189 1722 340 1762 batione,
359 1722 562 1768 gravamine
580 1722 637 1756 vel
656 1721 811 1756 molestia
828 1722 1099 1768 imperpetuum,
1119 1722 1153 1754 in
1175 1721 1328 1761 liberam,
1357 1734 1480 1768 puram
1500 1727 1534 1756 et
1552 1734 1673 1768 perpe-

190 1785 285 1812 tuam
305 1777 538 1818 elemofinam,
558 1778 646 1813 adeo
665 1778 785 1818 libere,
805 1778 933 1824 quiete,
953 1777 1108 1825 plenarie
1128 1783 1162 1811 et
1182 1778 1373 1812 honorifice
1386 1784 1420 1811 et
1434 1778 1575 1825 pacifice
1590 1777 1673 1811 ficut

191 1839 285 1869 carta
302 1835 451 1882 predicti
470 1834 647 1880 quondam
668 1835 801 1868 domini
821 1834 968 1868 Walteri
988 1833 1085 1868 Hose
1112 1833 1238 1868 eisdem
1258 1834 1389 1868 Abbati
1421 1840 1456 1869 et
1482 1836 1672 1869 conventui

190 1890 292 1938 super
310 1892 404 1926 dieta
422 1890 562 1926 60016113
588 1891 749 1925 confecta
774 1891 912 1938 plenius
938 1895 1122 1937 proportat
1152 1896 1186 1924 et
1217 1890 1370 1925 testatur.
1424 1891 1468 1925 In
1495 1891 1593 1937 cujus
1624 1892 1673 1924 rei

190 1947 437 1987 testimonium,
457 1948 538 1993 quia
555 1946 663 1993 figilla
680 1947 795 1981 nostra
812 1959 886 1981 non
903 1946 982 1981 sunt
1000 1947 1186 1986 autentica,
1215 1948 1327 1992 gratia
1356 1947 1496 1993 majoris
1524 1946 1672 1981 testimo-

191 2004 251 2044 nii,
271 2002 380 2050 sigillo
399 2004 532 2038 domini
554 2003 697 2038 Radulfi
715 2003 834 2037 vicarii
853 2003 895 2037 de
916 2003 991 2037 Are
1008 2008 1094 2037 tunc
1108 2003 1229 2037 decani
1249 2003 1291 2037 de
1312 2003 1344 2036 K
1349 2003 1404 2049 yle
1419 2004 1461 2036 ad
1477 2002 1671 2036 instantiam

193 2065 228 2093 et
245 2072 365 2106 preces
376 2059 518 2100 nostras,
532 2072 603 2093 una
615 2072 694 2093 cum
712 2057 829 2105 sigillis
846 2058 981 2099 nostris,
1001 2057 1141 2105 presens
1159 2058 1324 2105 scriptum
1338 2059 1481 2093 fecimus
1500 2058 1670 2092 roborari.

194 2115 275 2150 Hiis
291 2115 442 2156 testibus,
476 2116 625 2149 dominis
652 2115 793 2149 Thoma
811 2114 920 2156 Crok,
954 2114 1119 2149 VVilelmo
1147 2114 1296 2154 Locard,
1333 2115 1487 2148 Ricardo
1508 2113 1668 2161 lValeyfl',

193 2171 369 2211 militibus,
392 2171 551 2205 Roberto
572 2169 734 2218 lValeyff,
755 2170 914 2205 'Waltero
933 2171 975 2205 de
995 2170 1099 2210 Boht,
1122 2170 1277 2204 Ricardo
1293 2170 1335 2204 de
1352 2170 1501 2218 Merlay,
1523 2170 1669 2218 Fynlaio

193 2228 236 2262 de
255 2227 554 2273 Clouchrocherg,
587 2227 744 2262 Waltero
774 2227 930 2274 Pyknoc,
959 2226 982 2261 J
985 2226 1123 2260 ohanne
1153 2226 1226 2260 filio
1260 2226 1377 2267 Alani,
1413 2227 1596 2262 Bartramo
1627 2228 1670 2262 (16

195 2283 378 2330 Prestwyc,
400 2289 434 2318 et
452 2283 537 2318 aliis.

896 2342 917 2374 ‘2
936 2350 958 2372 G
