1839 2652
160 256 207 293 86
565 254 882 291 REGISTRUM
910 253 1249 291 MONASTERII

163 410 395 446 Confirmatio
415 409 611 444 Alexandri
628 420 717 456 pape
735 419 807 443 1111.
825 407 928 456 super
944 407 1162 443 libertatibus
1180 407 1223 442 de
1242 406 1387 442 Pafleto.

166 522 499 558 ALEXANDER
519 520 698 569 episcopus
712 519 831 555 servus
848 519 1029 555 servorum
1043 519 1114 554 Dei
1126 520 1264 555 dileetis
1281 519 1361 554 filiis
1376 518 1490 553 Priori
1508 523 1544 553 et
1561 531 1642 553 con·

164 579 283 614 ventui
301 578 496 619 deVenloc,
517 576 755 613 Cluniacenfis
768 577 912 618 ordinis,
934 574 1201 611 Herefordenfis
1220 574 1371 616 dioeefis‚
1392 581 1427 610 et
1440 575 1549 610 nobili
1566 575 1643 609 viro

166 635 373 670 Alexandro
391 633 577 669 senescallo
597 634 712 668 Scotie
729 633 875 668 salutem
894 638 928 667 et
958 632 1178 680 apostolicam
1194 632 1489 666 benedifflfionem.
1540 630 1644 667 Justis

164 692 358 740 petentium
378 690 552 726 desideriis
572 691 716 738 dignum
735 690 782 725 est
799 703 863 724 nos
881 689 1017 724 facilem
1035 688 1182 736 prebere
1201 686 1404 723 consensum
1422 692 1457 722 et
1473 693 1557 722 vota
1577 699 1644 733 que

165 764 185 784 a
202 750 347 784 rationis
365 748 505 782 tramite
523 760 596 782 non
615 747 813 781 discordant
844 747 971 781 effe&11
989 745 1221 794 prosequente
1239 746 1428 793 complere.
1481 745 1570 780 Sane
1587 758 1645 792 pe-

166 807 244 841 titio
262 805 374 840 vestra
391 804 491 838 nobis
518 803 671 838 exhibita
702 803 903 838 continebat
930 803 1025 849 quod
1056 815 1135 837 cum
1164 803 1343 848 quondam
1361 801 1538 836 Walterus
1555 801 1646 835 filius

168 863 287 903 Alani,
316 862 413 908 cujus
432 866 470 894 tu
488 860 538 894 fili
558 860 765 894 Alexander
783 859 883 894 heres
902 859 1025 900 existis,
1053 872 1118 906 pro
1137 859 1252 893 anime
1269 858 1328 893 sue
1345 858 1512 898 remedio,
1541 870 1647 904 quan·

168 920 246 953 dam
266 924 395 952 terram
427 930 494 963 que
513 917 641 950 dicitur
660 914 819 956 Passelet,
848 915 1072 964 Glasguenlis
1100 914 1251 956 diocesis,
1279 913 1495 962 spefimntem
1525 914 1568 948 ad
1598 914 1647 960 ip-

166 975 252 1014 sum,
281 974 323 1008 ad
342 974 499 1007 divinum
519 972 664 1012 cultum,
692 972 855 1006 videlicet
872 976 912 1006 ut
929 972 1044 1018 aliqua
1069 971 1247 1017 religionis
1279 971 1403 1005 domus
1434 969 1648 1005 construere-

168 1040 226 1066 tur
245 1032 281 1065 in
300 1044 349 1070 ea,
377 1029 517 1064 duxerit
536 1028 783 1075 deputandam,
812 1041 875 1062 vos
905 1028 1067 1074 quasdam
1085 1028 1214 1062 ibidem
1232 1027 1410 1061 libertates
1427 1026 1647 1073 postmodum

168 1086 382 1126 concessistis‚
402 1090 508 1133 prout
526 1086 562 1118 in
580 1085 705 1119 litteris
723 1084 892 1118 confectis
910 1084 1036 1118 exinde
1053 1084 1192 1131 plenius
1210 1083 1336 1117 dicitur
1354 1082 1526 1117 contineri
1541 1096 1550 1124 3
1571 1080 1649 1117 Nos

168 1146 285 1190 itaque
304 1141 422 1177 vestris
439 1141 599 1188 precibus
617 1140 785 1180 inclinati,
805 1140 899 1186 quod
917 1153 937 1174 a
954 1139 1054 1174 vobis
1073 1139 1174 1187 super
1192 1140 1259 1174 hoc
1286 1139 1433 1186 provide
1451 1139 1583 1172 factum
1602 1137 1649 1172 est

169 1206 204 1236 et
222 1201 256 1234 in
276 1199 419 1233 alterius
437 1197 669 1244 prejudicium
687 1209 761 1230 non
787 1196 962 1230 redundat
988 1201 1103 1230 ratum
1122 1195 1288 1230 habentes
1319 1200 1353 1229 et
1383 1200 1534 1241 gratum,
1561 1194 1649 1228 illud

169 1256 379 1292 a11&01·itate
397 1253 583 1300 apostolica
600 1252 847 1287 confirmamus
866 1257 900 1285 et
917 1250 1085 1298 presentis
1104 1250 1217 1298 scripti
1243 1251 1438 1298 patrocinio
1457 1250 1649 1284 communi-

170 1325 257 1347 mus.
309 1310 411 1345 Nulli
429 1322 513 1355 ergo
533 1309 677 1343 omnino
695 1308 877 1342 hominum
895 1307 998 1342 liceat
1016 1308 1105 1342 hanc
1131 1308 1293 1355 paginam
1323 1306 1438 1342 nostre
1467 1306 1649 1340 confirma-

170 1369 275 1403 tionis
293 1367 485 1412 insringcre
504 1365 558 1399 vel
587 1365 618 1399 ei
646 1363 729 1398 ausu
755 1364 942 1398 temerario
974 1364 1171 1406 contraire;
1201 1363 1236 1398 Si
1267 1363 1342 1409 quis
1372 1368 1489 1397 autem
1517 1363 1584 1396 hoc
1601 1368 1649 1396 at-

170 1430 341 1471 temptare
359 1421 615 1470 presumpserit,
643 1421 921 1467 indignationem
940 1421 1191 1467 omnipotentis
1210 1420 1281 1454 Dei
1299 1425 1334 1454 et
1351 1420 1533 1454 beatorum
1554 1419 1649 1452 Petri

171 1488 205 1516 et
226 1480 325 1514 Pauli
343 1478 578 1526 apostolorum
593 1478 678 1524 ejus,
698 1476 732 1511 se
750 1476 889 1510 noverit
903 1475 1134 1510 incursurum.
1187 1476 1323 1510 Datum
1342 1475 1494 1523 Neapoli
1512 1475 1558 1508 xii
1580 1474 1649 1508 Ka-

171 1537 290 1572 lendas
309 1534 500 1575 Februarii,
520 1534 744 1581 pontificatus
761 1532 867 1566 nostri
884 1544 978 1566 anno
996 1532 1121 1579 primo.

175 1696 362 1732 Relaxatio
382 1695 531 1729 duarum
551 1693 749 1727 celdrarum
766 1692 877 1727 farine
895 1693 1089 1727 molendini
1108 1693 1150 1727 de
1171 1692 1315 1726 Palleto.

174 1806 465 1844 WALTERUS
491 1806 583 1840 filius
603 1805 712 1840 Alani
728 1803 932 1839 senescallus
959 1805 1091 1839 domini
1123 1804 1231 1850 Regis
1260 1803 1375 1838 Scotie
1406 1803 1566 1838 omnibus
1593 1804 1651 1837 has

173 1869 306 1903 litteras
324 1865 445 1900 visuris
466 1871 499 1899 et
518 1864 688 1898 audituris
706 1862 861 1897 salutem.
915 1861 1036 1896 Sciatis
1054 1874 1109 1895 me
1127 1861 1256 1895 intuitu
1284 1861 1434 1894 caritatis
1461 1861 1498 1894 in
1527 1873 1650 1907 puram

173 1931 208 1959 et
225 1928 431 1971 perpetuam
451 1919 672 1955 elemosinam
691 1917 858 1953 relaxaffe
876 1917 1054 1952 monachis
1072 1917 1157 1951 meis
1185 1917 1227 1951 de
1251 1915 1397 1950 Pafl'elet
1415 1916 1500 1950 duas
1518 1916 1651 1950 celdras

173 1983 283 2017 farine
302 1992 385 2026 quas
404 1978 508 2012 michi
527 1977 655 2011 debent
674 1982 708 2011 et
725 1976 912 2011 heredibus
931 1974 1015 2008 meis
1043 1973 1085 2007 dc
1114 1973 1317 2007 molendino
1350 1972 1393 2006 de
1423 1970 1580 2011 Paffelet,
1608 1972 1651 2005 acl

173 2037 456 2073 sustentationem
473 2035 577 2068 unius
594 2033 756 2067 monachi
786 2033 844 2079 qui
871 2032 972 2066 faciet
990 2029 1167 2063 servitium
1194 2041 1258 2075 pro
1289 2028 1405 2062 anima
1433 2028 1582 2062 Roberti
1609 2028 1651 2061 de

175 2095 275 2128 Brus.
330 2093 409 2126 Hiis
428 2091 577 2131 testibus,
611 2090 754 2124 domino
776 2088 930 2123 Radulfo
961 2085 1141 2133 capellano
1173 2085 1305 2118 domini
1338 2084 1456 2130 Regis,
1486 2083 1651 2118 W'ilelmo

173 2150 353 2197 capellano
373 2161 463 2188 meu,
493 2147 611 2181 Alano
631 2146 735 2186 Croc,
763 2145 922 2180 Roberto
941 2143 983 2177 de
1005 2141 1251 2187 Mundguinri,
1271 2140 1434 2176 Johanne
1453 2140 1559 2174 fratre
1577 2138 1649 2178 suo,

175 2206 331 2251 Rogerio
345 2204 439 2244 Glai,
456 2203 614 2238 Roberto
627 2201 753 2249 person
765 2202 807 2236 de
823 2201 932 2247 Bigir,
948 2197 1108 2245 magistro
1122 2196 1327 2237 ChristIano‚
1339 2196 1497 2231 Roberto
1512 2195 1649 2234 clerico,

174 2268 209 2297 et
229 2261 347 2296 multis
365 2260 449 2294 aliis.
