1870 2683
725 276 795 310 DE
823 275 1092 311 PASSELET.
1575 279 1644 316 375

166 375 306 423 prefatis
324 374 406 409 viris
423 373 588 420 religiofis
606 378 729 408 contra
746 385 867 408 omnes
892 372 1056 407 mortales
1074 371 1376 407 warantizabimus
1403 377 1437 406 et
1467 372 1637 419 imperpe-

166 437 267 466 tuum
285 430 522 465 defendemus.
576 430 619 465 In
637 429 735 477 cujus
753 430 803 464 rei
820 429 1054 464 testimonium
1083 428 1233 477 presenti
1262 435 1355 464 carte
1386 442 1462 464 mee
1488 428 1635 476 sigillum

166 500 283 523 meum
302 487 349 522 est
366 487 565 534 appensum.
616 486 751 521 Datum
770 486 861 533 apud
890 485 1024 520 Passeth
1051 486 1185 521 decimo
1214 486 1269 520 die
1298 485 1419 520 menfis
1440 485 1527 520 Maii
1545 498 1637 520 anno

169 543 316 578 Domini
335 548 378 578 M⁰
395 548 479 578 ccc⁰
496 547 552 577 xc⁰
568 543 614 576 ix.

170 710 277 745 Carta
293 710 465 746 Johannis
484 710 661 745 Smalwod
679 709 855 756 burgenfis
873 711 916 745 de
939 709 1096 745 Renfrw.

171 823 235 858 BE
260 827 299 870 yt
315 822 468 869 knawyn
496 822 546 869 tyl
577 821 609 855 al
627 822 696 855 and
712 821 839 868 syndry
858 821 950 856 thrw
979 822 1049 856 thir
1079 822 1217 869 present
1244 823 1397 869 letterys,
1427 835 1481 856 me
1509 822 1581 857 Jon
1608 824 1646 856 of

172 879 349 915 Smalwod
366 879 493 925 burges
511 878 551 912 of
567 878 724 918 Renfrw,
751 877 802 924 tyl
820 877 862 912 be
881 877 1002 924 fullely
1020 877 1155 925 asythyt
1173 879 1242 912 and
1259 883 1340 925 payt
1359 878 1398 912 of
1411 878 1488 912 thre
1506 879 1642 925 pwndis

171 936 271 970 achte
288 941 326 969 to
345 947 411 975 me,
439 934 533 968 thrw
551 934 609 968 the
629 933 751 967 Abbot
769 934 838 967 and
868 934 927 968 the
956 940 1107 969 convent
1138 935 1178 969 of
1205 935 1332 981 Passay,
1361 936 1414 970 for
1444 936 1503 969 the
1533 936 1644 969 landis

172 991 285 1027 beand
315 991 351 1025 in
377 991 436 1025 the
463 990 574 1025 burch
603 990 643 1024 of
670 990 819 1024 Renfrw
847 990 941 1024 callit
970 990 1195 1032 Beltonland,
1224 991 1361 1026 betwex
1388 992 1447 1026 the
1475 992 1586 1026 landis
1613 993 1651 1026 of

174 1047 291 1082 Thom
312 1046 486 1094 Makyson
505 1047 545 1081 of
557 1047 615 1081 the
635 1046 716 1081 west
732 1052 831 1093 parte
849 1047 890 1080 of
902 1047 960 1081 the
987 1052 1022 1081 ta
1046 1053 1156 1094 parte,
1185 1047 1254 1082 and
1281 1048 1339 1081 the
1370 1047 1481 1081 landis
1512 1048 1551 1082 os
1576 1048 1647 1083 Jon

174 1103 319 1138 WVatson
331 1104 371 1138 of
383 1104 442 1138 the
455 1103 502 1138 est
512 1109 611 1150 parte
624 1103 663 1137 of
676 1116 696 1137 a
711 1103 829 1137 nothir
843 1109 941 1150 parte
958 1118 967 1146 3
989 1103 1029 1137 of
1042 1103 1100 1137 the
1115 1104 1232 1151 qulk
1243 1103 1340 1137 Ioum
1355 1104 1395 1137 of
1407 1104 1484 1138 thre
1498 1104 1645 1150 pwndis,

175 1162 193 1196 I
205 1161 264 1196 the
276 1161 346 1196 said
358 1161 465 1202 John,
486 1174 543 1208 my
555 1162 655 1207 ayris,
677 1160 903 1206 exsequituris
921 1161 990 1194 and
1003 1158 1170 1207 effygnyS,
1186 1160 1245 1194 the
1259 1160 1328 1194 said
1344 1160 1464 1194 Abbot
1482 1160 1551 1194 and
1569 1174 1649 1195 con-

174 1223 258 1253 vent
276 1217 317 1251 of
330 1216 447 1264 Passay
465 1217 552 1264 frely
571 1217 807 1264 qutchmya
836 1217 973 1264 alsweyl
1004 1216 1202 1251 nowbeand
1229 1230 1265 1251 as
1294 1217 1468 1251 fortocum
1487 1217 1541 1250 for
1559 1217 1648 1262 ayle-

174 1273 282 1307 stand.
336 1272 380 1306 In
400 1271 624 1320 wytnesynge
643 1272 683 1306 of
696 1273 753 1307 the
772 1272 890 1319 qulk
908 1273 1058 1319 thyngis,
1087 1274 1123 1306 in
1142 1273 1268 1307 defalte
1298 1272 1316 1306 I
1347 1273 1422 1306 haif
1446 1286 1491 1307 na
1518 1272 1586 1319 seyl
1613 1273 1652 1305 of

176 1342 259 1376 myn
277 1341 392 1376 awyn,
422 1328 440 1362 I
459 1328 534 1362 haif
548 1334 716 1375 procuryt
733 1329 830 1375 wyth
848 1328 974 1363 instans
992 1329 1050 1363 the
1068 1328 1168 1375 seylis
1187 1329 1226 1363 of
1240 1329 1461 1376 worschipful
1480 1342 1569 1363 men.

177 1496 285 1531 Carta
301 1502 395 1531 terre
414 1497 457 1531 de
476 1497 558 1531 villa
578 1497 737 1532 Renfrw.

179 1610 581 1646 MEMORANDUM
607 1611 701 1657 quod
728 1610 783 1645 die
804 1610 976 1645 Mercurii
1002 1611 1160 1658 proxima
1188 1611 1261 1658 post
1291 1611 1412 1646 festum
1443 1610 1562 1646 Sancti
1592 1611 1652 1646 Jo-

178 1668 301 1702 hannis
327 1673 408 1702 ante
434 1673 571 1715 portam
599 1667 762 1702 Latinam
792 1668 875 1702 anni
902 1667 1013 1713 gratie
1045 1667 1104 1701 Mmi
1136 1668 1210 1702 cc¹¹¹i
1241 1667 1326 1701 lxxx
1354 1667 1548 1714 comparuit
1577 1666 1653 1701 Eda

178 1723 354 1770 quondam
372 1722 492 1770 sponsa
510 1723 676 1770 Stephani
695 1723 738 1757 de
757 1723 948 1770 Lithquow
966 1725 1001 1758 in
1019 1725 1123 1772 plena
1140 1726 1236 1759 curia
1251 1725 1398 1759 Abbatis
1412 1730 1447 1759 et
1460 1730 1653 1759 conventus

179 1780 222 1814 de
242 1778 376 1814 Passeto
394 1780 487 1827 apud
507 1779 679 1821 Renfrw3
709 1792 777 1825 quo
797 1779 852 1814 die
870 1780 997 1815 ibidem
1017 1782 1051 1814 in
1071 1780 1180 1815 libera
1197 1781 1366 1815 viduitate
1392 1780 1461 1821 sua,
1490 1781 1532 1815 de
1558 1793 1654 1815 mera

180 1842 214 1870 et
231 1835 421 1883 spontanea
438 1836 620 1871 voluntate
639 1835 710 1876 sua,
729 1836 837 1876 dedit,
858 1835 1019 1871 concesfit
1037 1842 1072 1871 et
1089 1836 1239 1883 presenti
1256 1836 1382 1883 scripto
1396 1836 1456 1871 suo
1471 1835 1653 1883 refignavit

180 1898 214 1927 et
231 1893 384 1939 quietam
404 1893 566 1927 clamavit
583 1892 749 1939 predictis
769 1892 899 1927 Abbati
918 1898 952 1927 et
971 1894 1171 1933 conventui,
1192 1893 1286 1927 illam
1314 1899 1441 1927 terram
1474 1906 1540 1939 que
1561 1893 1654 1939 jacet

180 1950 345 1995 contigua
364 1949 484 1983 domui
502 1948 679 1994 quondam
698 1947 865 1995 Stephani
884 1948 1059 1983 Marschal
1086 1948 1203 1983 versus
1235 1949 1405 1983 orientem
1434 1949 1471 1982 in
1501 1949 1583 1983 villa
1612 1949 1653 1982 de

183 2005 342 2045 Renfrw,
370 2017 473 2050 quam
492 2004 737 2051 prenominata
759 2003 837 2037 Eda
862 2005 957 2050 prius
989 2005 1031 2039 de
1062 2005 1228 2051 predictis
1248 2005 1386 2039 Abbate
1416 2010 1450 2038 et
1477 2010 1653 2039 conventu

180 2061 295 2096 tenuit
312 2061 356 2095 ad
373 2061 520 2100 firmam,
549 2073 629 2094 cum
648 2060 743 2094 omni
767 2060 849 2106 jure
867 2061 962 2106 quod
990 2059 1049 2094 fibi
1078 2061 1134 2094 vel
1164 2061 1348 2094 heredibus
1378 2059 1445 2094 suis
1476 2061 1651 2106 competit,

181 2117 361 2163 competiit
378 2116 434 2151 vel
453 2121 651 2162 competere
670 2116 795 2162 potuit,
824 2116 940 2162 aliquo
952 2116 1045 2162 jure,
1074 2115 1151 2150 casu
1181 2116 1237 2150 vel
1262 2116 1396 2162 judicio
1423 2116 1654 2162 contingenti-

181 2173 256 2212 bus,
285 2177 320 2206 et
338 2185 418 2206 cum
436 2171 597 2206 omnibus
626 2172 856 2217 pertinentiis,
884 2171 1100 2206 libertatibus
1119 2176 1153 2205 et
1170 2170 1362 2205 afiamentis
1392 2171 1435 2205 ad
1462 2171 1655 2218 predictam

183 2234 313 2263 terram
330 2226 565 2274 spectantibus
582 2226 641 2261 seu
659 2227 702 2261 de
714 2227 796 2274 jure
814 2227 1019 2274 spectandiS,
1047 2227 1137 2260 infra
1153 2227 1303 2273 burgum
1322 2233 1356 2261 et
1374 2232 1482 2267 extra,
1510 2226 1579 2261 fine
1597 2227 1655 2261 ali-

183 2297 252 2330 quo
270 2284 516 2323 retinemento,
544 2288 689 2329 propter
706 2283 880 2329 quandam
898 2283 1046 2330 pecunie
1073 2282 1241 2317 summam
1271 2281 1330 2317 fibi
1360 2282 1505 2317 solutam
1524 2288 1594 2317 tam
1613 2284 1656 2317 ad

184 2338 465 2374 sustentationem
483 2338 578 2373 suam
597 2344 631 2373 et
648 2338 837 2374 liberorum
857 2339 997 2374 suorum
1016 2351 1119 2385 quam
1149 2339 1193 2373 ad
1219 2339 1504 2374 exonerationem
1524 2339 1654 2374 debito-
