1839 2652
200 257 245 288 311
605 253 921 290 REGISTRUM
950 255 1287 292 MONASTERII

200 351 373 385 fermiline
392 356 426 385 et
444 351 486 385 de
507 350 628 398 Cupro
647 363 686 385 ac
705 351 748 384 de
766 350 936 385 Neubotil
969 351 1089 387 Sancti
1113 353 1257 388 Andree
1276 352 1427 400 dyocesis
1454 355 1676 390 monasterio-

202 419 280 440 rum
308 406 514 447 Abbatibus,
543 405 687 441 salutem
715 411 750 440 et
775 406 996 453 apostolicam
1025 409 1319 444 benedictionem.
1372 409 1443 444 Etfi
1473 411 1676 457 quibussibet

202 463 365 511 religiosis
383 463 538 511 personis
556 469 591 498 et
613 463 698 498 locis
716 477 760 498 ex
777 463 936 511 injuncte
954 465 1053 499 nobis
1072 464 1246 500 servitutis
1265 466 1380 501 officio
1398 464 1542 502 affistere
1561 468 1678 503 defen-

202 520 302 554 fionis
320 519 466 568 presidio
484 526 679 561 teneamur,
700 520 766 554 illis
785 526 859 554 tum
878 519 1057 567 specialius
1085 528 1119 556 et
1149 521 1323 557 efficacius
1340 521 1453 557 adeffe
1470 535 1535 557 nos
1553 536 1679 558 conve-

202 578 264 617 nit,
293 577 362 623 qui,
389 576 459 611 sedi
478 576 662 624 apostolice
680 577 880 611 immediate
898 576 1054 625 subjecti,
1084 591 1157 612 non
1174 578 1303 613 habent
1331 585 1449 626 preter
1476 579 1679 614 Romanum

202 634 403 681 pontificem
421 634 528 668 alium
547 632 775 668 defensorem.
805 633 894 668 Sane
914 634 1126 669 dilectorum
1141 635 1294 669 filiorum
1309 635 1457 669 Abbatis
1475 641 1510 670 et
1528 648 1680 670 conven-

202 698 258 724 tus
272 689 467 724 monasterii
481 688 727 730 Cluniaefflfis,
743 690 787 724 ad
803 690 1001 724 Romanam
1017 689 1190 725 ecclefiam
1212 690 1310 725 nullo
1328 691 1445 725 medio
1459 692 1678 738 pertinentis,

206 746 467 781 Matisconenfis
494 745 645 787 diocefis,
678 759 743 780 nec
771 759 843 780 non
871 746 1045 787 abbatum,
1075 748 1233 794 priorum
1253 752 1287 781 et
1306 747 1519 782 decanorum
1547 746 1680 782 monas-

204 804 386 844 teriorum,
413 803 632 850 prioratuum
652 808 686 837 et
704 803 937 837 decanatuum
956 802 1192 838 Cluniacenfis
1220 803 1352 837 ordinis
1379 809 1414 838 et
1441 808 1680 838 conventuum

205 861 398 894 eorundem
413 859 669 906 conquestione,
688 860 907 906 percepimus
921 860 1015 905 quod
1030 860 1191 894 nonnulli
1206 860 1452 908 archiepiscopi
1467 866 1501 895 et
1519 859 1679 907 episcopi,

206 917 355 957 abbates,
383 916 528 963 priores,
557 921 591 950 et
609 915 666 949 alii
685 915 812 956 clerici,
842 922 876 950 et
907 914 1125 950 ecclesiastice
1143 914 1289 963 persone
1312 922 1383 950 tam
1401 916 1559 963 religiose
1577 930 1680 963 quam

208 973 386 1013 &culm-es,
414 985 570 1006 necnon
588 972 704 1011 duces,
732 972 886 1011 comites,
916 977 950 1005 et
968 972 1126 1012 barones,
1157 972 1293 1012 milites,
1325 980 1358 1006 et
1377 972 1616 1007 univerlitates
1641 986 1680 1007 ac

206 1029 393 1075 lingulares
411 1027 556 1076 persone
576 1029 755 1062 civitatum
774 1034 809 1062 et
835 1026 1010 1062 diocesum
1037 1041 1076 1062 ac
1096 1029 1248 1075 partium
1266 1028 1471 1068 vicinarum,
1502 1029 1538 1062 in
1556 1028 1680 1074 quibus

208 1087 340 1121 dicisum
358 1085 615 1125 monasterium,
645 1091 678 1119 et
709 1089 824 1119 cetera
853 1084 1069 1124 monasteria,
1097 1085 1282 1131 prioratus,
1312 1084 1510 1124 decanatus,
1544 1084 1678 1123 domus,

209 1149 242 1177 et
254 1143 321 1177 alia
337 1143 415 1177 loca
428 1147 463 1177 et
477 1141 632 1176 membra
645 1142 757 1176 eidem
769 1140 978 1175 monasterio
995 1139 1214 1175 Cluniacenli
1225 1139 1389 1187 subjecta,
1410 1139 1589 1174 confistere
1608 1140 1681 1186 dig-

208 1199 409 1239 noscuntur,
446 1204 663 1245 occuparunt
690 1203 724 1232 et
755 1197 918 1244 occupari
947 1197 1107 1231 fecerunt
1134 1196 1266 1236 domos,
1308 1195 1474 1236 ecclelias,
1506 1196 1679 1242 grangias,

208 1256 420 1295 molendina,
441 1255 601 1294 decimas,
622 1253 847 1293 obedientias,
868 1252 998 1292 casalia,
1018 1257 1139 1292 terras,
1156 1252 1284 1292 vineas,
1300 1250 1528 1298 poffeffiones,
1549 1250 1680 1291 census,

208 1312 365 1346 redditus
383 1316 418 1345 et
435 1315 637 1358 proventus,
661 1308 922 1356 jurisdictiones
949 1313 984 1342 et
1003 1308 1096 1355 jura,
1124 1320 1163 1341 ac
1181 1307 1354 1341 nonnulla
1379 1307 1472 1341 bona
1488 1307 1631 1342 mobilia
1649 1314 1683 1341 et

209 1367 409 1407 immobilia,
429 1367 472 1401 ad
492 1367 625 1400 distum
641 1364 882 1405 Cluniacense,
915 1371 950 1399 et
968 1364 1035 1398 alia
1053 1363 1260 1398 monasteria
1277 1363 1338 1397 fibi
1357 1363 1522 1411 subjecta,
1543 1376 1683 1397 necnon

208 1425 393 1471 p1·ioratUS‚
414 1423 613 1463 decanatus
634 1428 668 1457 et
687 1422 820 1462 (1011103,
842 1427 876 1456 et
893 1421 1063 1468 prelibata
1077 1421 1151 1468 ejus
1165 1420 1331 1460 membra,
1361 1419 1564 1467 spectantia,
1590 1425 1625 1453 et
1644 1432 1683 1453 ea

210 1482 368 1516 detinent
386 1481 539 1515 indebite
558 1485 736 1527 occupata,
763 1478 822 1513 seu
840 1479 961 1513 eadem
980 1478 1216 1512 detinentibus
1233 1476 1385 1524 prestant
1402 1477 1581 1516 auxilium,
1602 1488 1683 1510 con-

208 1537 320 1570 filium
339 1541 373 1570 et
390 1536 545 1570 favorem
562 1550 572 1577 ;
600 1534 763 1569 nonnulli
781 1535 883 1568 etiam
902 1534 1054 1580 partium
1074 1532 1297 1574 diversarum,
1318 1533 1377 1579 qui
1391 1545 1520 1566 nomen
1536 1532 1683 1566 Domini

212 1594 248 1626 in
266 1604 415 1626 vacuum
433 1592 589 1638 recipere
607 1603 680 1624 non
697 1590 898 1629 formidant,
927 1589 1028 1623 dictis
1046 1588 1225 1623 abbatibus
1244 1594 1278 1623 et
1296 1588 1470 1635 prioribus
1487 1602 1526 1622 ac
1545 1588 1683 1622 decanis

213 1655 247 1682 et
261 1648 491 1682 conventibus
503 1647 789 1681 monasteriorum
803 1652 837 1680 et
849 1646 1067 1693 prioratuum
1081 1645 1285 1685 eorundem,
1299 1645 1334 1678 in
1347 1643 1504 1685 ccclefiis,
1517 1645 1682 1691 grangiiS,

212 1705 432 1744 molendinis,
449 1704 601 1744 decimis,
617 1701 791 1743 casalibus,
809 1702 932 1742 castris,
949 1701 1061 1741 terris,
1075 1700 1387 1748 jurisdictionibus,
1401 1700 1551 1748 juribus,
1571 1701 1682 1740 bonis,

213 1768 247 1795 et
273 1761 376 1795 rebus
402 1760 476 1794 aliis
502 1760 546 1794 ad
575 1758 789 1798 monasteria,
822 1758 1006 1805 pri01·atuS,
1035 1762 1069 1790 et
1099 1757 1222 1791 domos
1249 1757 1407 1804 predifflsa
1436 1756 1682 1803 spectantibus,

214 1817 423 1863 multiplices
449 1815 618 1850 molestias
636 1821 670 1849 et
688 1814 831 1862 injurias
856 1814 1012 1848 inferunt
1031 1820 1065 1849 et
1077 1814 1234 1861 jacturas
1250 1829 1260 1857 3
1289 1827 1395 1860 quare
1417 1827 1481 1861 pro
1500 1819 1597 1861 parte
1616 1814 1685 1848 dic-

213 1880 330 1907 torum
350 1872 496 1906 Abbatis
514 1877 548 1905 et
567 1876 760 1905 conventus
778 1869 929 1917 ejusdem
947 1870 1143 1904 monasterii
1175 1869 1410 1905 Cluniacenfis
1440 1870 1540 1904 nobis
1571 1870 1685 1904 extitit

214 1928 391 1963 humiliter
404 1926 645 1974 supplicatum,
657 1932 697 1960 ut
715 1938 794 1960 cum
806 1925 907 1959 valde
926 1925 1063 1960 difficile
1082 1927 1248 1960 reddatur
1268 1926 1392 1960 eisdem
1413 1932 1447 1960 et
1464 1926 1539 1960 aliis
1557 1926 1685 1960 abbati-

215 1985 288 2025 bus,
302 1983 485 2031 prioribus,
495 1982 643 2022 decanis,
657 1988 689 2016 et
702 1994 823 2016 eorum
837 1981 1011 2022 membris,
1023 1995 1087 2029 pro
1099 1981 1238 2029 lingulis
1250 1983 1399 2028 querelis
1410 1983 1452 2016 ad
1465 1981 1684 2029 apostolicam

216 2041 330 2076 sedem
349 2040 475 2074 habere
493 2037 681 2079 recursum,
700 2038 885 2085 providere
904 2038 952 2072 eis
969 2037 1070 2085 super
1096 2039 1162 2073 hoc
1188 2045 1333 2085 paterna
1351 2039 1530 2085 diligentia
1549 2051 1685 2072 curare-

216 2112 303 2133 mus.
354 2097 431 2131 Nos
449 2097 567 2142 igitur,
588 2094 862 2130 consideratione
881 2093 1037 2128 cariffimi
1056 2095 1117 2128 filii
1136 2094 1241 2128 nostri
1261 2095 1410 2141 Philippi
1430 2095 1519 2140 regis
1538 2094 1684 2128 Francie

218 2154 354 2189 illustris
372 2152 550 2200 superbiis
568 2151 667 2186 nobis
681 2150 859 2185 humiliter
876 2148 1108 2197 supplicanti5‚
1139 2151 1208 2191 illo,
1230 2151 1386 2185 volentes
1405 2149 1566 2185 adversus
1585 2164 1684 2185 occu-

217 2216 365 2258 patores,
395 2210 605 2249 detentores,
633 2205 900 2254 presumptoreS,
926 2206 1161 2241 molestatores
1179 2212 1211 2240 et
1231 2206 1451 2253 injuriatores
1475 2205 1683 2253 hujusmodi,

218 2268 276 2307 eis,
304 2265 460 2300 remedio
478 2264 671 2304 subvenire,
698 2276 761 2310 per
779 2262 873 2309 quod
902 2261 1053 2309 ipsorum
1072 2261 1309 2309 compescatur
1335 2262 1522 2302 temeritas,
1551 2268 1585 2296 et
1611 2262 1684 2295 aliis

218 2324 330 2357 aditus
365 2321 604 2356 committendi
634 2319 752 2354 fimilia
779 2319 1015 2366 precludatur,
1045 2318 1242 2353 discretioni
1269 2317 1378 2352 vestre
1408 2331 1471 2365 per
1502 2317 1684 2364 apostolici
