1839 2652
189 298 259 329 152
591 289 907 325 REGISTRUM
935 288 1275 326 MONASTERII

291 401 368 424 cum
388 387 526 422 notario
544 386 733 433 subscripto
763 391 798 420 et
823 385 964 420 testibus
981 385 1205 433 infrascriptis
1223 386 1449 434 personaliter
1465 391 1604 438 presens
1622 393 1674 428 in-

289 444 406 484 terfui,
434 456 542 489 eaque
560 441 603 476 fic
620 442 696 476 fieri
714 441 785 476 vidi
804 446 838 475 et
856 441 974 477 audivi
991 455 1031 477 ac
1049 443 1084 476 in
1103 448 1224 477 notam
1242 443 1376 491 sumpfi.
1430 445 1516 481 Ideo
1533 448 1674 495 presens

288 500 555 534 instrumentum
590 511 697 532 manu
731 497 951 544 precedentis
984 498 1113 532 notarii
1147 498 1299 534 fideliter
1331 499 1497 548 scriptum
1527 504 1672 546 confeci,

287 555 395 602 figno,
407 554 656 601 subscriptione
671 559 705 588 et
719 554 862 588 nomine
876 553 962 588 meis
978 553 1087 588 iolitis
1104 560 1138 589 et
1156 554 1329 590 consuetis
1342 555 1497 603 fingnavi
1513 559 1551 593 in
1568 559 1673 595 fidem

290 617 325 646 et
341 611 576 646 testimonium
596 610 753 645 veritatis
771 610 928 644 omnium
947 608 1202 657 premifl'orum,
1222 617 1377 658 rogatus·

195 781 470 816 Instrumentum
487 781 579 815 inter
599 779 775 814 Abbatem
794 785 829 815 et
847 783 1061 814 conventum
1080 779 1123 814 de
1143 778 1290 814 Paffelet
1320 784 1355 814 et
1383 780 1582 829 episcopum
1602 780 1674 817 Ro-

193 838 331 873 bertum
351 836 624 872 Lesmorensem.

194 949 474 985 UNIVERSIS
503 948 620 983 sancite
651 949 770 982 matris
800 946 939 982 ecclesie
969 946 1047 981 filiis
1073 946 1116 982 ad
1145 959 1296 993 quorum
1326 948 1467 982 notitias
1496 947 1673 996 presentes

193 1006 310 1040 littere
340 1005 565 1052 pervenerint
594 1004 774 1039 Johannes
800 1003 870 1037 Dei
898 1003 1066 1050 patientia
1082 1002 1185 1036 abbas
1215 1003 1412 1037 monasterii
1441 1004 1484 1039 de
1512 1004 1670 1047 Culros',

193 1060 325 1094 ordinis
343 1058 583 1099 Cistercienfis,
617 1057 875 1092 Dunblanenfis
893 1057 1044 1098 diocefis,
1065 1058 1178 1105 judex
1197 1063 1231 1093 et
1249 1058 1473 1093 conservator
1497 1060 1673 1107 privilegi-

193 1128 295 1150 orum
314 1114 551 1149 concefforum
571 1113 735 1160 religiosis
753 1114 836 1148 viris
856 1113 985 1147 Abbati
1017 1119 1051 1148 et
1078 1115 1269 1148 conventui
1288 1114 1330 1148 de
1350 1113 1507 1156 Paffehet,
1540 1116 1673 1151 ordinis

194 1170 440 1211 Cluniacenfis,
473 1168 695 1216 Glasguenfis
724 1167 874 1208 diocefis,
906 1181 1059 1203 unacum
1076 1168 1200 1203 nostris
1230 1170 1266 1203 in
1296 1170 1360 1204 hac
1386 1175 1484 1216 parte
1516 1171 1669 1218 collegis,

192 1240 271 1262 cum
291 1227 349 1261 illa
367 1226 529 1266 clausula,
558 1231 732 1271 quatenus
749 1237 809 1259 vos
827 1229 908 1264 tres,
937 1225 1005 1258 duo
1023 1228 1086 1257 aut
1102 1236 1198 1258 unus
1215 1229 1379 1265 vestrum,
1408 1238 1428 1259 a
1444 1224 1522 1260 sede
1540 1226 1672 1273 aposto-

192 1283 258 1317 lica
276 1283 473 1329 deputatus,
501 1281 646 1315 salutem
665 1281 701 1314 in
720 1280 877 1314 omnium
903 1278 1087 1313 salvatore.
1138 1279 1319 1314 Noveritis
1337 1293 1400 1314 nos
1419 1281 1551 1315 litteras
1568 1294 1672 1317 vene-

191 1339 352 1373 rabilium
365 1338 522 1372 virorum
536 1336 698 1370 videlicet
706 1335 873 1369 Duncani
886 1334 989 1368 Bulle
1000 1334 1235 1369 archidiaconi
1249 1334 1389 1370 ecclefie
1401 1336 1669 1379 Dunblanenfis,

191 1394 312 1430 Jacobi
333 1391 475 1428 Browff
485 1398 520 1427 et
539 1392 736 1426 Alexandri
756 1391 859 1431 Cant,
890 1388 1131 1424 Breehinenfis
1149 1396 1184 1424 et
1203 1390 1434 1426 Moravienfis
1452 1392 1671 1429 ecclefiarum

191 1450 452 1490 canonicorum,
472 1462 511 1483 ac
523 1449 686 1496 judicum
705 1445 1015 1481 eommiflariorum
1034 1451 1069 1479 et
1085 1444 1391 1493 subdelegatorum
1409 1449 1619 1483 venerabilis
1634 1450 1671 1484 in

192 1506 328 1542 Christo
346 1506 453 1552 patris
470 1504 593 1540 Jacobi
622 1504 692 1538 Dei
710 1502 878 1550 patientia
894 1501 1025 1535 abbatis
1043 1501 1240 1535 monasterii
1259 1503 1302 1536 de
1321 1502 1474 1544 Culros’‚
1498 1517 1538 1538 ac
1564 1504 1669 1539 nostri

189 1559 437 1609 predecefforis
454 1560 645 1594 immediati
663 1558 816 1605 ejusdem
834 1557 913 1597 loci,
935 1556 1055 1590 eadem
1075 1557 1285 1591 aufitoritate
1304 1558 1491 1599 constituti,
1515 1560 1551 1593 in
1570 1559 1670 1594 causa

190 1618 273 1652 alias
291 1622 387 1650 mota
404 1617 495 1650 inter
513 1614 748 1649 venerabilem
766 1618 901 1660 patrem
916 1611 1113 1657 Georgium
1129 1612 1288 1647 abbatem
1307 1613 1350 1647 de
1371 1612 1516 1648 Pafl'elet
1534 1620 1569 1649 et
1587 1628 1669 1650 con-

191 1679 335 1708 ventum
354 1671 518 1719 ejusdem,
550 1684 589 1705 ac
616 1669 850 1704 reverendum
869 1669 904 1702 in
924 1667 1060 1702 Christo
1086 1673 1221 1715 patrem
1253 1668 1451 1704 Robertum
1470 1669 1666 1718 episcopum

190 1727 464 1767 Lesmorensem‚
484 1726 591 1766 sanas,
613 1727 776 1771 integras,
795 1736 868 1758 non
886 1723 986 1763 rasaS,
1014 1736 1087 1758 non
1105 1724 1321 1764 cancellatas,
1348 1737 1412 1759 nec
1429 1726 1465 1759 in
1484 1726 1599 1771 aliqua
1615 1725 1665 1761 sui

190 1790 288 1832 parte
307 1783 489 1830 suspectas,
511 1781 567 1816 led
585 1782 680 1816 omni
699 1779 839 1827 prorsus
857 1779 943 1813 vitio
961 1778 1219 1825 suspicioneque
1238 1785 1405 1820 carentes,
1433 1780 1612 1827 inspexifl'e
1630 1788 1666 1816 et

189 1842 233 1876 ad
250 1840 392 1887 plenum
412 1836 628 1878 intellexifl'e,
656 1849 803 1883 quarum
821 1835 960 1881 quidem
980 1834 1176 1869 litterarum
1195 1840 1298 1869 tenor
1323 1834 1477 1881 [equitur
1496 1836 1538 1870 de
1556 1836 1664 1872 verbo

190 1897 227 1930 in
238 1895 384 1931 verbum
400 1900 435 1928 et
449 1893 496 1928 est
509 1893 587 1927 talis
601 1906 610 1927 :
630 1890 919 1927 DUNCANUS
938 1890 1109 1925 BULLE
1125 1891 1389 1925 archidiaconus
1407 1891 1546 1926 ecclefie
1562 1892 1664 1927 Dun-

188 1951 368 1991 blanenfis,
388 1949 540 1985 Jacobus
559 1947 702 1983 Browff
712 1954 747 1982 et
766 1946 970 1981 Alexander
990 1946 1093 1987 Cant,
1122 1946 1363 1981 Brechinenfis
1380 1953 1416 1982 et
1434 1947 1664 1983 Moravienfis

189 2006 408 2043 ecclesiarum
435 2005 604 2045 canonici,
633 2003 841 2038 venerab-ilis
866 2003 903 2036 in
930 2002 1067 2037 Christo
1093 2003 1201 2049 patris
1233 2003 1357 2038 Jacobi
1392 2003 1463 2038 Dei
1496 2004 1665 2051 patientia

188 2063 319 2098 abbatis
346 2062 388 2096 de
416 2059 569 2101 Culros',
598 2057 856 2094 Dunblanenfis
874 2057 1025 2098 dioces1s‚
1046 2058 1175 2104 judicis
1202 2063 1236 2093 et
1261 2057 1514 2093 conservatoris
1539 2072 1560 2094 a
1583 2059 1664 2096 sede

189 2118 374 2167 apostolica
398 2116 499 2164 super
516 2116 708 2164 privilegiis
725 2112 887 2150 concesfis
912 2111 1076 2160 religiofis
1094 2114 1176 2148 viris
1203 2113 1334 2148 Abbati
1365 2114 1408 2149 de
1438 2113 1609 2150 Pafleleto
1628 2122 1664 2151 et

190 2175 379 2210 conventui
397 2172 561 2221 ejusdem,
594 2185 673 2207 eum
690 2171 765 2205 aliis
781 2170 848 2205 suis
872 2170 909 2204 in
938 2170 1002 2204 hac
1027 2175 1126 2217 parte
1156 2170 1310 2217 collegis,
1338 2171 1505 2218 deputati,
1525 2171 1663 2218 judices

189 2230 401 2276 subdelegati
420 2235 454 2264 et
472 2227 689 2263 commiffarii
702 2226 800 2262 cause
818 2231 854 2260 et
866 2225 1021 2272 partibus
1035 2225 1256 2274 infrascriptis
1269 2225 1462 2274 specialiter
1474 2227 1659 2268 constituti,

189 2286 286 2334 cujus
311 2284 602 2332 subdelegationis
631 2289 734 2318 tenor
762 2281 917 2329 sequitur
945 2282 982 2315 in
1009 2281 1074 2316 hec
1098 2282 1214 2323 verba,
1245 2282 1476 2318 JACOBUS
1503 2282 1574 2316 Dei
1601 2295 1660 2329 pa-

190 2342 311 2378 tientia
340 2341 442 2375 abbas
472 2339 665 2375 monasterii
698 2339 741 2374 de
772 2336 923 2379 Culroff,
958 2337 1090 2372 ordinis
1124 2337 1366 2380 Cistercienfis,
1402 2337 1662 2372 Dunblanenfis
