1839 2652
736 235 807 271 DE
836 233 1104 269 PASSELET.
1592 234 1661 265 145

171 334 402 382 Juriparitur',
423 333 517 368 dicto
535 333 590 369 die
603 345 677 368 non
691 332 897 380 comparuit,
917 330 999 366 licet
1016 330 1052 364 in
1071 329 1166 363 dieta
1184 328 1265 362 villa
1284 325 1499 374 Glasguenfi‚
1519 331 1605 361 tunc
1623 332 1658 360 et

175 403 239 438 per
256 391 375 438 plures
394 391 465 425 dies
479 395 571 430 ante,
587 388 726 437 presens
744 389 869 428 fuerat,
889 387 947 422 sed
964 386 997 421 se
1012 385 1265 420 contumaciter
1278 383 1493 426 absentavit3
1512 388 1658 430 propter

176 446 282 493 quod,
303 445 412 493 ipsum
427 451 669 480 contumacem
684 450 897 492 reputamuS‚
913 455 953 477 ac
968 441 1076 489 ipsum
1092 454 1111 475 a
1122 440 1377 488 pontificalibus
1395 444 1544 479 tantum,
1563 442 1603 473 ut
1621 439 1658 472 in

176 502 244 537 hoc
262 503 375 537 eidem
391 502 578 542 deferatur,
598 501 857 548 suspendimus3
878 500 914 533 in
933 499 997 532 hiis
1015 497 1148 544 scriptis
1165 497 1263 531 vobis
1282 502 1316 530 et
1335 495 1483 530 vestrum
1503 494 1656 533 cuilibet,

177 559 388 593 auctoritate
422 571 490 604 qua
517 558 697 604 fungimur
722 558 758 590 in
784 557 849 590 hac
874 560 984 602 parte,
1014 560 1048 589 et
1078 553 1138 587 sub
1166 566 1257 600 pena
1286 550 1657 587 excommunicationis

176 615 330 661 majoris,
350 627 453 661 quam
472 614 507 647 in
526 626 587 647 vos
606 618 640 647 et
657 612 808 646 vestrum
834 610 1035 656 quemlibet,
1066 609 1089 643 fi
1107 609 1245 657 presens
1271 609 1474 643 mandatum
1500 607 1656 642 nostrum

178 670 294 705 debite
311 670 467 717 recipere
486 674 520 703 et
538 667 682 715 implere
709 666 946 713 neglexeritis,
974 666 1028 700 vel
1048 666 1135 700 illud
1154 666 1244 699 infra
1271 671 1341 699 tres
1360 665 1432 699 dies
1450 664 1524 711 post
1540 676 1658 710 recep·

177 727 311 761 tionem
330 724 480 773 ejusdem
495 723 693 758 immediate
707 722 898 768 sequenteS,
912 734 1062 767 quorum
1075 722 1227 768 primum
1245 734 1309 768 pro
1324 721 1446 767 prima,
1465 720 1656 755 secundum

177 794 242 829 pro
260 781 421 822 secunda,
455 786 490 815 et
508 780 651 814 tertium
670 791 734 826 pro
753 778 857 812 tertia
875 783 909 812 et
927 777 1164 824 peremptoria
1182 777 1388 817 monitione,
1418 777 1516 811 vobis
1534 781 1569 810 et
1586 774 1657 810 ves-

177 842 272 872 trum
290 837 431 872 cuilibet
448 848 510 883 per
528 834 704 882 presentes
722 833 939 880 assignamus,
960 833 1158 868 executioni
1178 833 1292 867 debite
1310 846 1382 866 non
1398 831 1658 866 demandaveri-

177 894 232 934 tis,
247 893 303 929 vel
316 893 406 927 circa
419 892 506 926 illud
519 892 651 931 dolum,
671 891 822 937 aliquam
836 890 1028 931 fififionem,
1044 889 1339 923 machinationem
1352 887 1590 922 commiseritis
1601 886 1657 920 vel

177 954 429 988 commentum,
461 948 696 995 proferimus3
734 948 769 981 in
787 947 852 980 hiis
879 945 1013 993 scriptis
1043 945 1190 979 firmiter
1208 944 1432 992 precipiendo
1452 943 1658 977 mandamus

176 1005 340 1051 quatinus
358 1005 401 1038 ad
419 1003 628 1051 presentiam
643 1003 728 1038 dieti
747 1002 880 1037 domini
900 1001 1061 1049 Episcopi
1081 999 1300 1047 Ergadienfis
1318 999 1546 1047 personaliter
1563 1010 1658 1033 acce-

177 1060 310 1100 dentes,
341 1059 451 1107 ipsum
469 1058 512 1094 fic
529 1072 592 1106 per
610 1072 674 1093 nos
692 1072 713 1092 a
729 1057 987 1105 pontificalibus
1004 1070 1134 1104 proper
1151 1056 1246 1091 suam
1270 1056 1574 1091 continuacionem
1592 1053 1658 1089 sus-

175 1115 332 1163 pensum,
352 1116 493 1150 testibus
510 1114 687 1150 vobiscum
706 1114 878 1154 adhibitis,
907 1114 1117 1148 auctoritate
1135 1113 1251 1147 nostra
1268 1113 1374 1147 immo
1393 1113 1509 1146 verius
1526 1111 1658 1158 aposto-

176 1172 244 1207 lica
259 1185 328 1219 qua
345 1173 525 1218 fungimur
543 1173 579 1206 in
597 1172 661 1206 hac
679 1177 787 1218 parte,
808 1170 945 1218 publice
964 1170 1193 1210 denuncietis,
1215 1171 1361 1204 citantes
1380 1169 1531 1203 eundem
1550 1168 1657 1202 nichi-

177 1228 341 1269 lominus,
363 1229 574 1262 auctoritate
592 1228 761 1274 predffi‘ca,
782 1226 877 1273 quod
896 1231 1096 1272 compareat
1115 1238 1232 1260 coram
1250 1225 1361 1266 nobis,
1382 1225 1570 1259 secundum
1590 1224 1658 1258 for-

178 1297 272 1319 mam
285 1290 320 1319 et
333 1290 494 1318 tenorem
506 1284 618 1330 prime
633 1283 816 1322 citationis,
836 1281 895 1316 seu
907 1281 1051 1327 collegis
1069 1281 1191 1315 nostris
1208 1294 1281 1315 uno
1301 1281 1357 1315 vel
1374 1281 1544 1328 pluribus,
1564 1280 1658 1327 apud

179 1339 324 1386 Glasgw
351 1340 385 1373 in
412 1339 552 1374 ecclelia
570 1338 760 1373 cathedrali
788 1337 952 1384 ejusdem,
982 1337 1117 1371 decimo
1135 1343 1261 1384 quarto
1288 1338 1343 1372 die
1362 1337 1517 1371 instantis
1535 1335 1658 1371 menfis

176 1395 287 1436 Junii,
316 1395 417 1430 dietis
437 1395 568 1429 Abbati
586 1400 621 1429 et
639 1394 830 1429 conventui
857 1394 899 1427 de
920 1392 1066 1427 Paffelet
1084 1393 1140 1427 vel
1159 1406 1281 1427 eorum
1299 1393 1583 1440 procuratoribus
1601 1392 1658 1427 vel

175 1451 409 1497 procuratori,
440 1450 541 1498 super
566 1450 769 1497 gravamine
798 1455 832 1484 et
860 1448 989 1495 injuria
1015 1449 1051 1483 in
1077 1449 1191 1496 prima
1211 1450 1377 1484 citatione
1395 1449 1594 1489 nominatis,
1623 1453 1658 1483 et

177 1506 252 1541 aliis
269 1505 293 1540 fi
311 1520 394 1553 quas
419 1505 480 1540 fibi
507 1507 645 1541 obicere
663 1506 842 1540 voluerint
860 1503 1054 1552 responsur’
1083 1510 1118 1539 et
1140 1505 1362 1552 juriparitur'
1377 1519 1387 1548 3
1417 1510 1452 1539 et
1468 1506 1505 1538 in
1522 1503 1657 1551 signum

177 1562 281 1609 hujus
307 1563 481 1596 citationis
499 1562 602 1602 facte,
622 1562 784 1596 adhibitis
802 1561 942 1595 testibus
960 1573 1112 1606 quorum
1131 1561 1275 1594 nomina
1292 1561 1356 1595 hec
1373 1560 1463 1601 sunt,
1494 1560 1658 1595 videlicet

180 1618 385 1653 Alexander
401 1618 536 1653 sacrista
553 1624 588 1652 et
608 1617 791 1652 Wilelmus
808 1617 900 1651 filius
928 1617 1046 1651 David
1066 1617 1196 1657 Scolar,
1229 1617 1321 1652 fafita
1347 1617 1439 1651 infra
1465 1615 1657 1651 clausuram

178 1674 326 1709 fratrum
344 1674 586 1721 predifflmrum
606 1674 648 1708 de
668 1672 823 1720 Glalgw,
843 1673 989 1707 citantes
1007 1672 1147 1720 presens
1166 1673 1368 1708 mandatum
1384 1672 1550 1713 nostrum,
1570 1672 1658 1719 figil-

178 1730 294 1764 lorum
308 1729 448 1764 suorum
461 1728 685 1777 appositione,
693 1730 820 1764 faciant
832 1729 1153 1769 communiri,idem
1166 1729 1371 1763 mandatum
1386 1730 1551 1764 citatione
1566 1729 1659 1764 fafita

179 1785 348 1820 latoribus
366 1785 518 1833 ejusdem
536 1786 645 1820 libere
662 1785 891 1820 restituentes.
937 1785 1073 1819 Datum
1091 1785 1151 1819 sub
1169 1784 1284 1832 figillis
1303 1785 1426 1820 nostris
1444 1786 1540 1820 (1ίᾶὶο
1557 1785 1658 1820 trice-

179 1839 262 1876 fimo
291 1842 346 1877 die
365 1841 488 1876 menfis
509 1841 599 1876 Maii
626 1854 719 1877 anno
746 1841 895 1876 Domini
920 1840 1101 1876 millefimo
1120 1840 1361 1877 trecentefimo
1379 1840 1586 1889 sexagesimo
1611 1841 1660 1876 se-

181 1898 309 1933 cundo.

185 2063 381 2099 Indentura
397 2065 490 2099 facta
507 2065 599 2100 inter
617 2064 829 2113 Episcopum
847 2065 1098 2113 Ergadiensem
1116 2071 1151 2101 et
1170 2066 1345 2100 Abbatem
1364 2066 1407 2100 de
1427 2064 1585 2100 Pafl'elet.

188 2174 330 2210 APUD
358 2174 581 2210 GLASGW
598 2176 633 2210 in
651 2175 790 2211 ecclesia
807 2177 930 2224 majori
945 2176 1109 2224 ejusdem,
1129 2189 1225 2211 nono
1245 2177 1300 2212 die
1312 2176 1434 2212 menfis
1451 2177 1550 2213 Junii
1567 2191 1660 2214 anno

184 2229 333 2265 Domini
345 2229 524 2265 millefimo
535 2230 775 2266 trecentesimo
786 2231 993 2279 sexagesimo
1004 2232 1168 2274 secundo,
1176 2233 1267 2268 inter
1279 2234 1514 2269 venerabilem
1525 2240 1659 2282 patrem

184 2286 366 2322 dominum
384 2286 583 2322 Martinum
609 2286 681 2322 Dei
706 2288 819 2334 gratia
844 2287 1044 2336 episcopum
1072 2288 1321 2336 Ergadiensem
1339 2303 1383 2325 ex
1399 2296 1498 2339 parte
1517 2304 1597 2333 una,
1627 2299 1661 2326 et

912 2355 934 2378 T
