1839 2652
140 259 187 296 74
540 249 854 287 REGISTRUM
883 248 1224 284 MONASTERII

150 350 329 385 Crechton
354 347 471 382 nostro
497 347 706 381 cancellario
735 351 770 380 et
796 343 1054 391 consanguineo
1083 343 1288 390 predile&0‚
1322 343 1458 377 dilectis
1484 342 1625 378 consan-

151 406 286 452 guineis
304 403 425 438 nostris
445 402 610 437 W⁷ilelmo
630 402 772 437 domino
793 400 1006 440 Somervele,
1036 399 1183 433 Andrea
1201 399 1344 433 domino
1363 399 1405 432 de
1425 398 1534 446 Gray,
1557 412 1628 433 ma-

151 461 261 508 gistris
278 460 301 495 J
304 460 442 493 ohanne
464 458 583 492 Arous
601 458 847 493 archidiacono
866 454 1082 501 Glasguenfi,
1112 460 1145 489 et
1165 454 1332 500 Georgeo
1352 454 1394 488 de
1410 453 1630 488 Schoriswod

154 517 292 551 rectore
311 515 354 549 de
373 514 501 554 Cultir,
525 515 618 561 apud
637 513 849 559 Edinburgh
867 512 1003 546 decimo
1021 511 1127 545 tertio
1147 511 1202 545 die
1220 509 1342 545 menfis
1359 510 1381 545 J
1385 510 1520 544 anuarii
1537 522 1630 544 anno

156 571 302 607 Domini
325 569 504 604 millelimo
527 568 867 617 quadringentelimo
886 565 1169 613 quinquagesimo
1195 566 1321 613 primo,
1346 571 1381 600 et
1398 566 1498 612 regni
1524 564 1631 600 nostri

156 627 428 673 decimoquinto.

160 798 267 832 Carta
286 797 427 831 domine
447 795 595 831 Eschine
613 795 733 830 uxoris
752 789 1092 829 Walteristnescalli
1111 772 1238 833 Scotie,
1258 792 1301 827 de
1319 797 1413 827 terra
1431 791 1474 825 de
1493 790 1619 825 Molla.

162 909 395 945 ESCHINA
421 922 511 943 uxor
530 908 678 942 KValteri
695 907 757 941 filii
777 907 884 941 Alani
903 906 1047 953 dapiferi
1068 905 1176 952 Regis
1195 905 1322 945 Scotie,
1342 904 1503 938 omnibus
1520 903 1637 938 sancte

162 967 281 1001 matris
299 964 437 1000 ecclefie
455 965 534 999 filiis
551 970 621 999 tam
640 963 855 1011 presentibus
873 976 976 1008 quam
994 963 1131 1002 futuris,
1159 960 1315 995 salutem.
1368 960 1489 995 Sciatis
1506 973 1562 994 me
1581 960 1639 994 de-

164 1020 245 1057 diffe
264 1028 298 1056 et
317 1019 521 1061 concelliss'e,
554 1026 589 1055 et
613 1021 677 1054 hac
703 1032 780 1054 mea
798 1025 893 1053 carta
911 1016 1127 1053 confirmaffe
1146 1017 1228 1051 Deo
1247 1023 1281 1052 et
1313 1016 1440 1052 Sancte
1461 1016 1577 1050 Marie
1604 1022 1639 1050 et

163 1077 300 1113 ecclefie
321 1078 440 1112 Sancti
458 1077 480 1112 J
483 1077 591 1117 acobi,
621 1076 740 1110 Sancti
769 1074 893 1108 Mirini
925 1080 959 1108 et
990 1074 1118 1108 Sancte
1146 1072 1326 1119 Milburge
1357 1073 1400 1107 de
1433 1070 1579 1106 Paffelet
1605 1077 1640 1105 et

165 1135 278 1169 Priori
297 1134 447 1181 ejusdem
467 1133 545 1174 loci,
573 1145 639 1179 pro
656 1132 765 1166 salute
785 1131 916 1165 domini
935 1131 1003 1164 mei
1024 1129 1177 1164 Wilelmi
1195 1130 1296 1175 regis,
1325 1134 1360 1163 et
1390 1129 1508 1163 David
1525 1128 1641 1162 fratris

164 1191 226 1231 sui,
255 1197 288 1225 et
307 1190 439 1224 domini
458 1190 526 1223 mei
546 1188 703 1227 lValteri,
732 1192 767 1221 et
797 1199 861 1233 pro
880 1185 987 1220 salute
1006 1199 1084 1220 mea
1112 1190 1146 1219 et
1173 1185 1344 1219 heredum
1369 1184 1577 1224 nostrorum,
1607 1189 1641 1217 et

166 1261 229 1294 pro
247 1247 362 1281 anima
383 1245 530 1280 Henrici
549 1244 639 1290 regis
659 1243 802 1289 Anglie,
832 1248 865 1276 et
897 1255 960 1288 pro
987 1242 1102 1275 anima
1119 1241 1210 1286 regis
1228 1240 1348 1274 David
1375 1245 1410 1274 et
1441 1240 1531 1285 regis
1551 1238 1643 1273 Mal-

167 1304 271 1338 colmi
290 1309 324 1337 et
343 1302 478 1336 comitis
499 1300 658 1340 Henrici,
687 1304 722 1333 et
747 1300 862 1333 anima
889 1298 1092 1343 Margarete
1118 1297 1188 1331 filie
1207 1309 1283 1331 mee
1301 1310 1368 1342 que
1386 1297 1478 1343 apud
1498 1294 1644 1330 Paffelet

168 1361 203 1393 in
222 1358 374 1406 capitulo
386 1358 481 1404 jacet
499 1356 642 1403 sepulta,
671 1360 706 1389 et
736 1367 800 1401 pro
819 1353 998 1388 animabus
1017 1353 1174 1387 omnium
1191 1358 1376 1399 parentum
1394 1352 1591 1386 nostrorum
1610 1358 1644 1386 et

168 1416 371 1454 amicorum,
400 1414 435 1446 in
454 1419 658 1459 perpetuam
677 1417 712 1446 et
729 1411 881 1456 quietam
901 1407 1124 1449 elimosinam,
1153 1421 1259 1442 unam
1283 1414 1479 1443 carucatam
1497 1414 1591 1442 terre
1608 1409 1645 1441 in

171 1471 296 1511 Molla‚
324 1483 387 1517 per
405 1468 538 1503 easdem
558 1467 679 1502 divisas
697 1481 758 1514 per
776 1480 859 1512 quas
886 1467 934 1500 eis
960 1464 1157 1500 mensurata
1174 1465 1240 1498 fuit
1270 1470 1304 1499 et
1332 1464 1581 1511 perambulata,
1610 1470 1645 1498 et

169 1527 340 1575 pasturam
359 1524 557 1572 quingentis
575 1523 708 1563 ovibus,
737 1529 771 1557 et
797 1521 1005 1568 ayliamenta
1030 1521 1173 1555 alterius
1190 1521 1334 1567 pecudis
1353 1526 1522 1566 quantum
1540 1520 1644 1566 perti-

171 1590 232 1618 net
250 1583 294 1617 ad
311 1594 418 1616 uuam
437 1585 633 1615 carucatam
651 1586 755 1619 terre,
782 1579 819 1612 in
838 1577 958 1612 eadem
976 1577 1069 1617 villa,
1098 1589 1177 1610 cum
1196 1576 1356 1611 omnibus
1370 1577 1443 1610 aliis
1461 1575 1645 1623 ayfiamen-

172 1641 226 1680 tis,
254 1639 373 1677 libere,
393 1638 508 1683 quiete
527 1636 568 1670 ab
587 1635 747 1669 omnibus
765 1633 1072 1668 consuetudinibus
1100 1637 1136 1666 et
1163 1632 1402 1667 exactionibus
1421 1638 1455 1666 et
1482 1632 1524 1666 ab
1551 1632 1646 1666 omni

172 1695 310 1730 servitio
328 1692 513 1740 temporali
530 1691 614 1726 ficut
631 1691 745 1737 aliqua
762 1690 880 1724 abacia
897 1690 932 1723 in
951 1695 1025 1723 tota
1042 1695 1136 1723 terra
1149 1689 1238 1735 regis
1251 1689 1366 1723 Scotie
1382 1689 1534 1728 liberius,
1553 1689 1647 1734 quie-

173 1753 242 1786 tius
260 1757 295 1786 et
312 1748 600 1784 honorificentius
618 1752 715 1781 tenet
733 1746 881 1792 aliquam
901 1743 1138 1791 pofl'essionem
1156 1746 1409 1792 imperpetuam
1428 1743 1647 1779 elemosinam

173 1807 231 1841 fibi
250 1807 376 1841 datam.
429 1805 476 1839 Et
493 1810 532 1839 ut
544 1810 619 1838 rata
634 1810 667 1837 et
681 1803 782 1836 firma
799 1803 1058 1848 imperpetuum
1076 1807 1215 1835 maneat
1232 1800 1292 1835 ista
1304 1801 1458 1841 donatio,
1471 1800 1535 1834 hac
1554 1806 1649 1834 carta

175 1876 251 1897 mea
269 1862 450 1901 confirmo,
480 1866 514 1895 et
532 1858 744 1907 appositione
762 1857 858 1904 figilli
880 1857 1011 1891 domini
1031 1857 1098 1891 mei
1118 1856 1276 1896 walteri,
1304 1856 1364 1890 ista
1392 1857 1551 1903 predicta
1568 1868 1649 1890 con-

173 1921 310 1954 firmata
327 1917 504 1952 monachis
522 1915 773 1963 prenominatis
788 1914 943 1949 concedo
962 1914 997 1948 in
1013 1919 1185 1948 eternum.
1226 1912 1307 1946 Hiis
1319 1912 1469 1953 testibus,
1491 1911 1648 1946 Waltero

176 1977 248 2011 filio
268 1975 375 2010 Alani
395 1974 537 2008 domino
564 1985 654 2013 meo,
684 1972 803 2007 Alano
832 1971 903 2004 filio
931 1970 1014 2017 ejuS‚
1048 1968 1196 2004 Olberto
1215 1968 1394 2015 capellano
1413 1968 1456 2002 de
1475 1967 1648 2007 Oxeham,

177 2033 275 2067 Luca
293 2031 484 2078 capellano,
515 2029 632 2076 Helya
649 2027 840 2074 capellano,
871 2026 1027 2060 XValtero
1046 2025 1172 2059 clerico
1192 2025 1234 2059 de
1254 2024 1379 2064 Molla,
1413 2024 1567 2058 Ricardo
1586 2023 1650 2057 cle-

177 2090 261 2128 rico,
290 2087 422 2123 Jacobo
442 2086 579 2125 clerico,
599 2084 763 2120 Johanne
781 2083 853 2117 filio
874 2082 1028 2124 Horum,
1048 2081 1106 2126 qui
1126 2093 1204 2115 cum
1225 2080 1355 2114 Edulfo
1374 2079 1547 2127 prepofito
1566 2079 1651 2127 ejus-

180 2145 256 2178 dem
278 2143 370 2183 ville,
391 2148 425 2176 et
445 2142 619 2181 Gilberto,
649 2146 683 2175 et
701 2140 775 2174 aliis
793 2139 910 2186 probis
927 2137 1136 2176 hominibus,
1166 2137 1312 2170 eandem
1340 2142 1469 2170 terram
1487 2140 1651 2182 precepto

181 2213 258 2233 meo
278 2199 456 2232 monacbis
484 2198 626 2244 prefatis
652 2195 884 2230 mensuratam
904 2193 1169 2241 perambulavit,
1198 2191 1355 2226 Vv⁷altero
1387 2192 1429 2225 de
1459 2191 1650 2230 Costentin,

181 2262 215 2290 et
234 2255 376 2300 Nigello
394 2255 499 2287 fratre
527 2253 611 2300 eju&
642 2251 801 2287 Roberto
829 2251 871 2285 de
901 2248 1156 2295 Mungumbry,
1187 2247 1391 2282 Rothlando
1421 2247 1463 2281 de
1483 2244 1649 2285 Mernefl‘,

182 2311 346 2346 Wilehuo
365 2310 407 2345 de
427 2309 624 2349 Launarch,
656 2307 813 2342 lValtero
832 2305 1033 2346 camerario,
1063 2304 1226 2339 lVilelmo
1253 2303 1324 2337 filio
1345 2302 1504 2342 Roberti,
1534 2302 1652 2336 Alano
