1839 2652
190 239 237 270 58
588 233 904 268 REGISTRUM
932 233 1273 269 MONASTERII

292 329 544 377 prenominatis
561 328 701 363 testibus
715 328 852 376 presens
866 329 926 370 fui,
948 342 1055 375 eaque
1070 330 1146 363 fieri
1158 330 1228 363 vidi
1243 336 1278 364 et
1295 331 1422 371 audivi,
1443 332 1479 365 in
1491 338 1609 366 notam
1624 344 1676 366 re-

296 386 370 432 cepi
386 391 419 419 et
431 385 496 418 hoc
513 384 652 431 presens
666 385 845 432 publicum
858 384 1124 420 instrumentum
1136 386 1278 432 propria
1291 386 1573 434 manuscriptum
1592 388 1673 422 inde

297 441 441 480 confeci,
461 440 646 486 publicavi,
667 446 702 474 et
720 441 756 474 in
776 441 864 474 hanc
877 441 1050 488 publicam
1062 441 1208 475 formam
1222 441 1353 488 redegi,
1369 442 1424 476 hic
1437 455 1491 476 me
1506 441 1679 489 subscripfi

297 496 460 542 lignoque
479 495 579 530 solito
597 495 737 543 fignavi,
756 509 829 531 una
842 510 922 531 cum
940 496 1147 544 appensione
1173 496 1364 543 figillorum
1387 498 1610 531 dominorum
1627 497 1680 531 su-

296 552 548 599 pradictorum,
563 558 706 599 rogatus
721 558 755 587 et
767 552 957 598 requisitus,
967 553 1003 586 in
1016 552 1121 587 fidem
1136 558 1170 587 et
1183 552 1417 587 testimonium
1433 554 1589 587 omnium
1607 565 1684 599 pre-

298 606 487 648 mifforum,
508 619 578 642 una
592 621 671 642 cum
689 608 896 656 appenfione
908 608 1007 655 figilli
1025 608 1176 655 ejusdem
1191 609 1345 643 Wilelmi
1358 609 1443 644 Urri
1455 608 1655 656 supradicti.

203 776 261 810 De
280 776 470 810 donatione
488 776 666 822 quondam
687 775 778 815 Ade,
800 776 842 810 de
864 775 1148 822 Aldhingleston.

206 887 446 922 OMNIBUS
466 887 591 922 Christi
609 887 770 922 fidelibus
788 886 929 934 presens
954 887 1119 934 seriptum
1138 886 1258 921 visuris
1276 887 1331 921 vel
1350 887 1531 927 audituris,
1566 887 1683 921 Adam

205 943 320 977 dietus
339 943 601 990 Carpentarius,
620 943 765 978 salutem
779 943 816 976 111
831 944 974 977 domino
993 943 1248 990 sempiternam.
1301 943 1453 977 Noverit
1478 942 1682 978 universitas

204 998 316 1033 vestra
333 1011 400 1038 me,
433 998 630 1033 necessitate
647 1000 860 1046 paupertatis
879 998 1095 1046 compulsum
1114 1012 1182 1044 que
1200 999 1315 1045 legem
1334 1012 1406 1033 non
1423 999 1566 1046 patitur,
1596 1012 1677 1034 eon-

205 1053 340 1094 ceffiffe,
369 1053 558 1088 vendidiffe
591 1061 625 1089 et
655 1054 806 1101 presenti
834 1060 929 1088 carta
960 1067 1036 1088 mea
1066 1053 1281 1089 confirmafl'e
1312 1055 1462 1089 dominis
1485 1055 1615 1089 Abbati
1643 1061 1678 1089 et

204 1111 394 1145 conventui
413 1111 455 1145 de
475 1109 633 1151 Passelet,
661 1116 771 1145 totam
789 1116 919 1145 terram
949 1123 1061 1143 meam
1091 1111 1133 1144 de
1167 1110 1461 1156 Haldhingleston
1477 1111 1572 1144 ultra
1597 1124 1677 1157 pro-

203 1166 424 1213 pinquiorem
442 1165 639 1201 wascellum
657 1166 775 1200 subtus
793 1167 935 1200 domum
957 1180 1069 1201 meam
1088 1167 1206 1201 versus
1224 1167 1453 1207 occidentem,
1485 1168 1577 1202 inter
1602 1181 1680 1214 pre-

206 1222 340 1256 dictum
370 1222 570 1256 wascellum
601 1228 636 1256 et
662 1227 792 1256 terram
822 1222 903 1256 Ade
935 1223 977 1256 de
1006 1222 1037 1257 K
1044 1228 1114 1262 ent,
1148 1228 1291 1269 propter
1325 1223 1500 1268 quandam
1536 1224 1683 1270 pecunie

205 1277 373 1311 summam
417 1284 675 1324 competentem
715 1290 817 1323 quam
861 1278 1097 1324 prenominati
1133 1278 1253 1312 Abbas
1289 1283 1324 1312 et
1368 1284 1564 1313 conventus
1598 1279 1682 1312 mihi

205 1332 396 1373 solverunt,
424 1334 461 1366 in
479 1346 604 1379 magna
622 1331 818 1367 necestitate
846 1346 934 1373 mea,
967 1334 1011 1367 ad
1041 1334 1328 1368 exonerationem
1361 1334 1560 1368 debitorum
1590 1347 1684 1369 meo-

204 1401 295 1430 rum,
332 1394 366 1423 et
400 1389 651 1423 relevationem
686 1389 899 1435 paupertatis
934 1402 1011 1423 mee
1042 1395 1076 1424 et
1103 1390 1232 1423 familie
1266 1402 1343 1424 mee
1359 1402 1368 1424 t
1406 1389 1613 1424 Tenendam
1650 1397 1684 1425 et

205 1445 401 1479 habendam
435 1445 602 1491 predictis
631 1444 763 1478 Abbati
792 1450 825 1478 et
853 1445 1043 1479 conventui
1084 1445 1355 1491 imperpetuum,
1396 1444 1516 1486 libere,
1553 1446 1681 1491 quiete,

206 1501 349 1548 pacifice
379 1506 414 1534 et
446 1500 654 1534 hereditarie
690 1501 732 1535 de
763 1513 818 1534 me
862 1507 896 1534 et
924 1501 1109 1535 heredibus
1141 1501 1236 1540 meis,
1270 1513 1348 1534 culn
1385 1501 1545 1535 omnibus
1580 1502 1684 1548 perti-

207 1558 346 1597 nentiis„
378 1556 607 1596 libertatibm,
640 1562 674 1590 et
704 1555 909 1590 aifiamentis
927 1556 996 1590 fine
1023 1556 1140 1601 aliquo
1158 1562 1428 1598 retenement03
1458 1556 1555 1590 Nihil
1581 1557 1681 1590 nobis

207 1613 289 1647 inde
307 1612 466 1646 faciendo
485 1617 603 1658 preter
621 1624 824 1646 communes
843 1613 1018 1646 orationes
1036 1618 1202 1657 tanquam
1220 1625 1285 1658 pro
1304 1612 1459 1657 quolibet
1478 1613 1521 1646 de
1539 1613 1682 1659 populo.

210 1669 258 1703 Et
276 1681 341 1715 ego
361 1673 395 1702 et
413 1668 559 1702 heredes
576 1668 645 1702 mei
662 1668 858 1714 predictam
876 1674 1005 1702 terram
1025 1667 1062 1700 111
1083 1667 1242 1700 omnibus
1260 1665 1343 1701 ficut
1361 1666 1524 1713 seriptum
1545 1667 1591 1701 est
1608 1680 1684 1714 pre-

210 1725 311 1759 dietis
332 1724 463 1758 Abbati
487 1729 520 1757 et
547 1723 737 1758 conventui
755 1723 1070 1762 warantizabimus,
1089 1722 1377 1768 adquietabimus,
1398 1729 1432 1756 et
1457 1723 1685 1757 defendemus

210 1781 480 1827 imperpetuum.
534 1779 577 1813 In
593 1779 691 1826 cujus
708 1780 758 1814 rei
777 1779 1022 1818 testimonium,
1051 1777 1210 1825 presente
1230 1777 1306 1811 Eva
1321 1777 1443 1824 sponsa
1460 1791 1537 1812 mea
1554 1783 1590 1812 et
1607 1791 1684 1812 aue-

210 1836 387 1870 toritatem
407 1841 441 1869 et
460 1833 627 1869 affensum
645 1835 690 1868 ad
707 1833 867 1881 premiffa
880 1834 1038 1868 facienda
1056 1833 1239 1880 prestante,
1258 1846 1326 1878 que
1341 1834 1443 1868 tactis
1461 1833 1685 1868 sacrosanctis

210 1891 402 1939 spontanea
419 1891 601 1925 voluntate
619 1896 654 1924 et
671 1890 740 1924 fine
759 1890 874 1936 aliqua
892 1889 1114 1929 cohibitione,
1134 1888 1388 1922 sacmmentum
1400 1889 1545 1936 prestitit
1563 1901 1685 1936 corpo-

212 1948 285 1982 rale
302 1947 397 1994 quod
427 1960 606 1993 nunquam
633 1952 756 1981 contra
772 1947 949 1993 predictos
969 1945 1144 1980 Abbateln
1174 1952 1208 1980 et
1237 1952 1463 1987 conventum,
1491 1945 1593 1993 super
1609 1959 1688 1993 pre-

212 2004 308 2038 dicta
324 2009 428 2043 terra,
448 2003 521 2050 post
539 2001 710 2037 deceffum
728 2015 857 2042 meum,
877 2002 1012 2036 ratione
1030 2001 1086 2036 vel
1105 2000 1280 2035 occasione
1298 2001 1355 2036 seu
1376 2002 1458 2049 jure
1477 2003 1578 2042 dotis,
1615 2015 1687 2036 mo-

213 2059 307 2094 vehit
325 2059 549 2105 questionem,
581 2057 732 2105 presenti
749 2057 875 2105 scripto
894 2057 1041 2104 sigillum
1059 2071 1176 2093 meum
1196 2059 1279 2093 duxi
1292 2060 1552 2106 apponendum.
1605 2059 1685 2093 Hiis

214 2115 364 2154 testibus,
384 2115 526 2148 domino
547 2114 711 2148 Wilelmo
725 2114 864 2149 Comite
880 2114 922 2148 de
939 2113 1116 2154 Mentem,
1133 2114 1282 2148 (1011111115
1300 2114 1463 2150 Johanne
1483 2115 1525 2149 de
1545 2115 1689 2149 Monte-

214 2182 362 2216 gumery
381 2176 415 2204 et
432 2170 596 2205 ι1011011110
615 2170 657 2204 de
677 2169 834 2217 Irsssyne,
850 2169 1027 2209 militibus,
1062 2175 1096 2203 et
1110 2169 1265 2204 Radulfo
1284 2171 1327 2205 de
1347 2170 1466 2205 Insula
1484 2160 1627 2205 domino
1646 2172 1688 2205 de

216 2225 370 2272 Duehyl‚
401 2225 575 2259 Nicholao
606 2225 678 2259 filio
697 2225 806 2259 Alani
834 2225 971 2265 elerico,
1001 2225 1178 2260 Duncano
1207 2226 1420 2268 Flandrenfi‚
1455 2227 1618 2262 Johanne
1647 2227 1690 2261 de

219 2280 333 2321 Cnok‚
354 2280 494 2316 Thoma
512 2281 554 2315 de
574 2281 602 2315 F
605 2281 716 2322 ulton,
745 2287 779 2316 et
797 2281 871 2315 aliis
889 2281 1018 2316 multis.
