1870 2683
779 265 849 302 DE
877 267 1146 302 PASSELET.
1640 275 1710 305 :313

222 368 366 412 propter
384 364 478 411 quod
488 364 685 412 hujusmodi
700 364 888 411 publicatio
908 364 1104 400 litterarum
1124 364 1389 412 apostolicarum
1410 371 1444 400 et
1461 364 1706 414 tranfl'umptio

221 421 296 456 fieri
314 434 387 456 non
405 420 539 461 debeat,
560 421 662 455 diffls
681 421 807 455 litteris
825 420 1018 468 apostolicis
1036 434 1099 468 per
1117 434 1181 455 nos
1199 420 1374 468 inspectis,
1407 423 1503 469 prius
1521 422 1607 464 vilis,
1635 423 1707 470 pal-

219 478 319 524 patiS,
349 490 429 512 cum
448 477 543 512 omni
563 477 744 523 diligentia
762 478 966 512 examinatis
985 482 1019 511 et
1038 477 1236 517 inteIlefi'cis,
1258 477 1371 524 eisque
1391 479 1632 513 indubitanter
1650 492 1703 513 re-

219 534 327 580 pertis
346 533 437 568 veris
456 539 490 568 et
510 533 665 579 integris,
698 546 771 567 non
800 534 938 573 vitiatis,
971 545 1043 567 non
1075 534 1248 580 corruptis
1266 547 1331 568 nec
1349 535 1385 568 in
1404 535 1520 581 aliqua
1537 534 1588 569 sui
1605 541 1704 582 parte

218 588 394 636 suspectis,
414 595 453 624 ut
471 589 535 623 hec
553 588 622 636 ipsa
641 589 851 636 exemplaria
867 602 910 624 ex
924 588 998 636 iplis
1013 589 1136 623 litteris
1152 589 1345 636 apostolicis
1359 592 1572 626 auctoritate
1589 591 1704 626 nostra

218 645 395 680 ordinaria
411 644 590 692 assumpta,
610 644 739 691 ubique
757 650 943 685 terrarum,
965 651 1035 679 tam
1055 646 1089 679 in
1102 645 1237 692 judicio
1256 660 1359 692 quam
1380 653 1488 688 extra,
1510 648 1702 694 [eandem]

217 702 476 742 auctoritatem,
496 701 599 735 fidem
620 706 654 735 et
671 701 873 735 firmitatem
893 706 932 734 ut
951 700 1022 747 ipsa
1040 701 1223 747 originalia
1239 702 1450 743 obtinerent,
1472 705 1569 738 cause
1584 705 1702 750 cogni-

216 758 312 792 tione
331 763 370 792 ut
387 757 602 805 premittitur
619 755 720 804 super
739 757 806 791 hoc
823 757 1045 803 precedente,
1076 757 1204 803 digesta
1230 763 1263 792 et
1291 764 1428 793 matura
1448 760 1700 795 deliberatione

215 813 406 860 prehabita,
426 813 486 848 sub
504 812 613 859 figillo
632 814 727 847 curie
742 813 856 847 nostre
878 813 1082 847 officialatus
1096 812 1317 860 Glasguenfis
1331 828 1394 862 per
1408 816 1697 863 circumspe&um

216 870 330 904 virum
349 869 548 916 magistrum
566 869 765 904 Johannem
796 869 839 903 de
870 868 1000 903 lieston
1020 870 1186 903 vicarium
1212 876 1421 917 perpetuum
1443 871 1581 906 ecclesie
1600 886 1699 919 paro-

215 925 333 960 chialis
348 926 390 960 de
407 925 566 972 Dunlop,
587 926 763 959 notarium
777 925 956 972 publicum
971 925 1125 959 nostrum
1141 925 1285 960 scribam
1297 927 1568 975 infrascriptum,
1588 928 1698 963 solen-

213 981 306 1016 niter
319 981 510 1028 exemplari
529 987 563 1015 et
581 981 617 1014 in
635 981 809 1028 publicam
833 981 980 1015 formam
1000 982 1110 1027 redigi
1125 982 1380 1017 mandavimus.
1434 983 1542 1024 Quod
1557 985 1696 1030 quidem

213 1037 391 1085 exemplar
408 1036 474 1072 five
493 1035 762 1084 transsumptum
790 1038 826 1071 in
853 1037 1014 1071 omnibus
1034 1050 1113 1071 cum
1133 1037 1208 1084 ipfis
1227 1038 1455 1085 originalibus
1473 1040 1598 1074 litteris
1617 1054 1697 1075 con-

213 1094 372 1128 formiter
390 1093 617 1134 concordans,
650 1093 756 1127 nichil
784 1094 904 1128 addito
933 1094 987 1128 vel
1019 1099 1156 1128 remoto
1175 1094 1269 1140 quod
1288 1095 1421 1130 sensum
1441 1101 1553 1130 mutet
1571 1097 1627 1131 vel
1646 1098 1696 1131 in-

210 1150 393 1184 tellectum
413 1150 523 1190 vitiet,
552 1149 700 1183 eandem
718 1150 977 1190 aufiffiritatem,
1005 1150 1110 1184 fidem
1130 1156 1165 1184 et
1183 1151 1384 1186 firmitatem
1404 1165 1466 1199 per
1484 1152 1551 1186 hoc
1569 1159 1608 1186 ut
1627 1152 1697 1200 ipsa

212 1206 404 1253 originalia,
438 1206 508 1241 Dei
537 1207 679 1240 nomine
699 1206 872 1246 invocato,
908 1206 1128 1240 decernimus
1146 1207 1182 1240 in
1201 1206 1265 1240 hiis
1283 1207 1426 1255 scriptis.
1481 1208 1524 1242 In
1543 1222 1693 1255 quorum

211 1265 367 1299 omnium
388 1270 422 1299 et
439 1262 654 1310 singulorum
670 1264 773 1298 fidem
791 1270 825 1299 et
839 1263 1073 1298 testimonium
1092 1261 1346 1310 premissorum,
1367 1263 1544 1311 presentes
1562 1265 1694 1299 litteras

208 1333 271 1368 per
290 1321 423 1355 dictum
443 1321 619 1354 notarium
638 1321 816 1367 publicum
844 1320 1035 1359 transcribi,
1065 1319 1255 1366 exemplari
1275 1326 1309 1354 et
1328 1321 1497 1367 publicari
1517 1322 1692 1355 mandavi-

210 1389 286 1411 mus
304 1382 339 1411 et
356 1375 454 1423 figilli
473 1376 578 1411 nostri
597 1376 802 1411 officialatus
821 1374 1064 1423 GlasgwenfiS,
1088 1388 1159 1409 una
1178 1388 1256 1410 cum
1275 1375 1370 1422 ligno
1391 1382 1425 1411 et
1442 1376 1691 1424 subscriptione

209 1433 294 1467 dififi
312 1433 441 1467 notarii
459 1432 564 1467 nostri
583 1432 701 1473 scribe,
722 1433 867 1467 fecimus
881 1432 1089 1480 appensione
1105 1433 1245 1466 muniri.
1288 1433 1383 1467 Αᾶὶᾶ
1401 1440 1501 1469 erant
1519 1435 1582 1468 hec
1602 1435 1692 1468 infra

208 1488 382 1523 ecclefiam
401 1489 638 1524 cathedralem
659 1487 922 1535 Glalguensem,
955 1489 1055 1523 nobis
1086 1502 1150 1536 pro
1170 1488 1336 1523 tribunali
1355 1489 1563 1531 sedentibus,
1597 1504 1690 1525 anno

208 1545 355 1579 Domini
374 1544 552 1579 millesimo
573 1545 741 1580 CCCCm⁰
758 1544 965 1592 sexagesimo
985 1558 1092 1585 nono,
1125 1543 1248 1579 mensis
1279 1558 1363 1580 vero
1396 1546 1603 1581 Decembris
1634 1548 1689 1581 die

205 1602 327 1648 prima,
356 1601 550 1636 indictione
569 1602 683 1642 tertia,
710 1602 933 1648 pontificatus
951 1600 1148 1636 lanctiffimi
1166 1602 1201 1635 in
1222 1601 1358 1636 Christo
1377 1603 1484 1649 patris
1503 1608 1537 1637 et
1556 1603 1687 1638 domini

205 1657 309 1692 nostri
329 1658 463 1692 domini
484 1657 583 1691 Pauli
602 1657 720 1691 divina
737 1658 958 1705 providentia
975 1671 1063 1705 pape
1081 1658 1222 1692 secundi
1241 1671 1333 1692 anno
1352 1658 1459 1693 sexto.

255 1712 449 1760 Prescripte
468 1726 553 1748 vero
571 1714 687 1748 littere
706 1713 891 1761 apostolice
909 1727 993 1749 vera
1011 1714 1105 1748 bulla
1124 1714 1287 1761 plumbea
1309 1714 1409 1761 iplius
1428 1716 1560 1750 domini
1581 1716 1684 1763 Pape,

204 1771 239 1804 in
258 1783 326 1816 qua
344 1783 386 1804 ex
404 1770 515 1804 altera
543 1775 643 1816 parte
670 1769 829 1817 impreffa
855 1776 955 1805 erant
973 1771 1043 1804 duo
1063 1771 1176 1817 capita
1194 1776 1229 1805 et
1247 1770 1394 1818 desuper
1422 1772 1465 1806 he
1496 1772 1623 1812 littere,
1657 1786 1684 1807 s.

202 1837 359 1866 PAULUS,
375 1837 564 1865 S.PETRUS,
579 1831 667 1859 etex
680 1826 789 1860 altera
801 1833 898 1873 parte
913 1838 1086 1861 crerirsxs
1099 1838 1192 1860 PAPA
1203 1838 1384 1867 otmarus,
1399 1834 1433 1862 et
1445 1827 1685 1875 ipfiusdomini

204 1882 297 1929 Pape
317 1887 351 1916 et
368 1880 418 1915 sui
438 1881 519 1915 almi
539 1881 676 1927 collegii
696 1882 925 1917 cardinalium
944 1882 1044 1929 lignis
1073 1889 1107 1917 et
1132 1882 1437 1930 subscriptionibus
1467 1885 1685 1919 manualibus

202 1943 307 1985 prout
326 1937 415 1971 infra
433 1936 577 1971 inferius
607 1943 703 1984 patet
734 1939 868 1972 munite
900 1945 934 1973 et
965 1939 1128 1973 roborate
1160 1945 1260 1973 erant
1280 1940 1322 1973 nd
1341 1946 1545 1987 perpetuam
1565 1941 1682 1975 fidem.

204 1993 425 2028 Presentibus
443 1993 570 2027 ibidem
599 1994 757 2040 egregiis',
786 1995 1043 2030 venerabilibus
1075 2001 1109 2030 et
1140 1995 1398 2042 circumspectis
1416 1997 1499 2030 viris
1517 1997 1684 2043 magistris

202 2049 367 2083 lVilelmo
389 2048 562 2083 Arthurle
581 2049 803 2084 decretorum
823 2051 981 2092 ἂοᾶὶοτθ,
1017 2052 1167 2085 Patricio
1187 2052 1229 2085 de
1252 2051 1424 2091 Houi‘wn,
1460 2052 1619 2086 Roberto
1639 2054 1681 2087 de

203 2104 377 2145 Houston,
397 2104 561 2140 Johanne
581 2105 623 2139 de
642 2104 787 2140 Faufide
812 2107 942 2141 vicario
974 2108 1017 2141 de
1050 2107 1222 2147 Kilbride,
1255 2107 1405 2141 dominis
1425 2107 1620 2142 Malcolmo
1640 2110 1682 2144 de

201 2161 352 2195 Durand
383 2161 523 2195 rectore
556 2161 599 2195 de
633 2160 901 2207 Kirkgungean,
939 2163 1102 2198 tIohanne
1134 2164 1176 2198 de
1209 2163 1405 2204 Roberton,
1444 2164 1608 2200 Johanne
1639 2167 1681 2200 de

203 2216 384 2251 Mousfald
402 2217 531 2251 vicario
549 2217 592 2251 de
614 2216 815 2258 Kilmauris,
848 2224 882 2253 et
908 2218 1071 2254 Johanne
1092 2219 1223 2254 Reston
1241 2219 1446 2267 presbiteriS,
1480 2221 1619 2257 testibus
1637 2224 1679 2257 ad

198 2271 358 2320 premiffa
375 2273 601 2307 auscultanda
619 2273 750 2307 vocatis
767 2272 960 2320 specialiter
979 2281 1013 2309 et
1032 2276 1172 2321 rogatis.

562 2328 639 2375 Ego
659 2328 824 2364 Clemens
843 2330 1011 2365 catholice
1032 2330 1170 2366 ecclefie
1190 2331 1369 2380 episcopus
1387 2332 1570 2368 subscribo.

875 2389 897 2420 Q
916 2397 938 2420 R
