1870 2683
169 269 239 303 426
581 264 896 301 REGISTRUM
923 263 1262 300 MONASTERII

173 361 451 399 ,JOHANNES
478 361 548 395 Dei
574 361 686 407 gratia
712 360 816 394 abbas
833 359 1030 394 monasterii
1060 360 1103 394 de
1134 359 1281 394 Paffelet
1301 359 1430 394 Abbati
1447 361 1643 396 monasterii

176 420 218 454 de
238 417 459 464 Crosragmol
476 416 622 451 salutem
639 417 676 450 in
694 416 851 450 omnium
879 415 1071 450 Salvatore.
1125 416 1219 457 Quia
1244 416 1327 450 alias
1358 415 1567 451 vifitavimus
1583 416 1645 452 sta-

175 481 249 509 tum
269 473 463 508 monasterii
481 472 582 507 vestri
599 485 751 507 unacum
769 471 947 506 monachis
965 471 1094 507 ibidem
1108 472 1238 507 adtunc
1252 472 1485 513 existentibus,
1502 478 1536 506 et
1546 473 1648 519 plura

178 530 306 564 deliem
322 542 361 563 ac
380 529 537 563 defectus
566 528 775 568 invenimus,
803 540 870 574 que
900 527 1041 573 quidem
1070 528 1199 562 delicta
1224 527 1292 562 five
1323 527 1480 562 defeetus
1505 533 1651 575 propter

178 586 326 621 diversas
357 584 472 620 caulas
500 584 544 619 ad
570 584 715 631 plenum
732 596 807 618 non
825 584 1041 618 correximus
1057 597 1067 626 ;
1095 589 1307 631 quapropter
1326 583 1423 618 vobis
1440 584 1651 631 precipimus

178 642 325 677 firmiter
343 647 378 675 et
395 641 600 675 mandamus
617 645 789 686 quatenus
806 639 977 673 moneatis
994 638 1053 674 seu
1080 640 1217 674 moneri
1244 640 1375 674 faciatis
1405 652 1526 674 omnes
1555 652 1650 675 com-

179 698 368 732 monachos
386 696 515 731 vestros
532 701 603 730 tam
620 696 711 730 infra
727 695 973 730 monasterium
1004 708 1108 741 quam
1137 701 1237 730 extra
1254 695 1436 730 existentes
1453 695 1654 742 ubicunque

179 759 348 801 poterunt
365 753 521 800 reperiri,
537 752 631 798 quod
646 756 870 798 compareant
882 763 999 785 coram
1013 751 1114 786 nobis
1127 752 1221 799 apud
1239 750 1484 786 monasterium
1502 751 1653 786 vestrum

181 810 224 844 de
244 808 466 855 Crosragmol
478 808 533 842 die
547 807 699 843 Veneris
712 807 872 854 proxima
885 812 967 841 ante
980 807 1104 841 festum
1119 807 1240 842 Sancti
1256 807 1441 841 Michaelis
1456 807 1656 854 archangeli

181 865 380 913 proximum
398 865 568 904 futurum,
596 863 684 897 hora
700 863 853 909 capituli,
881 863 925 897 ad
955 863 1170 898 audiendum
1198 869 1235 898 et
1260 863 1511 910 perficiendum
1531 876 1572 898 ea
1588 876 1656 909 que

182 922 225 956 ad
245 921 398 955 officium
415 919 570 954 nostrum
587 919 765 965 pertinere
790 918 993 953 noscuntur.
1046 919 1093 953 Et
1119 932 1182 954 vos
1212 919 1353 953 domine
1372 919 1492 953 Abbas
1511 919 1657 954 citamus

182 990 245 1024 per
263 975 439 1024 presentes
456 975 550 1021 quod
569 973 730 1008 interfitis
756 974 857 1008 dietis
876 974 931 1008 die
950 980 985 1008 et
1002 975 1082 1009 loco
1100 975 1144 1009 ad
1169 975 1382 1009 audiendum
1411 980 1446 1009 et
1475 974 1656 1021 perficien-

184 1034 268 1068 dum
287 1046 327 1067 ea
344 1045 411 1078 que
429 1032 471 1065 ad
490 1030 643 1065 officium
669 1029 823 1064 nostrum
851 1030 1028 1076 pertinere
1058 1031 1260 1070 noscuntur,
1287 1036 1327 1064 ut
1356 1031 1558 1077 predicitur.
1610 1030 1657 1064 Et

185 1089 222 1123 in
240 1088 373 1134 iignum
391 1087 495 1134 hujus
513 1086 666 1120 mandati
684 1084 790 1119 nostri
820 1097 883 1132 per
909 1098 971 1120 vos
998 1086 1137 1133 plenius
1156 1087 1292 1121 executi
1311 1087 1446 1121 reddite
1464 1087 1564 1121 nobis
1581 1099 1658 1133 pre-

185 1145 299 1180 sentes
317 1145 417 1179 dicitis
445 1145 499 1178 die
526 1148 561 1177 et
591 1143 669 1176 loco
686 1141 796 1188 sigillo
814 1141 926 1175 vestro
945 1141 1102 1188 fignataS.
1154 1142 1290 1176 Datum
1309 1141 1369 1176 sub
1397 1140 1507 1188 figillo
1537 1142 1655 1176 nostro

186 1203 280 1250 apud
298 1200 543 1236 monasterium
573 1198 727 1232 nostrum
747 1198 790 1232 de
810 1197 957 1232 Paffelet
988 1198 1043 1232 die
1071 1198 1154 1232 lune
1186 1198 1222 1231 in
1249 1197 1332 1232 festo
1364 1197 1483 1232 Saneti
1514 1196 1659 1232 Niniani

186 1271 280 1293 anno
299 1257 447 1291 Domini
466 1260 509 1290 M⁰
527 1260 610 1289 ccc⁰
626 1254 710 1287 lxx0.
763 1255 844 1294 Que
875 1254 991 1287 littera
1021 1253 1087 1287 fuit
1116 1253 1262 1300 figillata
1291 1253 1427 1288 duobus
1456 1253 1572 1299 sigillis
1601 1253 1660 1287 ob·

186 1315 301 1361 longis
320 1314 362 1348 de
380 1326 460 1347 cera
477 1312 554 1346 alba
569 1326 579 1353 ;
608 1311 644 1345 in
661 1310 775 1356 primo
792 1308 902 1355 figillo
921 1310 1166 1344 continebatur
1183 1322 1308 1357 ymago
1335 1309 1511 1357 cujusdam
1530 1309 1662 1344 abbatis

188 1372 231 1406 ad
249 1370 424 1418 quoddam
443 1368 551 1403 altare
569 1366 786 1406 celebrantis,
814 1365 977 1400 baculum
996 1366 1165 1413 pastorale
1184 1367 1221 1400 in
1239 1378 1345 1400 manu
1362 1366 1423 1400 suo
1442 1366 1604 1406 tenentis,
1623 1366 1661 1400 in

189 1428 288 1475 cujus
308 1424 587 1461 circumferentia
605 1422 769 1469 scriptum
787 1421 864 1462 fuit,
885 1433 1067 1457 SIGILLUM
1087 1433 1244 1456 ABBATIS
1264 1433 1495 1456 MONAsTERn
1514 1433 1563 1455 DE
1581 1433 1662 1456 PAS-

190 1495 315 1519 SELET.
369 1482 413 1516 In
430 1480 582 1515 secundo
600 1478 709 1524 figillo
726 1477 859 1524 sculpta
876 1478 941 1512 fuit
959 1491 1084 1526 ymago
1113 1478 1213 1512 beate
1241 1477 1357 1512 Marie
1384 1477 1496 1512 filium
1527 1477 1600 1524 ejus
1626 1478 1662 1511 in

189 1552 295 1574 manu
313 1539 372 1572 sua
389 1536 552 1576 tenentis,
572 1536 608 1569 in
627 1534 725 1581 cujus
743 1534 1023 1568 circumferentia
1041 1533 1204 1580 scriptum
1222 1534 1288 1568 fuit
1306 1544 1486 1568 SIGILLUM
1505 1544 1662 1567 ABBATIS

190 1605 421 1630 MONASTERII
448 1603 497 1626 DE
525 1601 786 1625 CROSRAGMOL.
839 1589 918 1623 Post
949 1590 1047 1636 cujus
1073 1590 1188 1624 littere
1219 1590 1402 1629 leeturam,
1431 1589 1584 1635 prefatus
1602 1588 1661 1622 do-

191 1653 307 1687 minus
327 1651 490 1696 Rogerus
507 1646 608 1694 ipfius
627 1646 823 1680 monasterii
841 1646 883 1680 de
903 1645 1138 1692 Crosragmol,
1154 1646 1191 1679 in
1207 1644 1379 1692 presentia
1391 1643 1442 1678 sui
1456 1649 1661 1684 conventus,

191 1720 265 1743 non
282 1707 328 1747 vi,
356 1705 438 1739 dolo
456 1709 517 1738 aut
535 1702 833 1737 circumventione
851 1701 1083 1747 qualicunque
1102 1701 1267 1735 inductus
1292 1706 1332 1734 ut
1361 1699 1445 1734 mihi
1463 1700 1661 1747 apparebat,

193 1775 333 1799 omnem
352 1760 557 1806 dignitatem
576 1770 615 1792 ac
632 1757 864 1804 prelationem
891 1757 996 1791 status
1014 1756 1144 1791 abbatis
1162 1755 1359 1790 monasterii
1377 1756 1420 1790 de
1440 1755 1663 1802 Crosragmol

196 1817 376 1856 antedietL
408 1827 492 1861 quas
518 1813 625 1859 usque
643 1819 728 1847 tunc
745 1812 1015 1858 gubernaverat,
1047 1813 1084 1846 in
1101 1825 1226 1846 manus
1244 1810 1345 1859 ipfius
1363 1811 1496 1845 domini
1516 1811 1664 1847 Abbatis

194 1877 236 1911 de
256 1872 403 1908 Paffelet
420 1877 504 1905 tunc
522 1869 699 1917 presentis,
727 1868 786 1901 sua
815 1867 935 1908 libera,
962 1881 1051 1915 pura
1078 1874 1112 1902 et
1139 1868 1329 1915 spontanea
1355 1867 1548 1907 voluntate,
1575 1880 1663 1915 pure

194 1938 229 1967 et
262 1928 470 1976 simpliciter,
508 1925 577 1960 fine
612 1923 846 1972 cujuscunque
881 1924 1091 1958 conditionis
1118 1923 1327 1970 adjecffione,
1359 1928 1488 1958 extunc
1518 1922 1663 1970 resigna-

192 1990 255 2025 vit.
302 1985 465 2028 Quefitus
482 1990 567 2018 tunc
585 1982 627 2016 ab
654 1995 695 2016 eo
722 1980 859 2016 causam
876 1980 978 2028 ipfius
996 1978 1245 2026 resignationis,
1274 1979 1361 2013 dixit
1390 1979 1485 2024 quod
1510 1978 1606 2014 senio
1623 1992 1663 2014 ac

194 2044 371 2080 debilitate
389 2046 563 2088 gravatim,
592 2038 794 2072 infirmitate
811 2050 980 2084 corporea
1010 2035 1054 2069 fic
1083 2035 1250 2069 continue
1267 2034 1459 2069 vexabatur
1476 2035 1571 2080 quod
1587 2047 1664 2083 gre-

193 2113 273 2147 gem
291 2113 312 2133 a
329 2098 410 2132 Deo
428 2095 487 2130 fibi
505 2093 731 2134 commiffum,
760 2106 883 2128 eorum
906 2099 1017 2128 terras
1036 2096 1070 2125 et
1095 2089 1313 2137 poffeffiones
1330 2103 1370 2124 ac
1387 2090 1454 2124 alia
1471 2090 1563 2125 bona
1579 2095 1665 2125 tem-

194 2156 338 2203 poralia,
366 2158 473 2201 prout
502 2150 672 2185 incumbit
699 2149 813 2184 officio
842 2149 926 2183 boni
956 2146 1108 2195 pastoriS,
1136 2146 1180 2180 ad
1199 2158 1321 2180 eorum
1339 2145 1525 2180 utilitatem
1543 2158 1664 2192 regere

194 2224 267 2245 non
285 2209 443 2244 valebat:
472 2207 591 2241 mallet
609 2207 701 2241 enim
719 2212 759 2240 ut
777 2206 864 2240 dixit
881 2206 1015 2239 honore
1032 2202 1178 2249 prelatie
1191 2201 1225 2236 se
1239 2200 1378 2248 prorsus
1396 2201 1548 2236 eximere
1562 2214 1664 2247 quam

195 2266 256 2300 sub
275 2265 416 2299 nomine
433 2263 575 2311 pastoris
593 2262 677 2309 lupo
695 2262 810 2308 rapaci
828 2272 973 2308 gregem
992 2257 1184 2293 desolatum
1211 2257 1386 2292 dimittere
1412 2257 1663 2292 devorandum.

199 2320 336 2362 Quibus
354 2318 458 2355 caufis
475 2318 518 2353 fic
535 2330 598 2365 per
615 2317 724 2364 ipsum
743 2316 878 2352 ostenfis
896 2329 935 2351 ac
954 2317 1054 2362 [per]
1072 2313 1270 2361 prediaum
1289 2312 1470 2347 dominum
1489 2311 1663 2347 Abbatem
