<?xml version="1.0" encoding="UTF-8"?>
<!DOCTYPE html PUBLIC "-//W3C//DTD XHTML 1.0 Transitional//EN"
    "http://www.w3.org/TR/xhtml1/DTD/xhtml1-transitional.dtd">
<html xmlns="http://www.w3.org/1999/xhtml" xml:lang="en" lang="en">
 <head>
  <title>
</title>
<meta http-equiv="Content-Type" content="text/html;charset=utf-8" />
  <meta name='ocr-system' content='tesseract 3.04.00' />
  <meta name='ocr-capabilities' content='ocr_page ocr_carea ocr_par ocr_line ocrx_word'/>
</head>
<body>
  <div class='ocr_page' id='page_1' title='image "./registrummonaste00mait_0257.png"; bbox 0 0 1839 2652; ppageno 0'>
   <div class='ocr_carea' id='block_1_1' title="bbox 713 268 1647 306">
    <p class='ocr_par' dir='ltr' id='par_1_1' title="bbox 713 268 1647 306">
     <span class='ocr_line' id='line_1_1' title="bbox 713 268 1647 306; baseline 0.004 -4"><span class='ocrx_word' id='word_1_1' title='bbox 713 268 784 303; x_wconf 89' lang='lat' dir='ltr'>DE</span> <span class='ocrx_word' id='word_1_2' title='bbox 817 268 1087 304; x_wconf 89' lang='lat' dir='ltr'>PASSELET.</span> <span class='ocrx_word' id='word_1_3' title='bbox 1580 275 1647 306; x_wconf 64' lang='lat'>201</span> 
     </span>
    </p>
   </div>
   <div class='ocr_carea' id='block_1_2' title="bbox 168 364 1648 582">
    <p class='ocr_par' dir='ltr' id='par_1_2' title="bbox 168 364 1648 582">
     <span class='ocr_line' id='line_1_2' title="bbox 170 364 1648 414; baseline 0.002 -15"><span class='ocrx_word' id='word_1_4' title='bbox 170 364 366 405; x_wconf 87' lang='lat' dir='ltr'>testimonii,</span> <span class='ocrx_word' id='word_1_5' title='bbox 394 365 475 399; x_wconf 90' lang='lat' dir='ltr'>huic</span> <span class='ocrx_word' id='word_1_6' title='bbox 492 364 619 412; x_wconf 88' lang='lat' dir='ltr'>scripto</span> <span class='ocrx_word' id='word_1_7' title='bbox 637 365 826 412; x_wconf 71' lang='lat' dir='ltr'>appensum</span> <span class='ocrx_word' id='word_1_8' title='bbox 846 365 893 400; x_wconf 87' lang='lat' dir='ltr'>est</span> <span class='ocrx_word' id='word_1_9' title='bbox 910 379 1096 401; x_wconf 89' lang='lat' dir='ltr'>commune</span> <span class='ocrx_word' id='word_1_10' title='bbox 1114 365 1261 413; x_wconf 81' lang='lat' dir='ltr'>figillum</span> <span class='ocrx_word' id='word_1_11' title='bbox 1281 367 1422 414; x_wconf 88' lang='lat' dir='ltr'>capituli</span> <span class='ocrx_word' id='word_1_12' title='bbox 1442 366 1648 414; x_wconf 85' lang='lat' dir='ltr'>Glasgwen-</span> 
     </span>
     <span class='ocr_line' id='line_1_3' title="bbox 168 421 1647 471; baseline 0.001 -15"><span class='ocrx_word' id='word_1_13' title='bbox 168 421 208 457; x_wconf 89' lang='lat' dir='ltr'>fis</span> <span class='ocrx_word' id='word_1_14' title='bbox 227 428 261 457; x_wconf 86' lang='lat' dir='ltr'>et</span> <span class='ocrx_word' id='word_1_15' title='bbox 278 421 386 468; x_wconf 68' lang='lat' dir='ltr'>sigilla</span> <span class='ocrx_word' id='word_1_16' title='bbox 404 423 627 456; x_wconf 90' lang='lat' dir='ltr'>dominorum</span> <span class='ocrx_word' id='word_1_17' title='bbox 649 423 846 457; x_wconf 84' lang='lat' dir='ltr'>Alexandri</span> <span class='ocrx_word' id='word_1_18' title='bbox 864 422 1038 457; x_wconf 82' lang='lat' dir='ltr'>senescalli</span> <span class='ocrx_word' id='word_1_19' title='bbox 1058 424 1184 463; x_wconf 85' lang='lat' dir='ltr'>Scotie‚</span> <span class='ocrx_word' id='word_1_20' title='bbox 1215 429 1250 458; x_wconf 92' lang='lat' dir='ltr'>et</span> <span class='ocrx_word' id='word_1_21' title='bbox 1273 423 1424 458; x_wconf 89' lang='lat' dir='ltr'>Wilelmi</span> <span class='ocrx_word' id='word_1_22' title='bbox 1444 423 1586 471; x_wconf 90' lang='lat' dir='ltr'>Cumyn</span> <span class='ocrx_word' id='word_1_23' title='bbox 1604 424 1647 458; x_wconf 93' lang='lat' dir='ltr'>de</span> 
     </span>
     <span class='ocr_line' id='line_1_4' title="bbox 172 477 1648 526; baseline 0.001 -14"><span class='ocrx_word' id='word_1_24' title='bbox 172 477 332 525; x_wconf 86' lang='lat' dir='ltr'>Kylbrid,</span> <span class='ocrx_word' id='word_1_25' title='bbox 362 485 396 513; x_wconf 90' lang='lat' dir='ltr'>et</span> <span class='ocrx_word' id='word_1_26' title='bbox 414 478 565 524; x_wconf 86' lang='lat' dir='ltr'>magistri</span> <span class='ocrx_word' id='word_1_27' title='bbox 595 478 735 513; x_wconf 89' lang='lat' dir='ltr'>Thome</span> <span class='ocrx_word' id='word_1_28' title='bbox 767 479 809 513; x_wconf 91' lang='lat' dir='ltr'>de</span> <span class='ocrx_word' id='word_1_29' title='bbox 839 479 1011 526; x_wconf 85' lang='lat' dir='ltr'>Abyrdcn</span> <span class='ocrx_word' id='word_1_30' title='bbox 1037 484 1122 514; x_wconf 87' lang='lat' dir='ltr'>tunc</span> <span class='ocrx_word' id='word_1_31' title='bbox 1150 480 1304 514; x_wconf 86' lang='lat' dir='ltr'>officialis</span> <span class='ocrx_word' id='word_1_32' title='bbox 1335 480 1467 514; x_wconf 90' lang='lat' dir='ltr'>domini</span> <span class='ocrx_word' id='word_1_33' title='bbox 1498 479 1648 515; x_wconf 87' lang='lat' dir='ltr'>Roberti</span> 
     </span>
     <span class='ocr_line' id='line_1_5' title="bbox 169 533 1580 582; baseline 0.001 -14"><span class='ocrx_word' id='word_1_34' title='bbox 169 533 240 568; x_wconf 87' lang='lat' dir='ltr'>Dei</span> <span class='ocrx_word' id='word_1_35' title='bbox 257 535 369 581; x_wconf 85' lang='lat' dir='ltr'>gratia</span> <span class='ocrx_word' id='word_1_36' title='bbox 387 534 618 581; x_wconf 84' lang='lat' dir='ltr'>Glasgwenfis</span> <span class='ocrx_word' id='word_1_37' title='bbox 637 534 796 582; x_wconf 82' lang='lat' dir='ltr'>episcopi,</span> <span class='ocrx_word' id='word_1_38' title='bbox 825 548 896 569; x_wconf 90' lang='lat' dir='ltr'>una</span> <span class='ocrx_word' id='word_1_39' title='bbox 913 548 992 569; x_wconf 88' lang='lat' dir='ltr'>cum</span> <span class='ocrx_word' id='word_1_40' title='bbox 1010 534 1125 581; x_wconf 76' lang='lat' dir='ltr'>sigillis</span> <span class='ocrx_word' id='word_1_41' title='bbox 1143 535 1276 570; x_wconf 86' lang='lat' dir='ltr'>nostris.</span> <span class='ocrx_word' id='word_1_42' title='bbox 1332 535 1412 570; x_wconf 91' lang='lat' dir='ltr'>Hiis</span> <span class='ocrx_word' id='word_1_43' title='bbox 1430 535 1580 570; x_wconf 86' lang='lat' dir='ltr'>testibus.</span> 
     </span>
    </p>
   </div>
   <div class='ocr_carea' id='block_1_3' title="bbox 170 702 1387 751">
    <p class='ocr_par' dir='ltr' id='par_1_3' title="bbox 170 702 1387 751">
     <span class='ocr_line' id='line_1_6' title="bbox 170 702 1387 751; baseline 0.001 -13"><span class='ocrx_word' id='word_1_44' title='bbox 170 702 370 750; x_wconf 83' lang='lat' dir='ltr'>Relignatio</span> <span class='ocrx_word' id='word_1_45' title='bbox 391 703 537 737; x_wconf 91' lang='lat' dir='ltr'>Norrini</span> <span class='ocrx_word' id='word_1_46' title='bbox 555 703 598 737; x_wconf 89' lang='lat' dir='ltr'>de</span> <span class='ocrx_word' id='word_1_47' title='bbox 618 702 898 750; x_wconf 82' lang='lat' dir='ltr'>Monnorgunde</span> <span class='ocrx_word' id='word_1_48' title='bbox 917 708 952 737; x_wconf 88' lang='lat' dir='ltr'>et</span> <span class='ocrx_word' id='word_1_49' title='bbox 971 703 1161 738; x_wconf 88' lang='lat' dir='ltr'>Forveleth</span> <span class='ocrx_word' id='word_1_50' title='bbox 1178 704 1299 751; x_wconf 88' lang='lat' dir='ltr'>sponse</span> <span class='ocrx_word' id='word_1_51' title='bbox 1318 704 1387 740; x_wconf 90' lang='lat' dir='ltr'>sue.</span> 
     </span>
    </p>
   </div>
   <div class='ocr_carea' id='block_1_4' title="bbox 166 813 1687 2386">
    <p class='ocr_par' dir='ltr' id='par_1_4' title="bbox 166 813 1687 2386">
     <span class='ocr_line' id='line_1_7' title="bbox 168 813 1644 863; baseline 0.001 -13"><span class='ocrx_word' id='word_1_52' title='bbox 168 813 407 851; x_wconf 91' lang='lat' dir='ltr'>OMNIBUS</span> <span class='ocrx_word' id='word_1_53' title='bbox 435 815 561 850; x_wconf 87' lang='lat' dir='ltr'>Christi</span> <span class='ocrx_word' id='word_1_54' title='bbox 586 815 747 850; x_wconf 87' lang='lat' dir='ltr'>fidelibus</span> <span class='ocrx_word' id='word_1_55' title='bbox 764 815 904 863; x_wconf 83' lang='lat' dir='ltr'>presens</span> <span class='ocrx_word' id='word_1_56' title='bbox 922 814 1087 862; x_wconf 82' lang='lat' dir='ltr'>seriptum</span> <span class='ocrx_word' id='word_1_57' title='bbox 1106 815 1227 851; x_wconf 89' lang='lat' dir='ltr'>visuris</span> <span class='ocrx_word' id='word_1_58' title='bbox 1246 817 1301 851; x_wconf 89' lang='lat' dir='ltr'>vel</span> <span class='ocrx_word' id='word_1_59' title='bbox 1328 818 1499 852; x_wconf 82' lang='lat' dir='ltr'>audituris</span> <span class='ocrx_word' id='word_1_60' title='bbox 1519 817 1644 853; x_wconf 82' lang='lat' dir='ltr'>Nori-i-</span> 
     </span>
     <span class='ocr_line' id='line_1_8' title="bbox 167 870 1646 922; baseline 0.002 -16"><span class='ocrx_word' id='word_1_61' title='bbox 167 884 233 906; x_wconf 90' lang='lat' dir='ltr'>nus</span> <span class='ocrx_word' id='word_1_62' title='bbox 252 872 295 906; x_wconf 92' lang='lat' dir='ltr'>de</span> <span class='ocrx_word' id='word_1_63' title='bbox 315 871 595 917; x_wconf 86' lang='lat' dir='ltr'>Monnorgunde</span> <span class='ocrx_word' id='word_1_64' title='bbox 613 877 648 905; x_wconf 92' lang='lat' dir='ltr'>et</span> <span class='ocrx_word' id='word_1_65' title='bbox 668 871 857 906; x_wconf 87' lang='lat' dir='ltr'>Forveleth</span> <span class='ocrx_word' id='word_1_66' title='bbox 875 870 995 918; x_wconf 80' lang='lat' dir='ltr'>sponsa</span> <span class='ocrx_word' id='word_1_67' title='bbox 1012 870 1072 906; x_wconf 86' lang='lat' dir='ltr'>sua</span> <span class='ocrx_word' id='word_1_68' title='bbox 1101 871 1247 907; x_wconf 88' lang='lat' dir='ltr'>salutem</span> <span class='ocrx_word' id='word_1_69' title='bbox 1279 873 1316 907; x_wconf 91' lang='lat' dir='ltr'>in</span> <span class='ocrx_word' id='word_1_70' title='bbox 1346 873 1506 908; x_wconf 90' lang='lat' dir='ltr'>Domino</span> <span class='ocrx_word' id='word_1_71' title='bbox 1524 873 1646 922; x_wconf 88' lang='lat' dir='ltr'>sempi-</span> 
     </span>
     <span class='ocr_line' id='line_1_9' title="bbox 167 926 1646 977; baseline 0.003 -16"><span class='ocrx_word' id='word_1_72' title='bbox 167 933 315 962; x_wconf 90' lang='lat' dir='ltr'>ternam.</span> <span class='ocrx_word' id='word_1_73' title='bbox 366 927 517 961; x_wconf 86' lang='lat' dir='ltr'>Noverit</span> <span class='ocrx_word' id='word_1_74' title='bbox 535 926 738 961; x_wconf 83' lang='lat' dir='ltr'>universitas</span> <span class='ocrx_word' id='word_1_75' title='bbox 757 927 867 962; x_wconf 87' lang='lat' dir='ltr'>vestra</span> <span class='ocrx_word' id='word_1_76' title='bbox 892 940 956 961; x_wconf 88' lang='lat' dir='ltr'>nos</span> <span class='ocrx_word' id='word_1_77' title='bbox 975 929 1087 963; x_wconf 89' lang='lat' dir='ltr'>teneri</span> <span class='ocrx_word' id='word_1_78' title='bbox 1119 934 1154 963; x_wconf 85' lang='lat' dir='ltr'>et</span> <span class='ocrx_word' id='word_1_79' title='bbox 1183 928 1335 976; x_wconf 84' lang='lat' dir='ltr'>presenti</span> <span class='ocrx_word' id='word_1_80' title='bbox 1352 929 1479 977; x_wconf 86' lang='lat' dir='ltr'>scripto</span> <span class='ocrx_word' id='word_1_81' title='bbox 1498 931 1646 977; x_wconf 84' lang='lat' dir='ltr'>obligari</span> 
     </span>
     <span class='ocr_line' id='line_1_10' title="bbox 166 983 1645 1032; baseline 0.002 -14"><span class='ocrx_word' id='word_1_82' title='bbox 166 984 261 1030; x_wconf 88' lang='lat' dir='ltr'>quod</span> <span class='ocrx_word' id='word_1_83' title='bbox 278 983 558 1029; x_wconf 83' lang='lat' dir='ltr'>quandocunque</span> <span class='ocrx_word' id='word_1_84' title='bbox 576 984 671 1017; x_wconf 84' lang='lat' dir='ltr'>citati</span> <span class='ocrx_word' id='word_1_85' title='bbox 688 984 856 1018; x_wconf 88' lang='lat' dir='ltr'>fuerimus</span> <span class='ocrx_word' id='word_1_86' title='bbox 873 983 1082 1019; x_wconf 80' lang='lat' dir='ltr'>litteratorie</span> <span class='ocrx_word' id='word_1_87' title='bbox 1112 984 1171 1020; x_wconf 89' lang='lat' dir='ltr'>seu</span> <span class='ocrx_word' id='word_1_88' title='bbox 1198 992 1363 1021; x_wconf 85' lang='lat' dir='ltr'>oretenus</span> <span class='ocrx_word' id='word_1_89' title='bbox 1381 999 1444 1032; x_wconf 92' lang='lat' dir='ltr'>per</span> <span class='ocrx_word' id='word_1_90' title='bbox 1462 986 1645 1023; x_wconf 88' lang='lat' dir='ltr'>dominum</span> 
     </span>
     <span class='ocr_line' id='line_1_11' title="bbox 168 1039 1644 1090; baseline 0.004 -17"><span class='ocrx_word' id='word_1_91' title='bbox 168 1039 364 1074; x_wconf 90' lang='lat' dir='ltr'>Robertum</span> <span class='ocrx_word' id='word_1_92' title='bbox 386 1039 456 1073; x_wconf 93' lang='lat' dir='ltr'>Dei</span> <span class='ocrx_word' id='word_1_93' title='bbox 474 1040 586 1085; x_wconf 79' lang='lat' dir='ltr'>gratia</span> <span class='ocrx_word' id='word_1_94' title='bbox 603 1039 801 1088; x_wconf 89' lang='lat' dir='ltr'>episcopum</span> <span class='ocrx_word' id='word_1_95' title='bbox 821 1039 1083 1087; x_wconf 77' lang='lat' dir='ltr'>Glasgwensem</span> <span class='ocrx_word' id='word_1_96' title='bbox 1102 1042 1159 1076; x_wconf 91' lang='lat' dir='ltr'>vel</span> <span class='ocrx_word' id='word_1_97' title='bbox 1186 1041 1336 1088; x_wconf 81' lang='lat' dir='ltr'>aliquem</span> <span class='ocrx_word' id='word_1_98' title='bbox 1356 1043 1429 1090; x_wconf 85' lang='lat' dir='ltr'>ejus</span> <span class='ocrx_word' id='word_1_99' title='bbox 1449 1044 1644 1086; x_wconf 90' lang='lat' dir='ltr'>officialem,</span> 
     </span>
     <span class='ocr_line' id='line_1_12' title="bbox 166 1096 1645 1149; baseline 0.004 -19"><span class='ocrx_word' id='word_1_100' title='bbox 166 1102 206 1131; x_wconf 89' lang='lat' dir='ltr'>ut</span> <span class='ocrx_word' id='word_1_101' title='bbox 223 1097 259 1131; x_wconf 89' lang='lat' dir='ltr'>in</span> <span class='ocrx_word' id='word_1_102' title='bbox 278 1097 374 1131; x_wconf 89' lang='lat' dir='ltr'>curia</span> <span class='ocrx_word' id='word_1_103' title='bbox 394 1096 578 1131; x_wconf 89' lang='lat' dir='ltr'>Malcolmi</span> <span class='ocrx_word' id='word_1_104' title='bbox 597 1097 732 1131; x_wconf 81' lang='lat' dir='ltr'>comitis</span> <span class='ocrx_word' id='word_1_105' title='bbox 751 1097 794 1131; x_wconf 90' lang='lat' dir='ltr'>de</span> <span class='ocrx_word' id='word_1_106' title='bbox 814 1096 981 1131; x_wconf 83' lang='lat' dir='ltr'>Levenax</span> <span class='ocrx_word' id='word_1_107' title='bbox 999 1110 1262 1145; x_wconf 82' lang='lat' dir='ltr'>compareamus</span> <span class='ocrx_word' id='word_1_108' title='bbox 1284 1099 1329 1133; x_wconf 90' lang='lat' dir='ltr'>ad</span> <span class='ocrx_word' id='word_1_109' title='bbox 1354 1101 1554 1146; x_wconf 85' lang='lat' dir='ltr'>proximum</span> <span class='ocrx_word' id='word_1_110' title='bbox 1573 1103 1645 1149; x_wconf 90' lang='lat' dir='ltr'>pla-</span> 
     </span>
     <span class='ocr_line' id='line_1_13' title="bbox 168 1152 1644 1206; baseline 0.005 -20"><span class='ocrx_word' id='word_1_111' title='bbox 168 1153 274 1187; x_wconf 88' lang='lat' dir='ltr'>citum</span> <span class='ocrx_word' id='word_1_112' title='bbox 293 1152 392 1187; x_wconf 91' lang='lat' dir='ltr'>suum</span> <span class='ocrx_word' id='word_1_113' title='bbox 412 1152 486 1199; x_wconf 84' lang='lat' dir='ltr'>post</span> <span class='ocrx_word' id='word_1_114' title='bbox 503 1153 705 1187; x_wconf 83' lang='lat' dir='ltr'>citationem</span> <span class='ocrx_word' id='word_1_115' title='bbox 724 1153 824 1187; x_wconf 89' lang='lat' dir='ltr'>nobis</span> <span class='ocrx_word' id='word_1_116' title='bbox 842 1153 970 1188; x_wconf 62' lang='lat' dir='ltr'>saetam</span> <span class='ocrx_word' id='word_1_117' title='bbox 989 1154 1032 1187; x_wconf 85' lang='lat' dir='ltr'>ad</span> <span class='ocrx_word' id='word_1_118' title='bbox 1050 1159 1180 1189; x_wconf 89' lang='lat' dir='ltr'>terram</span> <span class='ocrx_word' id='word_1_119' title='bbox 1199 1154 1350 1190; x_wconf 88' lang='lat' dir='ltr'>nostram</span> <span class='ocrx_word' id='word_1_120' title='bbox 1381 1156 1424 1190; x_wconf 88' lang='lat' dir='ltr'>de</span> <span class='ocrx_word' id='word_1_121' title='bbox 1457 1157 1582 1206; x_wconf 79' lang='lat' dir='ltr'>Camsy</span> <span class='ocrx_word' id='word_1_122' title='bbox 1608 1160 1644 1193; x_wconf 93' lang='lat' dir='ltr'>in</span> 
     </span>
     <span class='ocr_line' id='line_1_14' title="bbox 167 1208 1647 1257; baseline 0.004 -13"><span class='ocrx_word' id='word_1_123' title='bbox 167 1208 347 1249; x_wconf 84' lang='lat' dir='ltr'>Levenax,</span> <span class='ocrx_word' id='word_1_124' title='bbox 374 1208 443 1243; x_wconf 89' lang='lat' dir='ltr'>fine</span> <span class='ocrx_word' id='word_1_125' title='bbox 462 1209 557 1243; x_wconf 89' lang='lat' dir='ltr'>omni</span> <span class='ocrx_word' id='word_1_126' title='bbox 576 1208 808 1250; x_wconf 85' lang='lat' dir='ltr'>excusatione,</span> <span class='ocrx_word' id='word_1_127' title='bbox 838 1209 1015 1250; x_wconf 88' lang='lat' dir='ltr'>dilatione,</span> <span class='ocrx_word' id='word_1_128' title='bbox 1044 1212 1305 1257; x_wconf 80' lang='lat' dir='ltr'>prorogatione,</span> <span class='ocrx_word' id='word_1_129' title='bbox 1334 1213 1568 1255; x_wconf 88' lang='lat' dir='ltr'>cavillatione,</span> <span class='ocrx_word' id='word_1_130' title='bbox 1590 1228 1647 1250; x_wconf 86' lang='lat' dir='ltr'>ex-</span> 
     </span>
     <span class='ocr_line' id='line_1_15' title="bbox 168 1265 1645 1314; baseline 0.003 -14"><span class='ocrx_word' id='word_1_131' title='bbox 168 1266 328 1313; x_wconf 85' lang='lat' dir='ltr'>ceptione</span> <span class='ocrx_word' id='word_1_132' title='bbox 346 1271 381 1300; x_wconf 87' lang='lat' dir='ltr'>et</span> <span class='ocrx_word' id='word_1_133' title='bbox 399 1265 532 1305; x_wconf 86' lang='lat' dir='ltr'>fraude,</span> <span class='ocrx_word' id='word_1_134' title='bbox 559 1265 759 1312; x_wconf 86' lang='lat' dir='ltr'>ubicunque</span> <span class='ocrx_word' id='word_1_135' title='bbox 776 1266 814 1300; x_wconf 90' lang='lat' dir='ltr'>in</span> <span class='ocrx_word' id='word_1_136' title='bbox 832 1267 999 1300; x_wconf 86' lang='lat' dir='ltr'>comitatu</span> <span class='ocrx_word' id='word_1_137' title='bbox 1017 1266 1179 1313; x_wconf 62' lang='lat' dir='ltr'>predieto</span> <span class='ocrx_word' id='word_1_138' title='bbox 1194 1267 1361 1314; x_wconf 90' lang='lat' dir='ltr'>placitum</span> <span class='ocrx_word' id='word_1_139' title='bbox 1380 1268 1496 1310; x_wconf 89' lang='lat' dir='ltr'>fuerit,</span> <span class='ocrx_word' id='word_1_140' title='bbox 1517 1270 1645 1306; x_wconf 91' lang='lat' dir='ltr'>ibidem</span> 
     </span>
     <span class='ocr_line' id='line_1_16' title="bbox 167 1320 1644 1370; baseline 0.003 -14"><span class='ocrx_word' id='word_1_141' title='bbox 167 1323 348 1357; x_wconf 81' lang='lat' dir='ltr'>veniemus</span> <span class='ocrx_word' id='word_1_142' title='bbox 365 1321 603 1369; x_wconf 80' lang='lat' dir='ltr'>personaliter,</span> <span class='ocrx_word' id='word_1_143' title='bbox 631 1327 666 1356; x_wconf 91' lang='lat' dir='ltr'>et</span> <span class='ocrx_word' id='word_1_144' title='bbox 683 1322 786 1368; x_wconf 90' lang='lat' dir='ltr'>plene</span> <span class='ocrx_word' id='word_1_145' title='bbox 805 1327 840 1356; x_wconf 88' lang='lat' dir='ltr'>et</span> <span class='ocrx_word' id='word_1_146' title='bbox 857 1320 1023 1368; x_wconf 83' lang='lat' dir='ltr'>expreffe,</span> <span class='ocrx_word' id='word_1_147' title='bbox 1044 1335 1108 1369; x_wconf 92' lang='lat' dir='ltr'>pro</span> <span class='ocrx_word' id='word_1_148' title='bbox 1135 1323 1234 1357; x_wconf 88' lang='lat' dir='ltr'>nobis</span> <span class='ocrx_word' id='word_1_149' title='bbox 1253 1329 1287 1357; x_wconf 91' lang='lat' dir='ltr'>et</span> <span class='ocrx_word' id='word_1_150' title='bbox 1305 1324 1492 1370; x_wconf 84' lang='lat' dir='ltr'>heredibus</span> <span class='ocrx_word' id='word_1_151' title='bbox 1510 1326 1644 1368; x_wconf 87' lang='lat' dir='ltr'>nostris,</span> 
     </span>
     <span class='ocr_line' id='line_1_17' title="bbox 167 1378 1644 1425; baseline 0.003 -13"><span class='ocrx_word' id='word_1_152' title='bbox 167 1379 202 1412; x_wconf 91' lang='lat' dir='ltr'>in</span> <span class='ocrx_word' id='word_1_153' title='bbox 221 1378 325 1425; x_wconf 88' lang='lat' dir='ltr'>plena</span> <span class='ocrx_word' id='word_1_154' title='bbox 343 1378 439 1412; x_wconf 84' lang='lat' dir='ltr'>curia</span> <span class='ocrx_word' id='word_1_155' title='bbox 457 1378 703 1412; x_wconf 82' lang='lat' dir='ltr'>confitebimur</span> <span class='ocrx_word' id='word_1_156' title='bbox 720 1379 815 1424; x_wconf 90' lang='lat' dir='ltr'>quod</span> <span class='ocrx_word' id='word_1_157' title='bbox 845 1379 952 1412; x_wconf 89' lang='lat' dir='ltr'>nichil</span> <span class='ocrx_word' id='word_1_158' title='bbox 974 1378 1065 1425; x_wconf 85' lang='lat' dir='ltr'>juris</span> <span class='ocrx_word' id='word_1_159' title='bbox 1093 1379 1192 1413; x_wconf 89' lang='lat' dir='ltr'>nobis</span> <span class='ocrx_word' id='word_1_160' title='bbox 1220 1378 1279 1414; x_wconf 89' lang='lat' dir='ltr'>seu</span> <span class='ocrx_word' id='word_1_161' title='bbox 1310 1380 1496 1415; x_wconf 85' lang='lat' dir='ltr'>heredibus</span> <span class='ocrx_word' id='word_1_162' title='bbox 1521 1382 1644 1417; x_wconf 74' lang='lat' dir='ltr'>nostris</span> 
     </span>
     <span class='ocr_line' id='line_1_18' title="bbox 167 1433 1645 1483; baseline 0.005 -16"><span class='ocrx_word' id='word_1_163' title='bbox 167 1434 283 1480; x_wconf 88' lang='lat' dir='ltr'>aliquo</span> <span class='ocrx_word' id='word_1_164' title='bbox 302 1440 461 1480; x_wconf 87' lang='lat' dir='ltr'>tempore</span> <span class='ocrx_word' id='word_1_165' title='bbox 480 1434 669 1481; x_wconf 84' lang='lat' dir='ltr'>competiit,</span> <span class='ocrx_word' id='word_1_166' title='bbox 691 1435 858 1481; x_wconf 90' lang='lat' dir='ltr'>competit</span> <span class='ocrx_word' id='word_1_167' title='bbox 876 1433 934 1469; x_wconf 91' lang='lat' dir='ltr'>seu</span> <span class='ocrx_word' id='word_1_168' title='bbox 953 1441 1153 1482; x_wconf 89' lang='lat' dir='ltr'>competere</span> <span class='ocrx_word' id='word_1_169' title='bbox 1172 1437 1301 1483; x_wconf 85' lang='lat' dir='ltr'>poterit</span> <span class='ocrx_word' id='word_1_170' title='bbox 1319 1437 1355 1471; x_wconf 90' lang='lat' dir='ltr'>in</span> <span class='ocrx_word' id='word_1_171' title='bbox 1374 1438 1476 1472; x_wconf 89' lang='lat' dir='ltr'>terris</span> <span class='ocrx_word' id='word_1_172' title='bbox 1495 1439 1537 1473; x_wconf 91' lang='lat' dir='ltr'>de</span> <span class='ocrx_word' id='word_1_173' title='bbox 1557 1440 1645 1474; x_wconf 90' lang='lat' dir='ltr'>Coc-</span> 
     </span>
     <span class='ocr_line' id='line_1_19' title="bbox 167 1489 1646 1541; baseline 0.005 -18"><span class='ocrx_word' id='word_1_174' title='bbox 167 1490 324 1530; x_wconf 88' lang='lat' dir='ltr'>manach,</span> <span class='ocrx_word' id='word_1_175' title='bbox 341 1489 370 1523; x_wconf 92' lang='lat' dir='ltr'>F</span> <span class='ocrx_word' id='word_1_176' title='bbox 372 1489 564 1536; x_wconf 76' lang='lat' dir='ltr'>ymbalach,</span> <span class='ocrx_word' id='word_1_177' title='bbox 585 1489 826 1530; x_wconf 88' lang='lat' dir='ltr'>Edinbernan‚</span> <span class='ocrx_word' id='word_1_178' title='bbox 847 1490 990 1525; x_wconf 77' lang='lat' dir='ltr'>Backan</span> <span class='ocrx_word' id='word_1_179' title='bbox 1008 1497 1043 1526; x_wconf 84' lang='lat' dir='ltr'>et</span> <span class='ocrx_word' id='word_1_180' title='bbox 1057 1492 1100 1526; x_wconf 90' lang='lat' dir='ltr'>de</span> <span class='ocrx_word' id='word_1_181' title='bbox 1115 1492 1351 1534; x_wconf 89' lang='lat' dir='ltr'>Drumcreue,</span> <span class='ocrx_word' id='word_1_182' title='bbox 1366 1493 1447 1528; x_wconf 83' lang='lat' dir='ltr'>licet</span> <span class='ocrx_word' id='word_1_183' title='bbox 1458 1495 1646 1541; x_wconf 88' lang='lat' dir='ltr'>aliquando</span> 
     </span>
     <span class='ocr_line' id='line_1_20' title="bbox 168 1545 1646 1598; baseline 0.005 -19"><span class='ocrx_word' id='word_1_184' title='bbox 168 1545 344 1580; x_wconf 89' lang='lat' dir='ltr'>Abbatem</span> <span class='ocrx_word' id='word_1_185' title='bbox 364 1551 398 1580; x_wconf 88' lang='lat' dir='ltr'>et</span> <span class='ocrx_word' id='word_1_186' title='bbox 416 1552 629 1580; x_wconf 88' lang='lat' dir='ltr'>conventum</span> <span class='ocrx_word' id='word_1_187' title='bbox 650 1546 693 1581; x_wconf 86' lang='lat' dir='ltr'>de</span> <span class='ocrx_word' id='word_1_188' title='bbox 713 1545 860 1581; x_wconf 84' lang='lat' dir='ltr'>Paffelet</span> <span class='ocrx_word' id='word_1_189' title='bbox 878 1545 981 1594; x_wconf 88' lang='lat' dir='ltr'>super</span> <span class='ocrx_word' id='word_1_190' title='bbox 998 1547 1165 1595; x_wconf 85' lang='lat' dir='ltr'>premissis</span> <span class='ocrx_word' id='word_1_191' title='bbox 1183 1549 1284 1583; x_wconf 89' lang='lat' dir='ltr'>terris</span> <span class='ocrx_word' id='word_1_192' title='bbox 1301 1551 1418 1584; x_wconf 83' lang='lat' dir='ltr'>vocari</span> <span class='ocrx_word' id='word_1_193' title='bbox 1430 1551 1552 1598; x_wconf 89' lang='lat' dir='ltr'>injuste</span> <span class='ocrx_word' id='word_1_194' title='bbox 1566 1553 1646 1588; x_wconf 88' lang='lat' dir='ltr'>feci-</span> 
     </span>
     <span class='ocr_line' id='line_1_21' title="bbox 166 1603 1646 1655; baseline 0.005 -18"><span class='ocrx_word' id='word_1_195' title='bbox 166 1617 244 1638; x_wconf 91' lang='lat' dir='ltr'>mus</span> <span class='ocrx_word' id='word_1_196' title='bbox 262 1603 457 1651; x_wconf 88' lang='lat' dir='ltr'>injudicio,</span> <span class='ocrx_word' id='word_1_197' title='bbox 486 1609 521 1638; x_wconf 89' lang='lat' dir='ltr'>et</span> <span class='ocrx_word' id='word_1_198' title='bbox 538 1604 633 1649; x_wconf 91' lang='lat' dir='ltr'>quod</span> <span class='ocrx_word' id='word_1_199' title='bbox 650 1616 715 1638; x_wconf 88' lang='lat' dir='ltr'>nos</span> <span class='ocrx_word' id='word_1_200' title='bbox 733 1609 768 1638; x_wconf 91' lang='lat' dir='ltr'>et</span> <span class='ocrx_word' id='word_1_201' title='bbox 786 1604 932 1638; x_wconf 85' lang='lat' dir='ltr'>heredes</span> <span class='ocrx_word' id='word_1_202' title='bbox 950 1604 1056 1638; x_wconf 87' lang='lat' dir='ltr'>nostri</span> <span class='ocrx_word' id='word_1_203' title='bbox 1074 1605 1262 1652; x_wconf 88' lang='lat' dir='ltr'>abjudicati</span> <span class='ocrx_word' id='word_1_204' title='bbox 1280 1605 1396 1641; x_wconf 91' lang='lat' dir='ltr'>sumus</span> <span class='ocrx_word' id='word_1_205' title='bbox 1416 1607 1459 1642; x_wconf 91' lang='lat' dir='ltr'>de</span> <span class='ocrx_word' id='word_1_206' title='bbox 1477 1609 1646 1655; x_wconf 65' lang='lat' dir='ltr'>prediefis</span> 
     </span>
     <span class='ocr_line' id='line_1_22' title="bbox 167 1659 1647 1713; baseline 0.003 -18"><span class='ocrx_word' id='word_1_207' title='bbox 167 1660 269 1695; x_wconf 90' lang='lat' dir='ltr'>terris</span> <span class='ocrx_word' id='word_1_208' title='bbox 286 1659 537 1694; x_wconf 84' lang='lat' dir='ltr'>sententialiter</span> <span class='ocrx_word' id='word_1_209' title='bbox 555 1660 815 1707; x_wconf 88' lang='lat' dir='ltr'>imperpetuum</span> <span class='ocrx_word' id='word_1_210' title='bbox 832 1674 841 1702; x_wconf 78' lang='lat'><em>3</em></span> <span class='ocrx_word' id='word_1_211' title='bbox 870 1665 905 1694; x_wconf 90' lang='lat' dir='ltr'>et</span> <span class='ocrx_word' id='word_1_212' title='bbox 922 1659 947 1695; x_wconf 90' lang='lat' dir='ltr'><strong>fi</strong></span> <span class='ocrx_word' id='word_1_213' title='bbox 964 1661 1047 1707; x_wconf 88' lang='lat' dir='ltr'>quid</span> <span class='ocrx_word' id='word_1_214' title='bbox 1059 1661 1149 1708; x_wconf 86' lang='lat' dir='ltr'>juris</span> <span class='ocrx_word' id='word_1_215' title='bbox 1168 1662 1353 1697; x_wconf 87' lang='lat' dir='ltr'>habuimus</span> <span class='ocrx_word' id='word_1_216' title='bbox 1366 1664 1423 1698; x_wconf 89' lang='lat' dir='ltr'>vel</span> <span class='ocrx_word' id='word_1_217' title='bbox 1441 1664 1569 1700; x_wconf 88' lang='lat' dir='ltr'>habere</span> <span class='ocrx_word' id='word_1_218' title='bbox 1586 1679 1647 1713; x_wconf 90' lang='lat' dir='ltr'>po-</span> 
     </span>
     <span class='ocr_line' id='line_1_23' title="bbox 167 1714 1647 1766; baseline 0.004 -15"><span class='ocrx_word' id='word_1_219' title='bbox 167 1717 311 1751; x_wconf 88' lang='lat' dir='ltr'>terimus</span> <span class='ocrx_word' id='word_1_220' title='bbox 330 1716 541 1763; x_wconf 84' lang='lat' dir='ltr'>inposterum</span> <span class='ocrx_word' id='word_1_221' title='bbox 561 1716 596 1750; x_wconf 92' lang='grc'>111</span> <span class='ocrx_word' id='word_1_222' title='bbox 614 1714 781 1763; x_wconf 86' lang='lat' dir='ltr'>premiffis</span> <span class='ocrx_word' id='word_1_223' title='bbox 799 1717 900 1751; x_wconf 88' lang='lat' dir='ltr'>terris</span> <span class='ocrx_word' id='word_1_224' title='bbox 918 1717 975 1751; x_wconf 91' lang='lat' dir='ltr'>vel</span> <span class='ocrx_word' id='word_1_225' title='bbox 993 1717 1107 1764; x_wconf 83' lang='lat' dir='ltr'>aliqua</span> <span class='ocrx_word' id='word_1_226' title='bbox 1122 1717 1282 1765; x_wconf 87' lang='lat' dir='ltr'>ipsarum,</span> <span class='ocrx_word' id='word_1_227' title='bbox 1299 1732 1363 1766; x_wconf 88' lang='lat' dir='ltr'>pro</span> <span class='ocrx_word' id='word_1_228' title='bbox 1378 1720 1477 1754; x_wconf 84' lang='lat' dir='ltr'>nobis</span> <span class='ocrx_word' id='word_1_229' title='bbox 1496 1727 1530 1755; x_wconf 90' lang='lat' dir='ltr'>et</span> <span class='ocrx_word' id='word_1_230' title='bbox 1548 1722 1647 1757; x_wconf 86' lang='lat' dir='ltr'>here-</span> 
     </span>
     <span class='ocr_line' id='line_1_24' title="bbox 167 1772 1646 1821; baseline 0.005 -15"><span class='ocrx_word' id='word_1_231' title='bbox 167 1772 267 1807; x_wconf 87' lang='lat' dir='ltr'>dibus</span> <span class='ocrx_word' id='word_1_232' title='bbox 285 1772 408 1807; x_wconf 87' lang='lat' dir='ltr'>nostris</span> <span class='ocrx_word' id='word_1_233' title='bbox 436 1773 549 1807; x_wconf 87' lang='lat' dir='ltr'>eidem</span> <span class='ocrx_word' id='word_1_234' title='bbox 577 1773 871 1813; x_wconf 84' lang='lat' dir='ltr'>renunciabimus‚</span> <span class='ocrx_word' id='word_1_235' title='bbox 901 1779 935 1807; x_wconf 89' lang='lat' dir='ltr'>et</span> <span class='ocrx_word' id='word_1_236' title='bbox 960 1774 1128 1821; x_wconf 59' lang='lat' dir='ltr'>preditffis</span> <span class='ocrx_word' id='word_1_237' title='bbox 1160 1775 1288 1809; x_wconf 86' lang='lat' dir='ltr'>Abbati</span> <span class='ocrx_word' id='word_1_238' title='bbox 1316 1781 1351 1810; x_wconf 89' lang='lat' dir='ltr'>et</span> <span class='ocrx_word' id='word_1_239' title='bbox 1370 1778 1561 1811; x_wconf 90' lang='lat' dir='ltr'>conventui</span> <span class='ocrx_word' id='word_1_240' title='bbox 1586 1777 1646 1813; x_wconf 90' lang='lat' dir='ltr'>seu</span> 
     </span>
     <span class='ocr_line' id='line_1_25' title="bbox 167 1828 1646 1878; baseline 0.005 -16"><span class='ocrx_word' id='word_1_241' title='bbox 167 1841 290 1863; x_wconf 88' lang='lat' dir='ltr'>eorum</span> <span class='ocrx_word' id='word_1_242' title='bbox 308 1829 490 1876; x_wconf 88' lang='lat' dir='ltr'>procutori</span> <span class='ocrx_word' id='word_1_243' title='bbox 507 1841 570 1875; x_wconf 86' lang='lat' dir='ltr'>per</span> <span class='ocrx_word' id='word_1_244' title='bbox 587 1828 713 1863; x_wconf 87' lang='lat' dir='ltr'>fustum</span> <span class='ocrx_word' id='word_1_245' title='bbox 733 1834 768 1863; x_wconf 85' lang='lat' dir='ltr'>et</span> <span class='ocrx_word' id='word_1_246' title='bbox 785 1829 949 1864; x_wconf 89' lang='lat' dir='ltr'>baculum</span> <span class='ocrx_word' id='word_1_247' title='bbox 980 1829 1252 1877; x_wconf 83' lang='lat' dir='ltr'>refingnabimus</span> <span class='ocrx_word' id='word_1_248' title='bbox 1280 1837 1315 1866; x_wconf 89' lang='lat' dir='ltr'>et</span> <span class='ocrx_word' id='word_1_249' title='bbox 1345 1833 1500 1878; x_wconf 87' lang='lat' dir='ltr'>quietum</span> <span class='ocrx_word' id='word_1_250' title='bbox 1521 1834 1646 1870; x_wconf 83' lang='lat' dir='ltr'>clama-</span> 
     </span>
     <span class='ocr_line' id='line_1_26' title="bbox 167 1885 1647 1938; baseline 0.005 -20"><span class='ocrx_word' id='word_1_251' title='bbox 167 1885 281 1919; x_wconf 88' lang='lat' dir='ltr'>bimus</span> <span class='ocrx_word' id='word_1_252' title='bbox 299 1886 568 1932; x_wconf 82' lang='lat' dir='ltr'>imperpetuum.</span> <span class='ocrx_word' id='word_1_253' title='bbox 623 1885 670 1919; x_wconf 78' lang='lat' dir='ltr'>Et</span> <span class='ocrx_word' id='word_1_254' title='bbox 688 1885 732 1919; x_wconf 90' lang='lat' dir='ltr'>ad</span> <span class='ocrx_word' id='word_1_255' title='bbox 749 1886 897 1932; x_wconf 84' lang='lat' dir='ltr'>primam</span> <span class='ocrx_word' id='word_1_256' title='bbox 916 1886 1116 1921; x_wconf 85' lang='lat' dir='ltr'>citationem</span> <span class='ocrx_word' id='word_1_257' title='bbox 1136 1887 1236 1921; x_wconf 90' lang='lat' dir='ltr'>nobis</span> <span class='ocrx_word' id='word_1_258' title='bbox 1262 1888 1345 1922; x_wconf 83' lang='lat' dir='ltr'>alias</span> <span class='ocrx_word' id='word_1_259' title='bbox 1371 1889 1565 1925; x_wconf 87' lang='lat' dir='ltr'>faciendam</span> <span class='ocrx_word' id='word_1_260' title='bbox 1583 1904 1647 1938; x_wconf 88' lang='lat' dir='ltr'>per</span> 
     </span>
     <span class='ocr_line' id='line_1_27' title="bbox 167 1940 1644 1990; baseline 0.003 -15"><span class='ocrx_word' id='word_1_261' title='bbox 167 1941 366 1988; x_wconf 63' lang='lat' dir='ltr'>preditfftum</span> <span class='ocrx_word' id='word_1_262' title='bbox 385 1941 566 1974; x_wconf 89' lang='lat' dir='ltr'>dominum</span> <span class='ocrx_word' id='word_1_263' title='bbox 586 1940 795 1988; x_wconf 83' lang='lat' dir='ltr'>Episcopum</span> <span class='ocrx_word' id='word_1_264' title='bbox 815 1941 871 1976; x_wconf 90' lang='lat' dir='ltr'>vel</span> <span class='ocrx_word' id='word_1_265' title='bbox 890 1942 1040 1988; x_wconf 85' lang='lat' dir='ltr'>aliquem</span> <span class='ocrx_word' id='word_1_266' title='bbox 1060 1943 1134 1990; x_wconf 87' lang='lat' dir='ltr'>ejus</span> <span class='ocrx_word' id='word_1_267' title='bbox 1153 1943 1337 1978; x_wconf 86' lang='lat' dir='ltr'>officialem</span> <span class='ocrx_word' id='word_1_268' title='bbox 1364 1957 1481 1978; x_wconf 90' lang='lat' dir='ltr'>coram</span> <span class='ocrx_word' id='word_1_269' title='bbox 1501 1946 1644 1981; x_wconf 88' lang='lat' dir='ltr'>domino</span> 
     </span>
     <span class='ocr_line' id='line_1_28' title="bbox 167 1995 1642 2047; baseline 0.003 -16"><span class='ocrx_word' id='word_1_270' title='bbox 167 1996 284 2031; x_wconf 85' lang='lat' dir='ltr'>nostro</span> <span class='ocrx_word' id='word_1_271' title='bbox 317 1996 416 2042; x_wconf 80' lang='lat' dir='ltr'>Rege</span> <span class='ocrx_word' id='word_1_272' title='bbox 449 1996 575 2036; x_wconf 88' lang='lat' dir='ltr'>Scotie,</span> <span class='ocrx_word' id='word_1_273' title='bbox 603 1995 672 2030; x_wconf 88' lang='lat' dir='ltr'>fine</span> <span class='ocrx_word' id='word_1_274' title='bbox 703 1997 799 2030; x_wconf 88' lang='lat' dir='ltr'>omni</span> <span class='ocrx_word' id='word_1_275' title='bbox 827 1999 1118 2040; x_wconf 63' lang='lat' dir='ltr'>contradieffione,</span> <span class='ocrx_word' id='word_1_276' title='bbox 1160 2001 1377 2047; x_wconf 83' lang='lat' dir='ltr'>exceptione,</span> <span class='ocrx_word' id='word_1_277' title='bbox 1411 2001 1642 2044; x_wconf 86' lang='lat' dir='ltr'>excusatione,</span> 
     </span>
     <span class='ocr_line' id='line_1_29' title="bbox 168 2053 1645 2103; baseline 0.003 -15"><span class='ocrx_word' id='word_1_278' title='bbox 168 2053 388 2088; x_wconf 89' lang='lat' dir='ltr'>cavillatione</span> <span class='ocrx_word' id='word_1_279' title='bbox 414 2058 448 2087; x_wconf 89' lang='lat' dir='ltr'>et</span> <span class='ocrx_word' id='word_1_280' title='bbox 478 2053 611 2093; x_wconf 82' lang='lat' dir='ltr'>fraude,</span> <span class='ocrx_word' id='word_1_281' title='bbox 632 2053 909 2100; x_wconf 87' lang='lat' dir='ltr'>comparebimus</span> <span class='ocrx_word' id='word_1_282' title='bbox 926 2054 1166 2102; x_wconf 88' lang='lat' dir='ltr'>personaliter,</span> <span class='ocrx_word' id='word_1_283' title='bbox 1195 2062 1230 2090; x_wconf 93' lang='lat' dir='ltr'>et</span> <span class='ocrx_word' id='word_1_284' title='bbox 1259 2057 1435 2103; x_wconf 49' lang='lat' dir='ltr'>predictas</span> <span class='ocrx_word' id='word_1_285' title='bbox 1463 2060 1645 2094; x_wconf 87' lang='lat' dir='ltr'>renuncia-</span> 
     </span>
     <span class='ocr_line' id='line_1_30' title="bbox 167 2107 1645 2159; baseline 0.003 -15"><span class='ocrx_word' id='word_1_286' title='bbox 167 2111 311 2150; x_wconf 85' lang='lat' dir='ltr'>tionem,</span> <span class='ocrx_word' id='word_1_287' title='bbox 339 2107 633 2155; x_wconf 82' lang='lat' dir='ltr'>refingnationem</span> <span class='ocrx_word' id='word_1_288' title='bbox 662 2114 696 2143; x_wconf 90' lang='lat' dir='ltr'>et</span> <span class='ocrx_word' id='word_1_289' title='bbox 722 2110 876 2155; x_wconf 86' lang='lat' dir='ltr'>quietam</span> <span class='ocrx_word' id='word_1_290' title='bbox 906 2111 1152 2145; x_wconf 88' lang='lat' dir='ltr'>clamationem</span> <span class='ocrx_word' id='word_1_291' title='bbox 1181 2111 1308 2146; x_wconf 90' lang='lat' dir='ltr'>ibidem</span> <span class='ocrx_word' id='word_1_292' title='bbox 1327 2113 1494 2159; x_wconf 68' lang='lat' dir='ltr'>prediffis</span> <span class='ocrx_word' id='word_1_293' title='bbox 1513 2113 1645 2149; x_wconf 86' lang='lat' dir='ltr'>Abbati</span> 
     </span>
     <span class='ocr_line' id='line_1_31' title="bbox 168 2163 1641 2213; baseline 0.003 -13"><span class='ocrx_word' id='word_1_294' title='bbox 168 2171 202 2200; x_wconf 92' lang='lat' dir='ltr'>et</span> <span class='ocrx_word' id='word_1_295' title='bbox 220 2166 409 2199; x_wconf 88' lang='lat' dir='ltr'>conventui</span> <span class='ocrx_word' id='word_1_296' title='bbox 428 2163 486 2198; x_wconf 89' lang='lat' dir='ltr'>seu</span> <span class='ocrx_word' id='word_1_297' title='bbox 500 2177 622 2198; x_wconf 83' lang='lat' dir='ltr'>eorum</span> <span class='ocrx_word' id='word_1_298' title='bbox 634 2165 829 2205; x_wconf 60' lang='lat' dir='ltr'>aetornam,</span> <span class='ocrx_word' id='word_1_299' title='bbox 845 2166 952 2200; x_wconf 91' lang='lat' dir='ltr'>modo</span> <span class='ocrx_word' id='word_1_300' title='bbox 966 2166 1195 2213; x_wconf 84' lang='lat' dir='ltr'>suprascripto</span> <span class='ocrx_word' id='word_1_301' title='bbox 1210 2168 1246 2200; x_wconf 90' lang='lat' dir='ltr'>in</span> <span class='ocrx_word' id='word_1_302' title='bbox 1261 2167 1432 2208; x_wconf 81' lang='lat' dir='ltr'>omnibus,</span> <span class='ocrx_word' id='word_1_303' title='bbox 1452 2168 1618 2204; x_wconf 84' lang='lat' dir='ltr'>faciemus</span> <span class='ocrx_word' id='word_1_304' title='bbox 1633 2186 1641 2213; x_wconf 92' lang='lat'>;</span> 
     </span>
     <span class='ocr_line' id='line_1_32' title="bbox 168 2219 1643 2266; baseline 0.003 -11"><span class='ocrx_word' id='word_1_305' title='bbox 168 2227 202 2255; x_wconf 91' lang='lat' dir='ltr'>et</span> <span class='ocrx_word' id='word_1_306' title='bbox 221 2233 360 2255; x_wconf 88' lang='lat' dir='ltr'>omnem</span> <span class='ocrx_word' id='word_1_307' title='bbox 379 2220 482 2254; x_wconf 86' lang='lat' dir='ltr'>aliam</span> <span class='ocrx_word' id='word_1_308' title='bbox 513 2219 732 2254; x_wconf 88' lang='lat' dir='ltr'>securitatem</span> <span class='ocrx_word' id='word_1_309' title='bbox 763 2233 866 2266; x_wconf 88' lang='lat' dir='ltr'>quam</span> <span class='ocrx_word' id='word_1_310' title='bbox 897 2221 921 2256; x_wconf 86' lang='lat' dir='ltr'><strong>J</strong></span> <span class='ocrx_word' id='word_1_311' title='bbox 923 2222 1095 2256; x_wconf 88' lang='lat' dir='ltr'>ohannem</span> <span class='ocrx_word' id='word_1_312' title='bbox 1128 2223 1170 2256; x_wconf 92' lang='lat' dir='ltr'>de</span> <span class='ocrx_word' id='word_1_313' title='bbox 1200 2222 1397 2257; x_wconf 81' lang='lat' dir='ltr'>Wardroba</span> <span class='ocrx_word' id='word_1_314' title='bbox 1427 2229 1461 2258; x_wconf 90' lang='lat' dir='ltr'>et</span> <span class='ocrx_word' id='word_1_315' title='bbox 1491 2224 1643 2260; x_wconf 85' lang='lat' dir='ltr'>Mariam</span> 
     </span>
     <span class='ocr_line' id='line_1_33' title="bbox 167 2274 1643 2328; baseline 0.004 -18"><span class='ocrx_word' id='word_1_316' title='bbox 167 2275 323 2324; x_wconf 89' lang='lat' dir='ltr'>sponsam</span> <span class='ocrx_word' id='word_1_317' title='bbox 342 2275 447 2316; x_wconf 75' lang='lat' dir='ltr'>iiiam,</span> <span class='ocrx_word' id='word_1_318' title='bbox 475 2274 534 2310; x_wconf 90' lang='lat' dir='ltr'>seu</span> <span class='ocrx_word' id='word_1_319' title='bbox 554 2275 775 2310; x_wconf 83' lang='lat' dir='ltr'>Bernardum</span> <span class='ocrx_word' id='word_1_320' title='bbox 795 2277 837 2311; x_wconf 90' lang='lat' dir='ltr'>de</span> <span class='ocrx_word' id='word_1_321' title='bbox 858 2277 947 2311; x_wconf 84' lang='lat' dir='ltr'>Erth</span> <span class='ocrx_word' id='word_1_322' title='bbox 976 2284 1009 2311; x_wconf 93' lang='lat' dir='ltr'>et</span> <span class='ocrx_word' id='word_1_323' title='bbox 1046 2278 1221 2312; x_wconf 88' lang='lat' dir='ltr'>Helenam</span> <span class='ocrx_word' id='word_1_324' title='bbox 1240 2278 1396 2326; x_wconf 91' lang='lat' dir='ltr'>sponsam</span> <span class='ocrx_word' id='word_1_325' title='bbox 1414 2278 1509 2314; x_wconf 79' lang='lat' dir='ltr'>su‘am</span> <span class='ocrx_word' id='word_1_326' title='bbox 1528 2294 1592 2328; x_wconf 89' lang='lat' dir='ltr'>pro</span> <span class='ocrx_word' id='word_1_327' title='bbox 1610 2282 1643 2317; x_wconf 89' lang='lat' dir='ltr'>se</span> 
     </span>
     <span class='ocr_line' id='line_1_34' title="bbox 169 2331 1687 2386; baseline 0.003 -19"><span class='ocrx_word' id='word_1_328' title='bbox 169 2338 202 2367; x_wconf 90' lang='lat' dir='ltr'>et</span> <span class='ocrx_word' id='word_1_329' title='bbox 220 2331 407 2367; x_wconf 89' lang='lat' dir='ltr'>heredibus</span> <span class='ocrx_word' id='word_1_330' title='bbox 425 2331 491 2366; x_wconf 91' lang='lat' dir='ltr'>suis</span> <span class='ocrx_word' id='word_1_331' title='bbox 509 2331 622 2366; x_wconf 82' lang='lat' dir='ltr'>faeere</span> <span class='ocrx_word' id='word_1_332' title='bbox 641 2332 828 2378; x_wconf 85' lang='lat' dir='ltr'>contigerit</span> <span class='ocrx_word' id='word_1_333' title='bbox 845 2333 1011 2380; x_wconf 71' lang='lat' dir='ltr'>predictis</span> <span class='ocrx_word' id='word_1_334' title='bbox 1032 2333 1161 2369; x_wconf 85' lang='lat' dir='ltr'>Abbati</span> <span class='ocrx_word' id='word_1_335' title='bbox 1180 2340 1214 2369; x_wconf 91' lang='lat' dir='ltr'>et</span> <span class='ocrx_word' id='word_1_336' title='bbox 1240 2336 1431 2371; x_wconf 87' lang='lat' dir='ltr'>conventui</span> <span class='ocrx_word' id='word_1_337' title='bbox 1449 2335 1551 2384; x_wconf 92' lang='lat' dir='ltr'>super</span> <span class='ocrx_word' id='word_1_338' title='bbox 1567 2351 1644 2386; x_wconf 87' lang='lat' dir='ltr'>pre·</span> <span class='ocrx_word' id='word_1_339' title='bbox 1685 2344 1687 2347; x_wconf 61' lang='lat'><em>⁴</em></span> 
     </span>
    </p>
   </div>
  </div>
 </body>
</html>
