1870 2683
774 275 846 310 DE
874 274 1142 310 PASSELET.
1627 279 1698 314 429

217 375 366 410 libenter
383 373 569 408 annuimus
587 384 649 419 per
666 384 744 418 que,
773 372 917 406 materia
934 371 1093 405 submota
1110 371 1331 417 gravaminiS,
1362 370 1466 405 status
1484 370 1584 405 vestri
1603 376 1696 405 tran-

215 431 368 478 quillitas
385 434 604 477 procuretur.
658 427 754 462 Hinc
772 427 819 461 est
835 427 929 473 quod
947 439 1011 461 nos
1028 427 1104 473 paci
1130 432 1165 460 et
1190 426 1435 472 tranquillitati
1452 426 1562 461 vestre
1580 427 1695 473 provi-

216 488 298 522 dere
316 486 484 525 volentes,
504 484 621 519 vestris
638 483 945 531 supplicationibus
962 483 1130 523 inclinati,
1150 488 1190 517 ut
1207 483 1294 517 nulli
1313 482 1482 517 seculares
1500 482 1589 516 infra
1599 481 1694 529 septa

215 542 412 578 monasterii
430 541 530 576 vestri
547 546 669 575 tenere
686 540 813 587 placita
830 539 886 574 vel
904 539 1017 574 facere
1035 539 1324 585 congregationes
1343 537 1552 585 presumant,
1572 540 1694 573 aueto-

213 600 316 633 ritate
333 597 545 645 presentium
564 595 749 630 distriffius
766 595 974 630 inhibemus.
1025 594 1127 629 Nulli
1141 607 1225 640 ergo
1240 594 1384 628 omnino
1396 594 1578 629 hominum
1592 595 1694 629 liceat

212 655 302 689 hanc
319 654 480 701 paginam
499 652 613 687 nostre
632 651 846 685 inhibitionis
864 651 1054 697 infringere
1071 650 1128 685 vel
1147 650 1179 685 ei
1195 649 1279 684 ausu
1296 650 1483 684 temerario
1505 651 1691 684 contraire.

212 710 248 745 Si
278 710 354 756 quis
384 714 500 743 autem
531 709 598 743 hoc
627 712 836 754 attemptare
861 705 1116 754 presumpserit,
1143 705 1420 752 indignationem
1441 706 1691 752 omnipotentis

212 766 283 800 Dei
301 771 335 800 et
352 765 536 800 beatorum
555 763 651 798 Petri
681 768 716 797 et
748 763 848 797 Pauli
865 762 1099 809 apostolorum
1127 761 1200 808 ejus
1230 761 1263 796 se
1293 762 1433 796 noverit
1457 760 1688 796 incursurum.

212 822 347 857 Datum
366 820 496 856 Perulii
515 820 562 855 vii
581 819 666 854 Idus
684 819 775 854 Maii
791 819 1015 866 pontificatus
1032 817 1138 853 nostri
1155 830 1249 852 anno
1266 817 1392 865 primo.

209 989 262 1025 Ut
280 989 399 1024 Abbas
416 988 469 1024 uti
486 987 586 1036 poflit
603 987 708 1022 mitra
724 991 760 1022 et
777 987 921 1021 annulo.

208 1100 541 1137 BENEDICTUS
560 1099 737 1147 episcopus
754 1098 873 1134 servus
890 1097 1068 1133 servorum
1089 1098 1161 1133 Dei
1179 1098 1315 1133 dileetis
1345 1098 1424 1133 filiis
1451 1098 1606 1134 Johanni
1632 1097 1688 1132 ab·

207 1157 278 1192 bati
296 1163 331 1192 et
349 1157 539 1191 conventui
569 1155 767 1190 monasterii
785 1155 827 1189 de
847 1154 991 1195 Passeto,
1025 1153 1262 1189 Cluniaeenfis
1292 1155 1434 1196 ordinis,
1468 1153 1689 1201 Glalguenfis

206 1212 358 1253 diocesis,
377 1212 521 1247 salutem
540 1218 576 1247 et
595 1211 816 1259 apostolicam
833 1211 1127 1245 benedffi‘cionem.
1181 1210 1346 1257 Exposcit
1364 1211 1473 1246 vestre
1492 1210 1689 1245 devotionis

205 1270 380 1305 finceritas
398 1274 433 1303 et
450 1268 629 1314 religionis
646 1272 869 1314 promeretur
885 1267 1044 1301 honestas
1073 1272 1113 1301 ut
1140 1271 1211 1300 tam
1229 1279 1291 1301 vos
1309 1280 1395 1313 quos
1421 1267 1558 1314 speciali
1585 1266 1689 1301 dilec-

205 1327 302 1361 tione
319 1324 562 1373 prosequimur
578 1336 682 1370 quam
701 1322 947 1357 monasterium
965 1323 1115 1358 vestrum
1134 1324 1247 1370 dignis
1265 1324 1457 1359 honoribus
1474 1324 1686 1359 attollamus.

208 1382 304 1416 Hinc
322 1381 369 1416 est
386 1381 480 1427 quod
498 1393 562 1414 nos
579 1379 697 1414 vestris
723 1379 760 1412 in
786 1379 849 1413 hac
867 1384 965 1426 parte
982 1379 1290 1426 supplicationibus
1320 1380 1487 1421 inclinati,
1523 1385 1563 1415 ut
1580 1385 1619 1414 tu
1637 1379 1686 1415 fili

206 1438 337 1478 Abbas,
370 1442 405 1471 et
432 1434 637 1470 successores
654 1435 706 1468 tui
724 1434 864 1468 abbates
883 1435 968 1469 dieti
996 1435 1193 1469 monasterii
1210 1436 1269 1481 qui
1287 1441 1391 1470 erunt
1423 1449 1487 1482 pro
1514 1441 1684 1483 tempore,

205 1494 318 1534 mitra,
350 1492 482 1527 annulo
501 1497 536 1526 et
553 1491 627 1525 aliis
645 1490 901 1537 pontificalibus
918 1490 1069 1537 insigniis
1086 1492 1194 1526 libere
1220 1490 1349 1538 poffitis
1366 1493 1429 1532 uti,
1462 1498 1497 1527 et
1524 1493 1562 1526 in
1589 1492 1686 1526 dieto

204 1549 413 1583 monasterio
431 1561 471 1583 ac
488 1547 700 1595 prioratibus
729 1552 763 1581 et
781 1546 855 1581 aliis
875 1547 960 1582 locis
978 1548 1090 1582 eidem
1109 1548 1317 1583 monasterio
1344 1548 1517 1595 subjeetis,
1547 1561 1686 1583 necnon

203 1605 459 1653 parochialibus
478 1610 514 1639 et
531 1604 606 1638 aliis
624 1602 773 1638 ecclefiis
792 1604 835 1637 ad
854 1616 916 1638 vos
934 1604 1167 1638 communiter
1184 1604 1241 1639 vel
1260 1603 1391 1639 divifim
1417 1604 1684 1652 pertinentibus,

204 1662 360 1708 quamvis
373 1660 476 1696 vobis
486 1659 592 1707 pleno
598 1659 680 1705 jure
694 1671 767 1693 non
782 1657 918 1699 subfint,
934 1659 1217 1694 benedictionem
1232 1659 1410 1694 solennem
1423 1660 1496 1707 post
1509 1658 1685 1695 miffarum

203 1731 243 1753 ac
254 1717 478 1765 vesperorum
492 1722 526 1751 et
538 1716 793 1750 matutinorum
805 1714 970 1756 solennia,
980 1716 1172 1750 dummodo
1183 1716 1220 1749 in
1231 1715 1476 1750 benedietione
1488 1715 1685 1763 hujusmodi

204 1774 326 1820 aliquis
340 1772 478 1807 antistes
491 1772 548 1806 vel
562 1771 650 1806 sedis
668 1771 852 1818 apostolice
870 1771 1005 1817 legatus
1022 1771 1162 1818 presens
1175 1784 1248 1806 non
1261 1772 1377 1813 fuerit,
1395 1773 1533 1819 elargiri
1548 1787 1556 1814 3
1577 1772 1685 1807 felicis

207 1829 461 1864 recordationis
477 1827 671 1862 Alexandri
687 1839 776 1873 pape
793 1827 841 1860 iiii
859 1826 1106 1873 predecessoris
1135 1828 1241 1862 nostri
1270 1841 1337 1874 que
1368 1829 1488 1876 incipit
1514 1829 1686 1869 Abbates,

204 1890 239 1920 et
256 1884 330 1918 aliis
348 1882 608 1930 quibuscunque
626 1882 928 1917 constitutionibus
946 1883 1138 1930 apostolicis
1155 1884 1409 1918 incontrarium
1437 1885 1537 1919 editis
1556 1898 1683 1931 nequa-

203 1953 307 1987 quam
326 1939 548 1978 obstantibus,
580 1937 677 1972 vobis
708 1943 742 1972 et
773 1938 899 1973 eisdem
917 1939 1161 1975 successoribus
1191 1942 1400 1976 auetoritate
1430 1942 1614 1989 apostolica
1641 1943 1683 1977 de

202 1995 339 2043 speciali
356 1994 468 2041 gratia
485 2000 608 2028 tenore
619 1992 832 2041 presentium
849 1995 1082 2042 indulgemus.
1134 1996 1235 2031 Nulli
1248 2010 1331 2043 ergo
1345 1998 1488 2031 omnino
1501 1998 1682 2032 hominum

202 2052 306 2086 liceat
323 2051 413 2085 hanc
430 2050 592 2097 paginam
622 2049 736 2084 nostre
765 2049 987 2086 conceffionis
1015 2053 1205 2098 infringere
1236 2053 1291 2086 vel
1323 2053 1353 2086 ei
1383 2052 1466 2087 ausu
1496 2056 1682 2089 temerario

205 2108 391 2144 contraire.
428 2107 464 2142 Si
482 2107 558 2153 quis
577 2112 693 2140 autem
712 2106 779 2141 hoc
796 2112 1004 2154 attemptare
1016 2108 1270 2155 presumpserit,
1285 2109 1562 2155 indignationem
1575 2112 1685 2146 omni-

203 2164 357 2212 potentis
376 2163 447 2198 Dei
465 2168 499 2197 et
517 2162 700 2197 beatorum
720 2161 815 2196 Petri
833 2168 868 2197 et
888 2163 985 2197 Pauli
1013 2163 1245 2211 apostolorum
1273 2164 1346 2211 ejus
1364 2163 1397 2198 se
1414 2167 1553 2200 noverit
1570 2167 1684 2201 incur-

204 2220 335 2256 surum.
387 2218 523 2253 Datum
543 2218 723 2253 Avinione
742 2218 790 2252 iiii
809 2218 895 2253 Idus
915 2219 1063 2265 Augusti
1082 2220 1306 2266 pontificatus
1323 2220 1430 2254 nostri
1447 2233 1540 2255 anno
1558 2223 1683 2269 primo.

1225 2275 1267 2311 C.
1288 2276 1327 2311 P.
1347 2277 1390 2312 de
1409 2276 1637 2315 Paueillione.
