1839 2652
736 257 807 292 DE
835 257 1103 292 PASSELET.
1614 260 1659 299 69

179 350 259 385 laris
289 351 325 385 in
357 350 607 398 persequendo,
635 365 675 387 ac
705 358 816 387 cartas
847 354 1041 388 eorundem
1071 353 1228 389 virorum
1260 353 1499 401 religiosorum
1530 354 1657 390 finistre

179 412 309 441 eventu
340 408 561 454 exponendo,
589 414 749 455 tempora
778 422 851 444 non
880 409 1134 456 distinguendo,
1164 408 1295 444 defistat
1326 416 1361 445 et
1392 410 1552 451 tabescat,
1580 423 1657 457 pre-

179 463 367 497 nominatis
379 464 466 498 vviris
484 463 649 510 religiosis
666 465 702 497 in
720 478 841 510 puram
874 471 909 500 et
936 471 1141 512 perpetuam
1168 465 1379 500 elimofinam
1399 467 1557 501 iterando
1575 479 1657 501 con-

178 518 333 552 cedimus
352 524 386 553 et
404 519 585 559 donamus,
613 519 775 554 videlicet
793 521 918 555 totales
944 526 1054 555 terras
1085 523 1128 556 de
1151 522 1299 562 Aldhus,
1333 523 1376 557 de
1396 523 1583 563 Arcliston‚
1613 523 1655 557 de

178 572 289 607 insula
306 574 557 608 monachorum
575 575 667 608 inter
700 574 790 610 Kert
818 582 852 610 et
883 576 995 618 Grief,
1025 579 1067 613 de
1099 579 1241 619 Fulton,
1274 580 1317 614 de
1347 580 1584 626 Drumgrane,
1613 580 1656 614 de

180 628 344 676 Graynis,
373 629 416 663 de
444 628 670 675 Achyngoun
697 631 960 673 monachorum,
989 639 1118 668 terram
1149 635 1241 669 inter
1271 635 1481 682 Aldepatrik
1499 641 1534 670 et
1552 635 1656 682 Espe-

179 685 261 719 dare
278 683 361 718 ficut
381 684 592 731 Aldepatrik
611 684 787 719 descendit
805 687 840 720 in
862 687 952 722 Kert
971 688 1252 736 Lochowynnok
1272 696 1306 724 et
1326 690 1499 737 Espedare
1519 690 1656 726 descen-

178 741 229 775 dit
246 741 282 774 in
300 746 430 774 terram
448 741 700 775 monachorum
715 741 893 787 jacentem
911 744 1003 778 iuter
1029 745 1059 778 le
1087 745 1239 792 Blaklyn
1271 752 1305 779 et
1338 746 1428 780 Kert
1446 747 1488 780 de
1508 746 1654 788 Passeto‚

178 802 307 830 terram
326 796 368 829 de
388 795 593 843 Dalmulyn,
625 796 931 838 Kirklandholme,
960 805 994 833 et
1024 806 1153 835 terram
1185 801 1228 835 de
1257 801 1451 842 Munkton,
1480 816 1551 837 una
1576 816 1655 837 cum

178 851 312 886 duabus
331 852 454 886 celdris
472 852 581 886 farine
600 853 642 886 de
662 858 864 888 tenemento
883 855 926 889 de
946 856 1126 903 Ingliston,
1153 858 1330 893 dimidiam
1350 872 1501 894 marcam
1519 861 1656 907 argenti

179 908 221 942 de
243 907 460 942 Porterfelde
472 908 576 954 juxta
595 908 768 955 Reynfru,
798 909 946 944 liberum
976 911 1153 947 servitium
1181 914 1336 948 wardam
1363 921 1398 949 et
1424 915 1593 950 relevium
1612 917 1654 950 de

180 965 361 1011 Ingliston,
389 970 459 999 tres
477 978 610 999 marcas
628 967 735 1000 annui
754 967 911 1001 redditus
937 967 980 1002 de
1008 968 1191 1003 Adamton
1219 982 1299 1003 cum
1327 971 1536 1005 omnimodis
1554 972 1655 1006 liber-

178 1021 316 1061 tatibus,
346 1021 659 1062 commoditatibus,
688 1021 902 1068 ayfiamentis
931 1028 965 1057 et
989 1023 1088 1070 justis
1105 1025 1336 1071 pertinentiis,
1365 1032 1434 1060 tam
1454 1039 1527 1061 non
1545 1028 1655 1061 nomi-

177 1078 267 1111 natis
285 1090 387 1123 quam
406 1077 604 1118 nominatis,
633 1084 702 1111 tam
721 1076 781 1111 sub
799 1083 893 1112 terra
910 1091 1013 1125 quam
1032 1078 1134 1126 supra
1151 1086 1291 1121 terram,
1311 1082 1347 1115 in
1366 1082 1526 1116 omnibus
1545 1089 1579 1117 et
1593 1096 1655 1130 per

178 1134 296 1168 omnia
325 1133 369 1167 ad
398 1133 506 1167 dietas
525 1139 634 1167 terras
653 1146 732 1168 cum
750 1134 969 1180 pertinentiis
996 1134 1242 1182 specffiantibus,
1270 1142 1305 1171 et
1334 1150 1470 1172 annuos
1497 1139 1655 1173 redditus

178 1189 268 1223 infra
285 1189 447 1223 videlicet
465 1189 625 1223 baronias
643 1189 774 1223 nostras
793 1190 835 1224 de
850 1190 1011 1237 Reynsru
1030 1197 1064 1225 et
1083 1192 1125 1225 de
1147 1192 1250 1239 Kyle,
1271 1205 1349 1226 cum
1368 1193 1528 1229 libertate
1546 1195 1654 1229 libere

179 1246 333 1285 barouie,
354 1244 478 1290 absque
497 1245 743 1285 retinemento,
759 1245 900 1291 pacifice
918 1244 1146 1292 poflidendas.
1200 1247 1350 1282 Eosdem
1369 1251 1473 1283 etiam
1491 1251 1585 1284 viros
1603 1263 1654 1285 re-

178 1301 328 1347 lig-iosos,
349 1314 391 1335 ex
408 1301 519 1347 gratie
537 1300 650 1335 nostre
669 1301 836 1335 ferventis
854 1301 1102 1343 habundantia,
1123 1303 1165 1337 ab
1185 1304 1346 1338 omnibus
1364 1304 1510 1339 servitiis
1527 1306 1655 1341 secula-

179 1357 284 1397 ribus,
305 1357 451 1396 auxiliis,
480 1356 699 1396 exercitibus,
729 1357 956 1403 captionibus,
976 1358 1260 1405 impofitionibus,
1288 1359 1388 1394 sec‘tis
1418 1362 1524 1401 curie,
1557 1375 1655 1397 exac-

179 1413 342 1452 tionibus,
372 1412 679 1446 coniuetudinibus
708 1425 748 1446 ac
766 1412 945 1446 demandis
963 1413 1223 1460 quibuscunque
1253 1416 1454 1456 exemimus,
1488 1418 1652 1458 eruimus,

179 1469 376 1503 liberamus.
430 1468 474 1502 Iu
493 1468 591 1515 cujus
609 1468 659 1502 rei
678 1467 913 1502 testimonium
940 1468 1088 1515 figillum
1117 1470 1271 1505 nostrum
1301 1471 1516 1518 presentibus
1535 1473 1581 1507 est
1597 1487 1654 1520 ap-

179 1524 322 1572 pensum
341 1524 433 1572 apud
453 1524 571 1571 Cluny
589 1522 752 1570 vigesimo
771 1525 826 1558 die
845 1523 967 1558 meniis
985 1524 1071 1560 Julii
1090 1538 1183 1560 anuo
1213 1526 1361 1561 Domini
1390 1527 1568 1562 millefimo
1587 1535 1654 1564 tre-

179 1580 363 1616 centefimo
378 1578 585 1626 sexagesimo
603 1580 728 1626 primO.
765 1579 924 1614 Testibus
942 1580 965 1615 J
968 1581 1105 1615 ohanne
1125 1581 1321 1616 Senescallo
1341 1583 1483 1617 domino
1503 1584 1545 1618 de
1562 1584 1653 1631 Kyle

179 1637 412 1683 primogenito
431 1635 558 1675 nostro,
580 1635 737 1669 WValtero
758 1634 954 1670 senescallo
970 1637 1099 1671 (1ἰ19ἇὶο
1118 1638 1191 1671 filio
1210 1638 1325 1672 nostro
1341 1639 1484 1674 domino
1500 1641 1542 1675 de
1555 1641 1651 1688 Fyef,

178 1692 341 1727 Johanne
360 1692 402 1725 de
424 1689 519 1731 Rofl‘,
549 1691 726 1737 Stephano
746 1691 788 1725 de
818 1690 914 1731 Roff,
944 1692 1109 1727 lVilelmo
1138 1694 1180 1727 de
1210 1693 1393 1741 Lindemy,
1421 1696 1584 1731 Johanne
1611 1698 1654 1732 de

180 1748 362 1795 Balkaiky,
383 1754 418 1783 et
436 1748 554 1782 multis
572 1748 657 1782 aliis.
711 1748 827 1789 Quam
839 1749 980 1794 quidem
999 1755 1126 1783 cartam
1147 1755 1181 1783 et
1200 1751 1317 1784 onmia
1334 1751 1369 1784 iu
1388 1751 1457 1798 ipsa
1475 1758 1651 1794 contenta,

178 1806 215 1839 in
234 1805 394 1838 omnibus
411 1805 552 1851 punffiffis
569 1804 636 1838 suis
655 1810 688 1838 et
707 1804 871 1844 articulis,
899 1805 1022 1844 modis,
1051 1805 1310 1839 conditionibus
1328 1812 1362 1840 et
1393 1808 1654 1844 circumstantiis

179 1859 450 1907 quibuscunque,
478 1860 590 1894 forma
608 1861 736 1907 pariter
755 1866 790 1893 et
811 1860 949 1899 effetffi„
977 1861 1013 1893 in
1032 1860 1192 1894 omnibus
1220 1867 1254 1895 et
1283 1874 1345 1908 per
1364 1864 1491 1904 omnia,
1511 1877 1575 1911 pro
1594 1878 1654 1900 no-

179 1918 229 1951 bis
248 1922 282 1951 et
300 1916 486 1950 heredibus
503 1916 638 1956 nostris,
666 1916 908 1962 approbamus,
938 1915 1147 1950 ratificamus
1166 1922 1200 1950 et
1219 1917 1282 1951 hac
1299 1918 1448 1964 presenti
1468 1926 1562 1953 carta
1580 1921 1654 1955 nos-

179 1979 234 2007 tra
250 1973 509 2019 imperpetuum
528 1972 678 2006 valitura
696 1972 964 2005 confirmamus:
1006 1971 1183 2005 Faciendo
1201 1972 1282 2006 inde
1301 1973 1400 2007 nobis
1419 1980 1453 2008 et
1471 1975 1655 2010 heredibus

180 2027 301 2062 nostris
320 2028 405 2061 dieti
422 2026 571 2073 religiofi
589 2033 623 2061 et
641 2040 763 2061 eorum
782 2025 987 2061 iiicceffores
1005 2027 1262 2073 imperpetuum
1283 2029 1481 2062 orationum
1508 2029 1655 2077 sufragia

180 2089 315 2118 tantum
334 2095 398 2129 pro
417 2083 512 2116 omni
531 2083 598 2117 alio
617 2082 755 2117 servitio
775 2083 931 2117 seculari.
984 2082 1028 2115 In
1056 2081 1154 2127 cujus
1186 2083 1235 2116 rei
1254 2082 1487 2118 testimonium
1505 2085 1656 2131 presenti

180 2145 274 2174 carte
292 2137 405 2172 nostre
423 2138 696 2172 confirmationis
714 2138 867 2172 nostrum
886 2137 1104 2184 precepimus
1131 2138 1258 2183 apponi
1284 2137 1442 2183 figillum.
1496 2140 1529 2174 T
1531 2141 1654 2176 estibus

180 2193 436 2229 venerabilibus
453 2193 490 2226 in
508 2193 644 2227 Christo
662 2194 818 2240 patribus
837 2193 994 2227 KValtero
1014 2198 1048 2226 et
1068 2191 1215 2225 Matheo
1232 2192 1483 2230 Sanctiandree
1502 2202 1536 2230 et
1554 2196 1653 2232 Glas-

180 2249 314 2296 guenlis
332 2247 549 2283 ecclesiarum
568 2248 743 2295 episcopis,
765 2248 925 2282 Roberto
944 2248 1070 2282 comite
1090 2247 1132 2280 de
1152 2247 1221 2281 Fiff
1247 2254 1281 2282 et
1300 2248 1342 2282 de
1362 2249 1528 2286 Menteth
1544 2252 1652 2288 fratre

180 2305 295 2341 nostro
315 2302 493 2344 carissimo,
522 2303 746 2339 Archebaldo
765 2303 953 2352 comitqde
973 2301 1133 2348 Douglas
1152 2302 1294 2338 domino
1314 2303 1500 2349 Galwidie‚
1533 2308 1652 2356 magis-
