1839 2652
172 271 242 303 182
572 263 888 300 REGISTRUM
916 263 1255 300 MONASTERII

171 365 208 399 in
225 362 380 410 quolibet
398 361 557 401 articulo,
570 366 640 395 tam
658 373 721 408 per
740 366 850 394 terras
867 360 999 394 nostras
1018 360 1061 394 de
1080 359 1248 394 Levenax
1265 372 1368 406 quam
1386 372 1449 407 per
1466 361 1549 396 alias
1567 374 1652 408 quas

172 421 210 455 in
227 432 337 465 regno
355 418 415 452 suo
434 430 498 451 nos
516 416 644 451 habere
662 417 855 462 contingat,
884 428 950 450 nec
975 428 1049 450 non
1077 422 1112 450 et
1138 429 1202 463 per
1228 417 1345 450 omnia
1370 415 1463 450 bona
1487 417 1604 452 nostra
1620 423 1655 452 et

171 475 231 510 sua
247 474 397 514 mobilia,
418 473 529 506 modis
548 472 710 506 omnibus
727 477 834 519 prout
851 470 1007 518 superius
1022 472 1055 506 in
1071 472 1137 506 hoc
1156 471 1281 519 scripto
1296 473 1432 519 plenius
1447 473 1482 506 in
1497 473 1653 519 quolibet

173 530 320 565 articulo
339 530 552 569 continetur,
573 529 734 575 quotiens
752 526 885 563 neceffe
903 528 1020 563 fuerit.
1074 528 1121 563 Et
1139 529 1180 563 ad
1200 529 1265 563 hec
1282 529 1319 563 in
1337 528 1493 575 quolibet
1507 529 1655 564 articulo

173 586 323 621 fideliter
341 585 564 625 observanda,
599 597 664 618 nos
683 590 717 619 et
735 584 880 631 quilibet
898 584 1053 620 nostrum
1071 598 1136 632 pro
1155 585 1255 619 nobis
1275 590 1310 619 et
1327 584 1483 631 quolibet
1501 584 1656 620 nostrum

174 656 213 677 ac
231 642 416 678 heredibus
434 641 556 676 nostris
575 647 609 676 et
627 641 782 687 quolibet
801 639 964 688 ipsorum,
996 641 1039 675 ad
1059 640 1178 677 saneta
1197 640 1267 675 Dei
1296 640 1488 687 evangelia,
1520 640 1658 688 sponta-

173 714 240 736 nea
256 700 440 735 voluntate
469 705 504 734 et
532 698 602 734 fine
621 699 736 745 aliqua
762 699 982 738 cohercione,
1015 710 1132 731 coram
1160 697 1351 732 venerabili
1382 703 1482 744 patre
1513 697 1658 732 domino

176 757 335 791 Roberto
354 756 424 791 Dei
442 756 554 802 gratia
572 754 787 801 Glasgwenfi
805 755 975 802 episcopo,
996 752 1210 788 sacramenta
1226 753 1434 801 prestitimus
1451 753 1658 801 corporalia.

175 812 222 846 Et
239 812 486 847 nichilominus
503 811 743 859 supposuimus
762 817 796 846 et
814 811 1039 858 supponimus
1057 816 1092 844 et
1110 810 1300 856 quemlibet
1318 810 1472 844 nostrum
1501 816 1536 844 et
1560 810 1660 844 here-

176 869 235 903 des
253 868 386 903 nostros
405 874 439 902 et
456 868 646 914 quemlibet
665 867 815 914 ipsorum
842 867 1101 914 imperpetuum
1126 866 1363 913 jurisdi6fioni
1395 873 1429 901 et
1458 867 1658 901 cohercioni

178 925 310 958 domini
329 922 489 971 Episcopi
509 922 741 969 Glaligwenfis
758 924 816 969 qui
831 936 894 970 pro
910 930 1068 970 tempore
1082 923 1198 963 fuerit,
1221 923 1357 957 Decani
1370 929 1405 957 et
1419 923 1560 970 capituli
1574 922 1660 970 ejus·

179 981 258 1015 dem
275 979 299 1014 fi
316 979 411 1014 sedes
429 980 615 1019 vacaverit,
645 985 679 1013 et
707 979 855 1013 Abbatis
886 980 928 1014 de
956 978 1113 1019 Paffelet,
1143 986 1183 1013 ut
1213 992 1344 1019 omnes,
1378 979 1460 1019 duo,
1493 979 1548 1013 vel
1566 991 1658 1013 unus

179 1048 311 1076 eorum,
331 1035 549 1082 conjumffim
568 1041 603 1069 et
623 1034 763 1075 divifim,
792 1036 909 1070 habita
926 1035 1111 1070 summaria
1128 1036 1340 1081 cognitione,
1371 1048 1413 1069 ex
1439 1033 1510 1069 sola
1527 1034 1659 1082 inspec-

177 1092 273 1126 tione
292 1091 394 1138 hujus
413 1091 642 1131 instrumenti,
663 1090 730 1126 fine
750 1091 816 1125 alia
834 1090 932 1126 cause
951 1092 1164 1137 cognitione,
1191 1090 1317 1139 poflint
1335 1092 1391 1126 vel
1417 1090 1517 1138 poffit
1535 1104 1598 1126 nos
1625 1098 1660 1126 et

178 1147 367 1193 quemlibet
384 1147 539 1181 nostrum
556 1160 596 1181 ac
614 1147 759 1181 heredes
776 1147 910 1182 nostros
929 1153 963 1182 et
981 1148 1171 1193 quemlibet
1185 1147 1349 1194 ipsorum,
1369 1148 1428 1193 qui
1446 1153 1570 1182 contra
1582 1160 1660 1195 pre-

179 1201 274 1237 mifl'a
290 1203 406 1248 aliquo
424 1203 530 1236 modo
549 1203 738 1237 reclamare
757 1203 813 1237 vel
832 1216 872 1237 ea
889 1204 1066 1237 infirmare
1084 1202 1338 1250 presumpserit,
1371 1203 1513 1250 propria
1538 1204 1660 1238 3116ὶο-

180 1259 281 1293 ritate
299 1259 461 1304 quotiens
479 1256 611 1293 necesse
641 1259 746 1293 fuerit
775 1259 1088 1299 excommunicare,
1122 1265 1156 1293 et
1173 1259 1307 1293 tamdiu
1327 1259 1659 1299 excommunicatos,

181 1314 395 1361 conjumffim
415 1320 449 1348 et
469 1313 610 1354 divifim,
632 1320 703 1348 tam
721 1315 758 1348 in
776 1315 907 1362 capella
926 1315 1058 1349 domini
1080 1315 1188 1361 Regis
1208 1315 1323 1349 Scotie
1341 1328 1445 1361 quam
1464 1327 1527 1362 per
1544 1320 1659 1350 totum

180 1382 340 1416 regnum,
360 1370 583 1410 denunciare,
604 1376 638 1404 et
656 1376 766 1404 terras
784 1370 914 1405 nostras
933 1371 1131 1417 ubicunque
1144 1371 1285 1411 fuerint,
1305 1371 1461 1417 generali
1476 1376 1510 1405 et
1524 1370 1661 1418 speciali

180 1426 370 1460 interdicffo
397 1425 602 1472 supponere,
623 1426 789 1473 predicUs
807 1426 977 1461 sententia
996 1433 1030 1461 et
1048 1427 1248 1468 interdkstn,
1268 1427 1399 1461 nullius
1415 1426 1572 1474 persone,
1592 1428 1661 1475 pri-

181 1482 308 1528 vilegii,
328 1481 535 1521 litterarum,
563 1482 674 1528 gratie
701 1482 757 1516 seu
779 1482 998 1529 indulgentie
1017 1483 1227 1517 auctoritate
1245 1483 1454 1523 relaxandis,
1481 1483 1660 1530 quousque

181 1538 348 1584 predififis
367 1537 496 1572 Abbati
528 1544 562 1572 ct
592 1539 782 1573 conventui
808 1551 872 1585 pro
900 1539 1057 1586 dampnis
1076 1538 1142 1573 suis
1172 1545 1206 1573 et
1235 1538 1389 1586 expenlis
1406 1540 1598 1586 prenotatis
1617 1539 1661 1574 de

182 1593 341 1640 predifiba
357 1592 490 1627 summa
506 1594 666 1640 pecunie,
694 1594 738 1628 ad
756 1607 858 1640 (piam
877 1594 1077 1629 solvendam
1097 1601 1270 1636 tenemur,
1299 1608 1343 1629 ex
1369 1595 1485 1629 debito
1503 1596 1608 1643 plene
1626 1602 1661 1630 et

183 1650 319 1695 integre
347 1648 608 1683 satisfecerimus
638 1649 793 1684 totaliter
809 1664 818 1692 3
848 1656 883 1684 et
914 1651 1026 1685 donec
1055 1651 1216 1698 predksto
1247 1651 1390 1685 domino
1422 1650 1594 1698 Episcopo
1625 1658 1660 1687 et

184 1704 336 1752 capitulo
355 1704 570 1751 Glasgwenfi
588 1706 756 1740 ducentas
773 1719 906 1740 marcas
936 1707 1039 1753 plene
1069 1706 1347 1753 persolverimus,
1380 1707 1417 1741 in
1447 1707 1571 1753 quibus
1601 1708 1661 1742 eis-

185 1761 263 1796 dem
281 1761 491 1795 confitemur
509 1762 620 1796 teneri
638 1768 783 1809 propter
800 1761 1100 1808 transgressionem
1119 1762 1224 1797 nostri
1248 1763 1441 1810 juramenti
1472 1769 1507 1798 et
1533 1762 1661 1811 subjec-

184 1819 311 1860 tionis3
340 1824 375 1852 et
393 1818 505 1852 donec
522 1818 586 1859 liti,
605 1818 629 1852 fi
646 1832 749 1865 quam
769 1819 811 1854 de
829 1825 946 1854 cetero
965 1832 1028 1854 nos
1040 1819 1095 1854 vel
1114 1819 1262 1865 aliquem
1276 1819 1431 1854 nostrum
1444 1819 1502 1854 seu
1516 1820 1662 1855 heredes

186 1876 320 1910 nostros
338 1876 394 1910 vel
412 1875 576 1922 ipsorum,
596 1876 652 1910 vel
670 1877 821 1922 aliquem
839 1876 981 1910 nomine
996 1875 1111 1909 nostro
1123 1875 1179 1909 vel
1197 1875 1519 1923 alicujusnostrum,
1539 1882 1662 1911 contra

185 1933 362 1979 predifflms
391 1932 566 1967 Abbatem
595 1938 629 1967 et
659 1938 873 1967 conventum
892 1945 1033 1966 movere
1062 1932 1253 1977 contingat,
1282 1930 1384 1978 super
1413 1930 1580 1979 premiffis
1603 1933 1661 1968 vel

186 1989 302 2035 aliquo
320 1987 573 2035 premissorum,
601 1989 920 2023 renunciaverimus
938 1987 1118 2030 totaliter;
1146 1987 1297 2034 presenti
1322 1986 1449 2034 scripto
1467 1988 1661 2023 nichilomi-

186 2058 252 2080 nus
270 2051 399 2079 extunc
424 2045 461 2079 in
490 2044 550 2079 suo
569 2045 695 2080 robore
712 2050 952 2092 permanente.
1005 2043 1152 2091 Insuper
1171 2044 1453 2078 renunciavimus
1475 2057 1516 2079 ac
1532 2057 1662 2080 renun-

187 2103 316 2136 ciamus
334 2113 397 2134 nos
415 2106 450 2135 et
467 2101 611 2147 quilibet
629 2101 796 2141 nostrum,
821 2114 884 2148 pro
903 2100 1003 2134 nobis
1021 2106 1054 2134 et
1073 2099 1228 2145 quolibet
1246 2099 1400 2134 nostrum
1418 2113 1458 2134 ac
1476 2100 1662 2136 heredibus

186 2157 309 2191 nostris
327 2163 361 2191 et
380 2156 536 2202 quolibet
554 2155 717 2203 ipsorum,
738 2155 892 2204 expresse
910 2157 946 2190 in
964 2156 1030 2190 hoc
1048 2156 1141 2190 facto
1160 2156 1430 2203 imperpetuum,
1462 2169 1531 2202 quo
1549 2157 1594 2191 ad
1610 2157 1662 2192 in-

188 2213 397 2248 firmandum
415 2210 574 2259 premifl'a
592 2213 648 2247 vel
666 2213 808 2259 aliquod
824 2210 1077 2260 premissorum,
1107 2212 1317 2246 omnimodis
1333 2212 1468 2259 placitis
1486 2218 1520 2247 et
1538 2213 1662 2248 litteris

188 2276 258 2303 tam
276 2281 296 2302 a
314 2268 456 2302 domino
478 2269 576 2315 Rege
596 2269 711 2304 Scotie
728 2281 832 2315 quam
850 2281 870 2302 a
886 2281 1095 2315 quocunque
1113 2268 1181 2302 alio
1199 2268 1278 2303 1000
1297 2274 1331 2303 et
1348 2268 1426 2303 foro
1440 2267 1661 2303 ecclesiastico

189 2325 245 2359 vel
256 2323 397 2359 seculari
412 2325 603 2371 impetratis
619 2324 677 2360 seu
692 2325 928 2372 impetrandis,
949 2330 983 2360 et
1001 2324 1161 2359 omnibus
1172 2324 1322 2372 juribuS‚
1342 2323 1660 2367 consuetudinibus,
