1839 2652
727 269 798 304 DE
827 269 1096 305 PASSELET.
1585 276 1657 307 Q03
1684 279 1685 282 ’

170 372 316 413 quentes
333 366 369 400 in
388 366 484 401 dic‘to
502 366 579 401 foro
597 365 708 401 vetito
726 366 881 408 seculari,
910 367 1004 413 quod
1022 380 1042 401 a
1060 366 1304 414 prosecutione
1325 365 1505 402 causarum
1523 368 1657 415 predic-

170 428 285 457 tarum
304 421 432 458 ceffent
451 423 607 464 omnino,
629 422 757 458 deficut
774 436 839 458 nos
856 424 995 465 fuimus,
1025 423 1142 458 sumus
1161 429 1195 458 et
1214 425 1343 459 erimus
1360 425 1483 472 parati,
1512 425 1555 459 de
1581 438 1659 472 pre-

171 479 272 514 dietis
290 478 455 526 religiosis
483 484 518 514 et
549 492 672 514 eorum
702 481 804 514 terris
835 479 1075 521 clemosinatis,
1107 481 1248 516 cuilibet
1278 483 1508 528 conquerenti
1526 482 1562 515 in
1580 481 1658 516 foro

170 535 393 572 ecclefiastico
418 536 549 584 justitie
580 536 693 571 facere
724 537 1033 584 complementum.
1087 537 1196 578 Quod
1222 536 1245 572 fi
1263 538 1515 573 monitionibus
1540 537 1660 573 vestris

170 592 341 639 legittime
358 593 459 627 factis
477 598 512 627 et
529 593 661 627 iteratis
680 592 757 640 sepe
776 599 811 628 et
829 592 940 640 sepius
959 606 1030 627 non
1049 594 1231 640 paruerint
1243 595 1280 628 in
1294 594 1358 629 hac
1372 601 1481 641 parte,
1496 600 1566 629 tam
1578 607 1658 642 pro-

170 648 351 695 sequentes
368 661 472 695 quam
491 649 623 683 curiam
641 655 802 684 tenentes
820 649 923 696 super
949 648 1076 683 eisdem
1094 650 1197 684 terris
1225 650 1465 692 elemofinatis,
1495 664 1583 698 quos
1601 663 1658 685 ex-

170 718 266 740 nunc
284 711 324 739 ut
342 710 482 745 extunc,
511 705 607 752 prius
625 711 743 740 tamen
761 719 824 753 per
842 719 904 740 vos
922 705 1092 752 legittime
1118 707 1326 742 nominatim
1347 708 1510 748 monitos,
1539 708 1575 742 in
1594 708 1659 742 hiis

170 760 302 808 scriptis
320 761 674 802 excommunicamus,
694 774 733 796 ac
752 774 874 796 eorum
893 767 1003 796 terras
1021 768 1056 797 et
1074 763 1223 810 capellas
1241 764 1492 805 interdicimus,
1520 778 1541 799 a
1557 764 1658 799 nobis

171 817 215 852 fic
233 818 564 858 excommunicatos,
581 818 616 851 in
635 818 739 865 plena
753 818 859 859 curia,
874 818 908 852 in
922 818 1007 852 albis
1021 819 1233 854 vestimentis
1247 819 1517 855 sacerdotalibus
1531 821 1656 861 induti,

171 874 195 908 fi
212 874 367 908 videritis
395 874 571 921 expedire,
603 875 697 920 quod
727 887 790 922 per
820 887 942 909 omnes
973 874 1129 909 eeclefias
1155 876 1344 911 decanatus
1363 877 1405 912 de
1425 877 1593 912 Levenax
1619 890 1658 911 ac

172 930 473 965 archidiaconatus
492 928 734 976 Glasgwenfis,
755 930 947 977 specialiter
966 930 1106 977 lingulis
1126 932 1247 966 diebus
1266 933 1448 968 dominicis
1467 940 1502 968 et
1520 933 1657 972 festivis,

171 986 325 1021 candelis
342 985 500 1026 accenfis,
520 987 696 1033 campanis
713 987 867 1034 pulsatis,
887 986 962 1034 post
980 986 1155 1022 miffarum
1174 988 1361 1030 offertoria,
1390 990 1527 1037 publice
1546 995 1581 1024 et
1598 1002 1661 1023 no-

172 1044 330 1079 minatim
350 1044 568 1078 denuncietis
594 1049 629 1078 et
656 1044 861 1079 denunciari
879 1045 1021 1085 faciatis,
1053 1045 1090 1078 in
1120 1045 1281 1079 omnibus
1300 1046 1405 1080 curiis
1435 1052 1470 1081 et
1488 1051 1598 1086 extra,
1618 1045 1660 1079 lic

174 1100 381 1135 interdictos
401 1100 724 1135 excommunicatos
742 1114 762 1135 a
780 1100 907 1136 Christi
924 1100 1086 1135 fidelibus
1104 1102 1226 1135 evitari
1245 1102 1387 1143 faciatis,
1408 1115 1531 1137 eorum
1550 1108 1660 1136 terras

173 1162 208 1192 et
225 1157 374 1204 capellas
392 1162 431 1190 ut
449 1156 546 1203 prius
563 1155 701 1203 speciali
718 1157 909 1192 interdi&o
936 1156 1193 1205 subponentes3
1225 1158 1417 1194 Monentes
1443 1159 1583 1206 insuper
1599 1171 1662 1192 no-

173 1213 331 1248 minatim
350 1213 511 1247 dominos
530 1212 721 1248 Patricium
741 1214 784 1248 de
803 1213 973 1254 Graham,
1003 1214 1218 1248 Duncamnn
1238 1215 1347 1249 filium
1369 1216 1556 1263 Ameledy,
1587 1215 1662 1250 Do—

172 1269 361 1304 venaldum
375 1268 545 1309 CambelL
568 1269 771 1304 W'ilelmum
785 1270 936 1310 Olifard,
956 1270 1094 1311 milites,
1110 1270 1310 1306 Arthurum
1325 1272 1458 1306 dictum
1472 1272 1658 1311 Galbrath,

175 1325 408 1360 Malcolmum
429 1326 471 1360 de
490 1325 732 1368 Drummund,
763 1326 938 1361 Thomam
959 1327 1001 1361 de
1021 1326 1238 1369 Crumenan,
1270 1328 1470 1364 Johannem
1501 1330 1544 1364 de
1564 1328 1658 1369 Lufl',

174 1382 415 1417 Humfredum
445 1382 488 1416 de
520 1382 689 1430 Kylmon,
726 1383 922 1430 Alwynum
952 1383 1064 1418 filium
1096 1384 1228 1420 domini
1262 1385 1449 1433 Ameledy,
1488 1386 1660 1421 Morthan

174 1439 259 1474 Mac
281 1439 388 1480 Korc,
422 1438 580 1474 Malmor
600 1440 717 1487 Hoge,
750 1439 965 1475 Mauricium
997 1442 1040 1476 de
1070 1442 1273 1490 Ardcapell,
1306 1444 1506 1479 Johannem
1526 1444 1658 1492 Naper,

176 1496 378 1543 Eugenium
400 1495 511 1529 filium
533 1495 717 1531 Michaelis
736 1495 853 1537 Groffl
884 1497 1142 1533 Maldovenum
1163 1499 1374 1547 MacHudy,
1408 1501 1660 1536 Dovenaldum

175 1552 414 1593 MacAnecol,
446 1551 638 1587 Betherum
657 1553 800 1587 fratrem
820 1553 974 1601 ejusdem
993 1554 1208 1596 Dovenaldi,
1238 1556 1380 1591 Gilcrist
1399 1556 1658 1599 MacMolbrid‚

176 1610 376 1657 Eugenium
394 1608 505 1643 filium
525 1608 703 1649 Duncani,
729 1609 925 1656 Rogerium
945 1611 987 1646 de
1010 1610 1137 1647 Monte
1155 1612 1239 1654 alto,
1267 1613 1469 1649 Johannem
1491 1614 1659 1651 MacGil-

173 1667 330 1706 mothan,
351 1665 569 1712 Dunbeger’,
592 1665 779 1700 Gilismum
796 1666 1046 1709 MacNalbain,
1068 1668 1256 1704 Gilismum
1273 1670 1454 1718 Ruphum,
1484 1671 1660 1708 Thomam

175 1724 218 1758 de
239 1722 401 1769 Kantyir,
422 1727 457 1757 et
475 1722 694 1757 Gilcolmum
712 1723 823 1757 filium
844 1723 1046 1761 Dovenaldi
1067 1726 1238 1768 Macbref,
1271 1729 1365 1774 quod
1384 1742 1463 1764 cum
1484 1730 1586 1765 dietis
1604 1744 1661 1766 ex-

175 1779 440 1815 communicatis
456 1779 510 1814 vel
531 1792 654 1814 eorum
672 1781 800 1827 aliquo,
821 1781 857 1815 in
876 1783 973 1816 curia
990 1783 1046 1817 vel
1066 1789 1175 1824 extra,
1196 1797 1273 1832 ope,
1293 1785 1413 1820 favore
1432 1786 1488 1820 vel
1506 1786 1658 1829 confilio,

175 1836 263 1877 cibo,
283 1841 381 1883 potu,
401 1836 519 1876 furno,
538 1836 754 1877 molendino,
775 1838 936 1878 emend0‚
956 1839 1155 1880 vendendo,
1180 1839 1237 1875 seu
1256 1842 1379 1887 quovis
1398 1842 1466 1877 alio
1486 1844 1603 1885 modo,
1625 1845 1661 1879 in

176 1892 305 1928 cafibus
317 1891 426 1938 ajure
439 1904 510 1925 non
525 1891 702 1938 permiffiS,
719 1894 979 1929 communicare
991 1897 1108 1942 [non]
1123 1896 1324 1943 presumant
1340 1912 1349 1940 3
1371 1903 1405 1932 et
1420 1899 1524 1933 etiam
1539 1913 1661 1935 omnes

176 1949 344 1986 rectores,
376 1948 534 1988 vicarios,
566 1947 773 1995 presbiteros
791 1950 1007 1996 parochiales
1026 1951 1214 1987 decanatus
1233 1953 1276 1988 de
1296 1953 1474 1995 Levenax,
1504 1961 1539 1989 et
1557 1957 1661 1990 etiam

176 2004 477 2039 archidiocanatus
495 2003 737 2050 Glalgwenfis,
769 2005 830 2040 sub
848 2019 939 2053 pena
956 2009 1328 2043 excommunicationis
1347 2010 1487 2057 majoris
1506 2024 1549 2045 ex
1567 2025 1662 2047 nunc

177 2061 246 2094 late
265 2060 300 2093 in
318 2059 481 2107 personas
500 2061 705 2101 eorundem,
737 2063 832 2107 quod
858 2063 977 2097 nullus
995 2064 1121 2098 audeat
1140 2064 1198 2099 seu
1217 2065 1392 2111 presumat
1411 2067 1530 2100 divina
1548 2068 1662 2103 officia

178 2116 353 2151 celebrare
371 2116 408 2149 in
426 2116 597 2162 aliquibus
616 2117 762 2151 ecclefiis
779 2118 837 2153 seu
857 2119 997 2166 capellis
1025 2120 1191 2164 quamdiu
1210 2120 1294 2154 dicti
1314 2122 1606 2157 excommunicati
1625 2124 1661 2157 in

178 2172 305 2207 eisdem
324 2172 516 2212 extiterint,
535 2173 689 2220 exceptis
706 2173 887 2220 presentiis
902 2175 1128 2209 morientium
1147 2181 1182 2210 et
1199 2176 1403 2224 baptismate
1418 2179 1659 2225 parvulorum,

176 2228 238 2263 nifi
256 2226 414 2262 submiffa
431 2240 517 2262 voce
535 2233 685 2269 tantum,
711 2229 830 2276 januis
848 2230 978 2271 clausis,
1008 2233 1317 2267 excommunicatis
1336 2239 1370 2268 et
1388 2234 1586 2269 interdictis
1604 2249 1661 2271 ex-

178 2283 299 2327 clufis;
329 2297 450 2318 omnes
468 2285 571 2319 etiam
591 2290 722 2319 extunc
749 2299 828 2320 culn
857 2286 982 2321 eisdem
1013 2289 1323 2323 excommunicatis
1340 2289 1488 2325 scienter
1506 2304 1662 2328 commu-

178 2342 346 2381 nicantes,
366 2339 521 2388 personis
539 2341 672 2376 domini
693 2341 801 2388 Regis
820 2348 854 2378 et
871 2343 933 2377 filii
951 2342 1001 2377 sui
1020 2349 1054 2378 et
1072 2344 1147 2378 aliis
1165 2357 1184 2379 a
1204 2344 1287 2392 jure
1305 2346 1472 2394 permiffis
1491 2348 1661 2386 duntaxat

1669 255 1693 275 ἐς
