1870 2683
750 259 821 295 DE
850 260 1119 296 PASSELET.
1605 265 1675 303 337

192 355 347 402 prefatus
366 355 529 391 dominus
548 357 687 392 Alanus
704 358 948 404 procuratorio
978 358 1122 393 nomine
1153 370 1222 404 quo
1253 357 1356 406 supra
1382 358 1484 406 petiit
1509 358 1676 394 instanter

190 411 361 458 apostolos
390 411 449 447 fibi
480 413 553 447 dari
572 413 628 448 vel
658 414 848 448 terminum
868 419 1002 449 certum
1030 412 1088 448 fibi
1119 412 1278 461 affignari
1305 427 1369 462 pro
1397 414 1559 462 apostolis
1588 415 1674 450 reci-

189 468 324 514 piendis
341 483 350 512 ;
379 470 436 504 cui
453 470 608 517 prefatus
627 470 789 504 dominus
809 470 985 504 lValterus
1003 470 1192 505 terminum
1218 470 1309 518 juris
1339 476 1476 505 tantum
1495 469 1674 518 aflignavit

189 525 282 572 apud
310 525 485 562 ecclesiam
516 526 751 561 cathedralem
795 526 1046 573 Glasguensem
1089 527 1133 561 ad
1170 527 1410 574 recipiendum
1440 527 1612 574 apostolos
1638 527 1673 561 in

189 581 386 628 liujufinodi
405 581 506 617 causa
523 581 739 617 neceffarios.
793 583 840 617 Et
857 582 958 630 super
976 581 1143 630 premiffis
1160 583 1260 631 petiit
1275 584 1389 618 dictus
1408 584 1570 618 dominus
1589 583 1673 618 Ala-

190 650 254 672 nus
272 650 334 685 per
354 651 409 672 me
427 638 604 673 notarium
623 638 850 686 subscriptum
869 637 927 672 fibi
954 639 1029 673 fieri
1047 639 1226 686 publicum
1245 638 1526 674 instrumentum.
1578 640 1674 675 Acta

188 694 267 727 sunt
285 694 348 729 hec
366 695 403 728 in
422 694 594 728 cimiterio
613 693 752 729 ecclesie
770 693 996 741 parrochialis
1023 693 1065 728 de
1094 693 1278 740 Ruthglen
1297 694 1363 735 die,
1392 694 1507 729 mense
1526 700 1561 729 et
1578 707 1672 729 anno

188 749 406 796 liipradictis„
435 749 652 796 presentibus
682 749 791 784 nobili
820 750 895 784 viro
926 749 1090 785 Johanne
1122 750 1164 784 de
1197 749 1438 798 Mungombry
1467 751 1610 786 domino
1629 751 1672 786 de

189 805 386 852 Eglyssiam,
416 805 583 840 VVilelmo
615 807 657 841 de
691 806 874 841 Cliessielm
905 806 1078 840 monacho
1109 805 1306 840 monasterii
1337 807 1498 853 predicti,
1527 807 1670 842 domino

187 861 327 896 Thoma
345 862 387 897 de
410 862 584 909 Arthurly
602 863 741 897 rectore
756 861 896 897 ecclesie
915 862 957 896 de
978 861 1166 908 Eglissiam,
1187 862 1330 896 domino
1351 862 1469 896 Alano
1488 863 1530 897 de
1551 862 1670 898 Home

186 918 316 952 vicario
334 919 493 966 predicte
512 917 651 954 ecclesie
670 919 713 953 de
734 919 928 965 Ruthglen,
961 924 996 952 et
1015 918 1158 952 domino
1178 918 1318 952 Tlioma
1336 919 1378 952 de
1398 918 1541 965 Lithgw
1559 920 1671 967 capel-

186 974 278 1016 lano,
307 987 386 1009 cum
405 975 524 1009 multis
543 975 618 1009 aliis
636 975 776 1009 testibus
794 975 837 1009 ad
856 972 1017 1023 premiffa
1034 974 1166 1008 vocatis
1185 980 1220 1008 et
1237 973 1430 1021 specialiter
1448 974 1627 1021 requisitis.

281 1030 328 1065 Et
347 1044 413 1078 ego
433 1031 554 1066 Dauid
585 1032 628 1066 de
659 1031 846 1079 Streuelyn
873 1031 1019 1066 clericus
1049 1031 1301 1066 Sanctiandree
1332 1030 1483 1072 diocefis,
1511 1031 1670 1079 publicus

278 1087 465 1135 apostolica
483 1093 518 1122 et
536 1088 707 1135 imperiali
725 1088 937 1122 auctoritate
955 1087 1124 1127 notarius,
1141 1087 1274 1134 prefate
1293 1088 1534 1135 appellationis
1552 1088 1668 1123 littere

278 1149 315 1178 et
332 1144 576 1185 notificationi,
606 1143 707 1191 ipfius
738 1144 918 1178 traditioni
938 1150 972 1178 et
990 1144 1183 1190 receptioni
1215 1157 1254 1178 ac
1273 1144 1434 1178 omnibus
1462 1144 1536 1178 aliis
1554 1144 1669 1192 supra-

279 1199 392 1240 dictis,
422 1200 505 1234 dum
524 1201 617 1234 inter
635 1200 788 1247 prefatos
819 1200 979 1234 dominos
1012 1200 1167 1234 Alanum
1200 1206 1235 1235 et
1264 1200 1460 1235 VValterum
1481 1201 1607 1235 fierent
1634 1207 1668 1235 et

277 1256 490 1297 dicerentur,
518 1269 671 1291 unacum
689 1257 942 1303 prenominatis
961 1256 1112 1298 testibus,
1145 1257 1286 1304 prefatis
1305 1257 1360 1291 die
1379 1263 1414 1292 et
1431 1257 1510 1292 loco
1528 1257 1667 1305 presens

276 1312 337 1354 fui,
358 1326 466 1359 eaque
486 1313 521 1346 in
536 1313 625 1347 lianc
643 1313 816 1359 publicam
836 1313 984 1348 formam
1003 1313 1134 1359 redegi,
1156 1319 1190 1348 et
1208 1313 1303 1359 ligno
1323 1327 1401 1348 meo
1420 1313 1587 1349 consueto
1606 1313 1666 1360 fig-

276 1368 368 1411 navi‚
398 1374 540 1416 rogatus
559 1374 593 1404 et
612 1367 802 1415 requifitUS,
823 1369 858 1403 in
876 1369 1109 1404 testimonium
1130 1370 1382 1417 predictorum.

181 1539 238 1573 De
257 1537 450 1574 visitatione
470 1539 667 1574 monasterii
686 1553 749 1587 per
769 1538 979 1587 Episcopum
1000 1539 1262 1587 Glasguensem.

180 1651 236 1685 IN
265 1652 358 1686 DEI
386 1651 602 1687 NOMINE
642 1653 774 1686 Amen.
828 1652 895 1687 Per
924 1652 990 1686 hoc
1020 1651 1160 1699 presens
1188 1652 1365 1700 publicum
1397 1654 1663 1690 instrumentum

178 1708 314 1742 cunctis
331 1713 449 1755 pateat
468 1708 650 1742 evidenter
677 1709 772 1754 quod
799 1721 892 1742 anno
911 1708 953 1742 ab
972 1709 1212 1743 incarnatione
1233 1708 1380 1743 Domini
1400 1715 1443 1744 ΜΟ
1462 1716 1569 1745 eccc⁰
1593 1711 1664 1745 viii⁰

177 1765 371 1799 indictione
389 1765 512 1811 prima,
528 1764 651 1799 mensis
672 1764 761 1799 Maii
780 1765 835 1799 die
855 1765 999 1805 decima,
1016 1765 1241 1812 pontificatus
1255 1764 1452 1800 sanffiffimi
1470 1768 1506 1801 in
1526 1766 1662 1802 Christo

177 1821 284 1867 patris
318 1834 358 1855 ac
393 1821 526 1854 domini
557 1821 663 1855 nostri
695 1822 827 1855 domini
859 1821 1044 1856 Benedicti
1080 1821 1199 1855 divina
1232 1823 1454 1869 providentia
1483 1836 1571 1870 pape
1604 1824 1663 1857 xiii

335 1876 395 1889 .....

177 1932 404 1979 personaliter
435 1932 641 1966 constitutus
671 1933 887 1967 reverendus
918 1934 954 1967 iii
986 1933 1124 1968 Christo
1160 1940 1260 1981 pater
1295 1936 1458 1971 dominus
1495 1937 1661 1972 Matheus'

177 1987 396 2036 permissione
417 1989 535 2022 divina
553 1989 734 2037 episcopus
761 1988 983 2036 Glasguenlis
1012 2003 1051 2023 ac
1080 1990 1263 2037 delegatus
1294 2005 1314 2026 a
1341 1993 1418 2027 sede
1447 1994 1662 2029 sacrosancta

176 2044 361 2092 apostolica
387 2045 427 2078 ail
456 2044 684 2080 visitationem
718 2051 961 2092 exemptorum
991 2046 1081 2080 infra
1109 2046 1267 2081 diocesim
1305 2048 1553 2095 Glalguenseni
1590 2050 1661 2098 spe-

177 2101 310 2135 cialiter
345 2101 542 2148 deputatu5‚
578 2100 816 2148 subdelegavit
850 2101 1002 2136 nobilem
1034 2103 1149 2137 virum
1175 2103 1356 2139 dominum
1393 2106 1581 2152 Symoneni
1617 2108 1660 2143 do

177 2156 413 2196 Mundavilhx,
443 2155 624 2203 utriusque
646 2156 737 2204 juris
764 2157 958 2199 doctorem,
992 2159 1275 2194 archidiaconum
1296 2160 1558 2208 Glasguensem,
1587 2164 1659 2199 fibi-

176 2226 243 2259 que
271 2210 439 2247 commifit
469 2212 672 2259 potestatem
691 2213 785 2247 suam
804 2213 996 2260 plenariam
1020 2220 1091 2248 tani
1119 2215 1330 2250 ordinariam
1349 2231 1451 2264 quani
1472 2219 1574 2254 etiam
1603 2221 1660 2255 de-

176 2269 325 2315 legatam
357 2269 401 2303 ad
431 2267 720 2315 cognoscendam,
753 2269 980 2304 decidendam
1012 2277 1046 2305 et
1080 2271 1230 2306 finaliter
1249 2274 1502 2309 terminandam
1524 2276 1659 2311 causam

177 2332 210 2359 et
245 2323 516 2360 controverfiam
552 2330 681 2359 motam
718 2325 809 2360 inter
842 2327 992 2361 eundem
1020 2329 1255 2363 reverendum
1288 2329 1334 2371 in,
1354 2330 1489 2366 Christo
1524 2339 1658 2379 patrem

856 2385 877 2415 ‘2
898 2395 920 2416 U
