1839 2652
180 289 249 321 288
581 282 896 319 REGISTRUM
925 281 1264 318 MONASTERII

182 381 432 428 parochialium
451 379 713 420 visitationibus,
742 391 883 413 necnon
909 379 944 413 in
970 379 1252 426 perceptionibus
1282 384 1352 413 tam
1386 391 1504 414 earum
1522 393 1589 426 que
1607 393 1658 415 ra-

183 437 279 471 tione
316 435 516 470 visitationis
546 436 705 482 predicte
734 435 907 469 debentur
937 447 1040 480 quam
1060 435 1207 469 aliarum
1236 435 1457 481 antiquarum
1486 441 1520 470 et
1548 436 1659 471 solita-

182 504 259 526 rum
279 491 566 538 procurationum
585 491 643 525 seu
662 491 746 525 alias
764 490 889 537 absque
906 489 1100 525 vifitatione
1131 490 1338 530 debitarum,
1366 490 1583 536 aliquatenus
1601 491 1658 526 de-

182 559 318 593 rogare.
370 545 471 580 Nulli
490 559 574 592 ergo
594 546 738 580 omnino
755 546 938 580 hominum
956 546 1059 580 liceat
1076 546 1166 580 hanc
1198 546 1359 592 paginam
1390 545 1584 580 nostrarum
1603 559 1659 581 ex-

183 602 377 649 emptioniS,
406 602 631 642 liberationis,
651 602 883 649 susceptionis,
911 601 1197 636 constitutionum
1227 607 1263 635 et
1290 601 1513 636 voluntatum
1539 602 1659 636 infrin-

179 672 264 705 gere
283 659 338 693 vel
358 659 389 693 ei
406 659 489 693 ausu
507 659 695 693 temerario
714 659 902 693 contraire.
955 657 989 692 Si
1009 657 1084 703 quis
1115 662 1233 691 autem
1262 657 1329 691 hoc
1356 662 1564 704 attemptare
1583 671 1658 705 pre—

181 715 371 762 sumpserit,
402 715 677 760 indignationem
708 714 957 761 omnipotentis
987 715 1058 749 Dei
1091 720 1126 749 et
1156 715 1339 750 beatorum
1371 715 1466 749 Petri
1495 721 1530 749 et
1560 715 1658 750 Pauli

182 770 415 817 apostolorum
453 770 527 817 ejus
561 770 594 804 se
629 771 768 805 noverit
801 771 1033 805 incursurum.
1103 770 1239 805 Datum
1281 771 1451 805 Avinion'
1490 771 1658 806 Kalendis

183 826 328 873 Aprilis,
356 826 581 873 pontificatus
598 826 704 860 nostri
723 839 816 860 anno
834 827 959 873 primo.
1013 827 1136 861 Tenor
1154 827 1297 861 alterius
1326 827 1444 862 littere
1474 827 1658 874 apostolice

183 882 225 916 de
245 882 368 928 quibus
386 882 487 929 supra
504 882 543 916 fit
561 882 693 916 mentio
711 882 865 927 sequitur
883 888 917 916 et
936 882 982 917 est
999 882 1087 917 talis.
1140 882 1503 918 INNOCENTIUS
1534 883 1658 930 episco-

181 951 246 984 pus
264 938 380 972 servus
397 938 576 971 servorum
596 937 666 971 Dei
686 937 823 971 dilectis
842 937 920 971 filiis
940 938 1071 972 Abbati
1100 943 1135 973 et
1165 939 1355 973 conventui
1375 938 1594 973 Cluniacenfi
1611 939 1658 984 la-

180 994 289 1027 lutem
309 999 344 1027 et
361 993 589 1040 apostolicam,
611 993 908 1027 benedictionem.
962 994 1098 1029 Favore
1116 993 1225 1028 vestre
1252 994 1431 1040 religionis
1459 994 1658 1029 inducimur

183 1054 223 1083 ut
243 1049 285 1083 de
302 1050 414 1095 gratia
432 1049 467 1082 in
485 1048 631 1095 gratiam
650 1049 883 1095 provehentes
902 1062 964 1083 vos
980 1050 1080 1084 donis
1097 1050 1258 1096 gratuitis
1276 1056 1311 1085 et
1328 1049 1521 1097 potioribus
1538 1051 1658 1097 gratiis

180 1106 405 1140 honoremus.
458 1104 550 1140 Cum
562 1105 669 1151 igitur
680 1105 778 1140 vobis
790 1117 903 1152 nuper
919 1106 1120 1141 duxerimus
1139 1106 1394 1152 indulgendum
1413 1112 1453 1140 ut
1466 1106 1509 1140 ad
1527 1106 1658 1141 nullius

182 1162 401 1209 receptiones
430 1161 487 1196 vel
517 1160 729 1208 provisiones
758 1162 921 1209 compelli
952 1160 1081 1209 poflitis
1111 1175 1173 1209 per
1204 1162 1337 1196 litteras
1364 1161 1565 1208 apostolicas
1596 1163 1658 1197 im-

181 1224 334 1266 petratas
362 1217 417 1252 vel
449 1218 552 1252 etiam
584 1218 819 1264 impetrandas
847 1218 1164 1264 quomodocunque
1199 1218 1380 1265 generales
1412 1218 1469 1252 vel
1497 1218 1658 1265 speciales

181 1274 323 1314 fuerint,
343 1271 404 1307 nifi
422 1273 629 1307 nominatim
649 1273 691 1306 de
710 1273 833 1308 ordine
853 1273 1072 1308 Cluniacenfi
1091 1280 1125 1309 et
1143 1275 1212 1321 ipsa
1230 1274 1449 1321 indulgentia
1466 1274 1656 1321 plenariam

182 1336 217 1365 et
236 1328 425 1377 expreffam
444 1329 591 1363 fecerint
608 1329 835 1364 mentionem.
888 1329 965 1364 Nos
982 1330 1140 1364 volentes
1158 1330 1255 1364 vobis
1281 1331 1394 1365 facere
1421 1331 1568 1376 gratiam
1585 1331 1657 1378 ple-

181 1386 330 1426 niorem,
357 1385 426 1419 tuis
443 1385 492 1418 fili
512 1384 631 1419 Abbas
648 1385 808 1432 precibus
826 1386 993 1426 inclinati,
1014 1385 1111 1420 vobis
1129 1392 1163 1420 et
1182 1386 1295 1420 ordini
1315 1386 1427 1420 vestro
1446 1387 1656 1421 auctoritate

181 1441 348 1489 presentis
367 1440 590 1487 indulgemus
607 1446 647 1475 ut
665 1440 753 1474 nulli
772 1440 934 1488 deinceps
951 1454 1014 1488 per
1031 1442 1164 1476 litteras
1182 1442 1366 1489 apostolice
1384 1441 1472 1476 sedis
1489 1442 1546 1476 vel
1564 1442 1656 1489 lega-

180 1504 298 1532 torum
317 1495 418 1544 ipfius
436 1497 647 1543 impetratas,
676 1497 868 1531 dummodo
886 1510 959 1531 non
976 1496 1015 1531 fit
1033 1510 1096 1545 per
1113 1510 1170 1532 eas
1182 1498 1241 1544 jus
1259 1498 1363 1532 alicui
1382 1496 1581 1544 requifitum
1599 1499 1655 1532 vel

180 1554 285 1587 etiam
304 1553 574 1599 impetrandum,
603 1552 705 1586 etiam
725 1551 748 1585 fi
766 1553 969 1588 contineant
987 1553 1023 1587 in
1042 1554 1088 1587 eis
1106 1554 1201 1599 quod
1227 1554 1342 1600 aliqua
1368 1552 1469 1600 ipfius
1501 1554 1586 1588 sedis
1604 1554 1655 1588 in-

181 1609 362 1655 dulgentia
380 1621 452 1641 non
471 1607 614 1647 obsistat,
642 1606 742 1654 possit
772 1608 814 1642 de
844 1609 1065 1655 prioratibus,
1094 1609 1327 1650 decanatibus,
1354 1610 1517 1655 grangiis,
1547 1610 1654 1645 eccle-

178 1664 242 1705 fiis,
272 1664 458 1704 beneficiis,
486 1664 552 1697 suis
570 1663 763 1698 redditibus
781 1664 824 1697 ad
837 1664 895 1710 jus
913 1664 969 1698 vel
987 1664 1110 1698 fratres
1128 1665 1260 1698 ordinis
1286 1665 1385 1699 vestri
1408 1665 1652 1712 spefihmtibus,

182 1720 360 1767 provideri
379 1725 439 1754 aut
457 1718 626 1765 assignari,
654 1719 710 1753 vel
728 1720 878 1754 conferri
896 1719 1076 1766 pensiones
1106 1721 1141 1754 in
1170 1721 1229 1761 eis,
1257 1720 1317 1754 11111
1337 1722 1380 1755 de
1399 1722 1506 1756 verbo
1524 1722 1560 1756 in
1578 1735 1654 1756 ver-

178 1777 262 1811 bum
282 1777 317 1810 in
336 1776 462 1810 eisdem
481 1775 605 1809 litteris
622 1781 717 1809 totus
735 1781 838 1809 tenor
855 1776 1022 1822 presentis
1038 1776 1257 1822 indulgentie
1275 1776 1314 1811 fit
1343 1776 1502 1811 insertus.
1553 1777 1654 1812 Nulli

180 1845 264 1877 ergo
283 1832 427 1866 omnino
446 1832 627 1865 hominum
646 1831 746 1865 liceat
766 1832 854 1866 hanc
871 1832 1033 1878 paginam
1062 1831 1177 1866 nostre
1208 1831 1433 1867 conceffionis
1463 1833 1653 1880 infringere

178 1888 234 1923 vel
253 1889 283 1922 ei
302 1888 384 1922 ausu
402 1888 588 1922 temerario
607 1888 792 1922 contraire.
845 1888 880 1922 Si
908 1888 984 1933 quis
1013 1894 1131 1923 autem
1159 1889 1226 1923 hoc
1251 1895 1460 1936 attemptare
1478 1890 1653 1938 presump-

177 1945 259 1978 serit
276 1944 554 1990 indignationem
574 1944 828 1990 omnipotentis
846 1943 917 1977 Dei
936 1950 971 1978 et
987 1944 1169 1978 beatorum
1199 1945 1293 1979 Petri
1313 1951 1347 1980 et
1366 1945 1466 1980 Pauli
1484 1945 1652 1993 apostolo·

178 2013 256 2034 rum
276 2000 350 2047 ejus
368 2000 400 2034 se
418 1999 558 2035 noverit
575 1999 806 2034 incursurum.
858 1999 994 2034 Datum
1026 2000 1193 2047 Lugduni
1221 2002 1256 2035 ix
1288 2001 1467 2036 Kalendas
1497 2001 1652 2037 Novem-

177 2056 258 2096 bris,
292 2056 516 2103 pontificatus
542 2055 647 2090 nostri
674 2068 767 2089 anno
798 2056 936 2090 octavo.
991 2056 1034 2089 In
1063 2069 1211 2102 quorum
1240 2055 1375 2091 vifionis
1404 2057 1648 2098 testimonium,

177 2112 269 2146 saeta
286 2112 382 2158 prius
400 2112 609 2146 collectione
628 2111 786 2157 diligenti
806 2111 848 2146 de
867 2112 968 2146 dietis
987 2112 1110 2146 litteris
1136 2113 1328 2159 apostolicis
1357 2113 1582 2159 originalibus
1600 2114 1650 2147 su-

177 2167 294 2213 perius
312 2167 445 2202 insertis
471 2168 514 2201 ad
544 2167 683 2214 presens
701 2167 967 2214 transumptum,
996 2169 1240 2215 transcriptum
1258 2168 1317 2203 seu
1336 2169 1485 2203 vidimus
1501 2181 1564 2216 per
1582 2169 1649 2203 dic-

177 2229 252 2257 tum
271 2224 445 2257 notarium
472 2223 650 2270 publicum
681 2223 906 2270 subscriptum
937 2230 1043 2270 prout
1072 2224 1172 2258 nobis
1199 2224 1331 2265 retulit,
1360 2224 1458 2271 cujus
1486 2224 1648 2259 relationi

178 2278 350 2312 credimus
368 2285 402 2312 et
420 2279 523 2313 fidem
542 2279 733 2326 plenarian]
765 2279 978 2320 adhibemus,
1006 2278 1152 2326 figillum
1180 2279 1334 2314 nostrum
1361 2293 1431 2326 quo
1458 2280 1495 2313 in
1524 2279 1648 2314 talibus

177 2335 310 2369 utimur
328 2334 489 2369 duximus
508 2335 766 2382 apponendum.
820 2335 966 2376 Datum,
998 2347 1068 2381 quo
1095 2335 1138 2369 ad
1167 2334 1331 2370 vifionem
1359 2334 1564 2382 hujusmodi,
1592 2334 1647 2368 die
