1839 2652
734 272 805 307 DE
833 272 1100 307 PASSELET.
1635 279 1656 314 9

181 365 341 400 omnibus
360 365 550 406 observato,
570 367 628 407 eis,
645 367 855 402 auctoritate
866 367 1050 414 apostolica
1064 380 1131 413 qua
1142 367 1333 414 fungimur,
1352 367 1421 402 fine
1434 368 1524 414 juris
1542 369 1657 416 preju-

181 421 270 455 dicio
289 421 403 462 alieni‚
423 422 623 456 facultatem
638 421 861 457 conceflimus
872 422 930 457 fibi
947 423 1155 470 providendi
1175 424 1217 457 de
1236 429 1353 458 cetero
1371 437 1433 470 per
1451 425 1654 459 canonicam

181 476 391 511 electionem
409 477 453 511 de
470 476 616 524 persona
633 479 770 524 ydonea
787 479 823 512 in
841 478 1009 513 abbatem.
1062 478 1109 512 Et
1135 484 1174 512 ut
1199 479 1263 513 hec
1291 477 1460 514 conceffio
1478 479 1592 515 nostra
1619 481 1656 514 in

180 537 388 578 perpetuum
417 532 525 566 robur
556 534 712 579 optineat
742 533 924 574 firmitatis,
959 534 1027 568 hoc
1056 533 1232 581 scriptum,
1264 533 1440 581 fignorum
1459 535 1655 571 nostrorum

182 586 399 634 appensione,
420 587 669 622 roboravimus.

183 752 456 787 Instrumentum
476 753 518 787 de
537 754 712 788 creatione
730 754 871 788 abbatis.

183 863 239 898 IN
258 863 350 898 DEI
369 863 593 904 NOMINE,
615 864 745 899 Amen.
792 864 935 898 Tenore
954 864 1121 911 presentis
1138 866 1266 912 publici
1285 867 1502 903 instrumenti
1521 870 1655 904 cunetis

180 925 296 966 pateat
314 920 494 954 evidenter
511 921 605 966 quod
623 933 688 966 ego
706 920 729 955 J
732 920 886 954 ohannes
904 920 1061 954 notarius
1078 921 1238 968 publicus
1256 923 1346 956 infra
1363 922 1518 970 scriptus,
1539 937 1655 959 coram

180 975 318 1009 testibus
336 975 426 1009 infra
442 974 585 1022 scriptis,
605 976 738 1022 perlegi
757 981 791 1010 et
809 975 996 1021 diligenter
1013 975 1145 1023 inspexi
1164 978 1336 1023 quandam
1356 979 1508 1013 litteram
1535 978 1657 1026 figilla-

180 1036 249 1064 tam
269 1043 348 1065 cum
367 1030 502 1065 duobus
519 1029 632 1077 figillis
651 1031 810 1077 oblongis
828 1031 864 1064 in
883 1043 962 1065 cera
979 1031 1066 1071 alba,
1097 1045 1245 1078 quorum
1266 1046 1376 1068 unum
1395 1035 1499 1069 habet
1516 1041 1555 1069 ut
1574 1036 1657 1069 mihi

180 1086 366 1133 apparebat
379 1087 565 1133 imaginem
580 1088 683 1121 unius
702 1086 850 1134 episcopi
865 1086 974 1121 vestiti
992 1088 1027 1121 in
1046 1089 1302 1135 pontificalibus
1317 1090 1429 1124 dantis
1443 1091 1656 1126 benedififio-

180 1154 272 1182 nem,
293 1147 328 1175 et
345 1142 380 1175 in
399 1143 678 1177 circumferentia
703 1142 804 1189 ipfius
834 1155 877 1177 ex
895 1155 965 1176 una
982 1149 1079 1189 parte
1110 1143 1282 1191 sculptum
1301 1151 1375 1180 erat
1394 1146 1656 1181 GLASGUENSIS

181 1209 359 1238 EPISCOE’I,
388 1198 455 1231 alia
479 1211 556 1245 pars
574 1199 685 1233 frafflffl
703 1205 799 1241 erat3
829 1204 863 1232 et
880 1203 975 1232 retro
993 1199 1029 1232 in
1048 1198 1148 1233 dorso
1177 1201 1261 1234 diffi
1278 1199 1376 1247 figilli
1395 1208 1468 1235 erat
1486 1201 1656 1249 impreffio

181 1253 325 1287 minoris
342 1252 440 1299 figilli
466 1254 622 1288 habentis
641 1255 743 1288 etiam
762 1254 948 1300 imaginem
967 1256 1070 1290 unius
1097 1256 1245 1304 episcopi
1262 1257 1372 1292 vestiti
1398 1260 1435 1292 in
1452 1259 1657 1305 pontificali-

181 1309 256 1348 bus,
270 1314 304 1342 et
318 1309 354 1342 in
368 1309 646 1343 circumferentia
658 1309 809 1356 ejusdem
823 1323 865 1344 ex
879 1322 949 1344 una
961 1317 1059 1358 parte
1079 1324 1257 1347 SIGILLUM
1268 1313 1449 1348 lVALTERI
1463 1320 1536 1349 erat
1547 1314 1656 1361 sculp-

183 1370 257 1399 tum
272 1379 281 1407 3
311 1370 345 1399 et
363 1365 456 1399 aliud
474 1364 620 1412 figillum
651 1367 754 1400 habet
772 1367 944 1412 quandam
974 1367 1160 1413 imaginem
1193 1368 1237 1401 ad
1266 1368 1525 1404 similitudinem
1553 1371 1656 1404 unius

183 1420 313 1454 abbatis
343 1421 472 1455 mitrati
490 1421 599 1455 vestiti
617 1421 708 1467 quafi
725 1422 768 1455 ad
787 1422 1044 1462 celebrandum,
1074 1435 1153 1456 cum
1171 1423 1284 1458 casula
1301 1424 1370 1465 sua,
1399 1438 1477 1459 cum
1504 1425 1593 1459 libro
1620 1426 1656 1459 in

183 1488 289 1509 manu
306 1474 433 1510 finistra
451 1481 485 1510 et
502 1477 592 1523 pedo
610 1476 769 1523 pastorali
794 1478 831 1511 in
857 1491 963 1512 manu
982 1478 1115 1518 dextra,
1144 1484 1178 1513 et
1205 1480 1240 1513 in
1259 1481 1539 1515 circumferentia
1556 1480 1657 1528 ipfius

182 1531 353 1578 sculptum
366 1538 439 1566 erat
454 1543 633 1567 SIG111LUM
644 1533 810 1567 RmARm
822 1545 978 1568 ABBATIS
990 1545 1038 1567 DE
1047 1533 1203 1569 CALcno
1215 1549 1224 1577 3
1239 1540 1274 1569 et
1285 1542 1380 1570 retro
1396 1537 1431 1570 in
1445 1535 1545 1570 dorso
1557 1536 1657 1583 ipfius

183 1585 281 1633 figilli
299 1592 372 1621 erat
390 1585 560 1634 impreffio
579 1589 682 1622 unius
700 1589 797 1635 parvi
815 1588 913 1635 figilli
930 1590 966 1623 in
984 1602 1053 1635 quo
1072 1589 1243 1637 sculptum
1271 1597 1356 1632 erat,
1388 1598 1428 1626 ut
1454 1592 1537 1626 mihi
1556 1605 1657 1639 appa-

183 1642 290 1683 rebat,
306 1643 420 1688 imago
433 1643 535 1677 unius
548 1644 706 1677 monachi
720 1645 860 1684 orantis,
876 1645 1035 1690 genubus
1049 1646 1157 1686 flexis,
1177 1647 1329 1681 tenentis
1347 1660 1485 1682 crucem
1500 1648 1535 1681 in
1551 1648 1658 1682 mani-

183 1698 257 1738 bus,
283 1697 493 1745 sculpturam
511 1711 595 1733 vero
613 1699 891 1734 circumferentie
922 1700 1072 1747 ejusdem
1101 1701 1137 1735 in
1167 1701 1292 1736 litteris
1310 1702 1426 1749 legere
1444 1716 1515 1737 non
1534 1705 1655 1750 potui:

185 1752 265 1793 Que
283 1754 420 1800 quidem
440 1754 540 1788 litera
557 1755 653 1788 omni
671 1755 755 1789 vitio
770 1760 804 1789 et
814 1754 1003 1802 suspicione
1016 1756 1164 1797 carebat,
1185 1757 1283 1804 cujus
1300 1763 1402 1792 tenor
1420 1758 1573 1792 noscitur
1591 1757 1657 1793 effe

183 1810 271 1844 talis.
321 1809 497 1845 Univerfis
516 1810 641 1844 Christi
667 1811 826 1845 fidelibus
851 1818 922 1845 tam
948 1811 1162 1858 presentibus
1180 1825 1282 1858 quam
1302 1813 1438 1854 futuris,
1467 1814 1654 1855 lValterus,

184 1865 254 1899 Dei
279 1866 391 1911 gratia
408 1864 627 1912 Glasguenfis
654 1865 841 1913 episcopus,
870 1873 905 1901 et
932 1867 1105 1901 Ricardus
1132 1867 1285 1914 ejusdem
1310 1868 1529 1915 permissione
1555 1870 1658 1904 abbas

184 1922 226 1956 de
255 1921 396 1956 Kelkou
423 1927 577 1955 eternam
604 1922 640 1956 in
668 1922 825 1956 Domino
850 1921 1006 1956 salutem.
1059 1922 1211 1957 Noverit
1236 1923 1438 1959 universitas
1458 1924 1568 1959 vestra
1593 1938 1657 1959 nos

183 1976 385 2011 mandatum
405 1977 535 2011 domini
553 1977 644 2024 Pape
663 1979 698 2011 in
717 1978 779 2012 hec
797 1978 903 2012 verba
916 1976 1102 2024 suscepiffe.
1151 1979 1336 2013 Honorius
1350 1979 1528 2026 episcopus
1541 1979 1657 2014 servus

183 2032 360 2067 servorum
391 2032 461 2065 Dei
487 2033 676 2067 venerabili
706 2033 803 2067 fratri
831 2033 988 2067 VValtero
1020 2033 1224 2080 Glasguenfi
1252 2034 1421 2081 episcopo,
1458 2040 1492 2069 et
1521 2035 1657 2069 dileffls

183 2088 262 2122 filiis
281 2088 323 2121 de
344 2087 478 2121 Melros
496 2093 530 2122 et
551 2088 690 2122 Kelkou
705 2088 893 2128 abbatibus,
913 2087 1057 2122 salutem
1076 2095 1111 2123 et
1128 2089 1347 2136 apostolicam
1362 2090 1655 2125 benedictionem.

185 2142 384 2178 Cariffinius
401 2143 437 2176 in
457 2143 591 2177 Christo
609 2143 701 2178 filius
718 2144 923 2178 Alexander
941 2157 1001 2178 rex
1018 2144 1132 2179 Scotie
1145 2144 1293 2184 illustris,
1313 2158 1352 2179 ac
1364 2151 1414 2184 tu,
1434 2145 1540 2179 frater
1561 2145 1656 2192 Epis-

184 2211 280 2244 cope,
300 2197 416 2231 vestris
428 2198 527 2232 nobis
542 2198 665 2232 litteris
676 2198 895 2246 supplicastiS,
912 2205 961 2240 ut,
979 2212 1058 2234 cum
1073 2200 1193 2233 dileffi
1208 2200 1270 2233 filii
1290 2200 1391 2234 Prior
1409 2206 1443 2234 et
1462 2207 1655 2236 conventus

184 2254 226 2288 de
245 2250 400 2294 Paffelet‚
431 2266 473 2287 ex
500 2253 638 2288 defectu
665 2254 795 2288 abbatis
822 2255 878 2288 cui
903 2253 1145 2301 profeffionem
1173 2255 1284 2290 facere
1302 2255 1427 2303 poffint
1445 2257 1652 2303 regularem,

184 2309 376 2344 animarum
388 2309 552 2356 pericula,
574 2306 831 2344 diffolutionem
846 2310 988 2351 ordinis,
1009 2316 1043 2345 et
1060 2323 1177 2345 rerum
1195 2311 1372 2358 patiantur
1389 2312 1533 2359 gravida
1551 2313 1654 2348 detri-

903 2376 924 2399 Β
