1839 2652
174 303 196 332 4
563 295 882 332 REGISTRUM
910 295 1248 331 MONASTERII

176 395 309 435 volens,
354 407 374 428 a
408 393 565 427 Domino
610 392 816 427 Humbaldo
844 392 961 438 priore
992 397 1026 425 et
1056 396 1234 425 conventu
1271 391 1313 425 de
1349 390 1498 426 Wenloc
1532 391 1656 427 fratres

176 450 287 497 petiit,
331 450 389 496 qui
430 449 558 483 ibidem
604 449 770 494 degentes
810 460 908 481 more
951 446 1111 481 Cluniaci
1150 447 1404 482 monachorum
1453 447 1661 493 regulariter

177 506 348 540 viverent.
400 504 536 538 Volens
566 509 683 538 autem
710 503 802 537 idem
834 502 1011 537 Walterus
1036 507 1076 537 ut
1102 502 1226 536 fratres
1252 502 1378 548 absque
1403 503 1658 548 inquietatione

179 561 294 607 aliqua
311 566 345 595 et
362 560 565 606 gravamine
583 559 629 593 ibi
644 563 839 598 manerent,
860 557 1037 592 libertates
1051 557 1212 604 quasdam
1228 563 1263 592 et
1278 558 1530 592 conventiones
1547 571 1568 592 a
1584 570 1661 605 pre-

180 618 252 651 fato
269 617 390 650 Priore
405 622 439 650 et
452 621 629 650 conventu
642 615 685 649 de
694 614 843 648 W'enloc
856 614 968 660 petiit.
1014 613 1125 660 Cujus
1139 614 1300 660 petitioni
1316 619 1351 647 et
1365 614 1545 647 devotioni
1558 613 1661 647 Prior

181 678 216 706 et
234 677 427 706 conventus
455 670 623 705 alsensum
651 670 846 717 prebentes,
876 670 907 703 ei
933 682 1000 715 que
1026 669 1166 716 petebat
1194 667 1444 703 coneefl'erunt.
1503 668 1608 703 Unde
1626 674 1661 703 et

181 740 246 773 ego
264 728 371 761 frater
391 727 574 761 Sauaricus
592 727 688 773 prior
707 726 749 760 de
771 726 936 764 Caritate,
969 738 1012 759 ex
1030 730 1128 771 parte
1152 724 1267 758 nostra
1285 729 1320 758 et
1337 725 1445 758 totius
1464 730 1659 759 conventus

182 784 225 817 de
244 782 411 822 Caritate,
431 782 596 828 quicquid
616 782 717 815 Prior
736 781 779 815 de
799 780 947 814 &Venloc
966 786 1001 814 et
1023 786 1218 814 conventus
1236 779 1295 826 ipfi
1314 779 1472 814 Waltero
1491 779 1659 814 eonceffe-

182 844 277 879 runt,
291 838 525 878 concedimus,
540 843 574 872 et
588 843 718 871 cartam
733 836 775 870 ab
789 835 864 883 ipfis
879 835 1117 870 confirmatam
1130 841 1200 869 tam
1214 834 1272 882 ipfi
1283 848 1385 881 quam
1398 835 1583 870 heredibus
1594 835 1660 869 suis

182 896 431 941 inperpetuum
450 893 709 932 confirmamus,
730 897 764 926 et
778 897 817 926 ut
829 892 895 926 hoc
906 896 1019 925 ratum
1034 891 1202 925 habeatur
1217 897 1251 925 et
1263 890 1506 925 inconvulsum
1520 897 1659 926 maneat

182 951 442 997 inperpetuum,
462 948 588 996 scripto
602 949 669 983 hoc
687 947 934 982 confirmamus
949 952 984 981 et
997 945 1096 993 figilli
1111 946 1215 981 nostri
1234 945 1452 994 impressione
1470 948 1658 982 munimus.

186 1115 417 1151 Confirmatio
436 1116 568 1150 domini
590 1116 789 1150 Innocentii
807 1128 894 1162 pape
913 1127 957 1149 111
975 1114 1077 1161 super
1095 1114 1342 1162 compofitione
1359 1115 1525 1162 predicta·

186 1227 549 1262 INNOCENTIUS
576 1226 755 1273 episcopus
781 1225 898 1260 servus
916 1225 1094 1260 servorum
1119 1226 1191 1260 Dei
1222 1226 1358 1260 dileetis
1384 1226 1462 1260 filiis
1482 1225 1595 1260 Priori
1623 1233 1657 1261 et

185 1284 375 1319 conventui
387 1284 430 1317 de
447 1281 594 1317 Pafl'elet
609 1280 845 1317 Cluniacenfis
859 1281 990 1315 ordinis
1004 1281 1149 1316 salutem
1162 1286 1196 1316 et
1212 1281 1433 1328 apostolicam
1443 1281 1658 1316 benedififio-

184 1353 277 1374 nem.
316 1339 339 1374 J
341 1339 421 1373 ustis
439 1339 634 1385 petentium
647 1336 819 1371 desideriis
833 1337 978 1382 dignum
992 1337 1037 1371 est
1049 1350 1112 1370 nos
1124 1337 1260 1371 facilem
1278 1336 1424 1383 prebere
1442 1336 1656 1378 consensum,

186 1402 220 1430 et
238 1400 320 1429 vota
338 1407 404 1440 que
423 1408 443 1428 a
460 1394 603 1428 rationis
622 1394 760 1427 tramite
778 1405 850 1426 non
865 1391 1061 1426 discordant
1080 1392 1206 1426 effectu
1224 1392 1453 1439 prosequente
1471 1393 1658 1439 complere.

185 1451 238 1486 Ea
256 1456 410 1498 propter,
432 1450 551 1484 dilecti
569 1450 605 1483 in
625 1449 783 1483 Domino
801 1449 874 1488 filii,
894 1447 1012 1482 vestris
1024 1447 1122 1494 justis
1135 1448 1294 1494 precibus
1310 1448 1475 1487 inclinati,
1496 1447 1659 1494 compofi-

184 1508 317 1541 tionem
335 1507 428 1540 inter
445 1518 507 1539 vos
526 1518 569 1539 ex
587 1510 684 1551 parte
702 1517 784 1544 una,
813 1509 847 1537 et
878 1503 1025 1537 dilectos
1050 1503 1139 1536 filios
1166 1502 1324 1537 Priorem
1349 1508 1383 1537 et
1408 1504 1597 1538 monachos
1615 1504 1658 1538 de

185 1562 336 1596 Wenloc
361 1574 404 1595 ex
431 1561 551 1601 altera,
579 1560 680 1606 fiiper
710 1559 930 1593 immunitate
961 1559 1084 1592 domus
1109 1558 1229 1598 vestre,
1256 1559 1506 1593 rationabiliter
1524 1560 1656 1599 initam,

184 1617 268 1652 ficut
286 1616 356 1651 fine
374 1617 544 1663 pravitate
562 1615 709 1662 provide
726 1615 819 1648 faeta
836 1614 893 1653 est,
922 1619 956 1647 et
974 1614 1015 1647 ab
1034 1620 1180 1659 utraque
1207 1619 1304 1660 parte
1327 1613 1448 1660 sponte
1466 1621 1605 1661 recepta
1623 1622 1657 1649 et

186 1674 357 1708 ha&enus
379 1672 568 1711 observata,
597 1671 784 1705 autoritate
810 1669 995 1716 apostolica
1021 1669 1277 1709 confirmamus,
1298 1674 1332 1703 et
1350 1669 1516 1716 presentis
1542 1670 1657 1717 scripti

186 1730 382 1777 patrocinio
401 1728 668 1763 communimus.
720 1726 821 1761 Nulli
840 1739 923 1771 ergo
943 1725 1086 1759 omnino
1105 1725 1286 1759 hominum
1317 1725 1420 1759 liceat
1448 1726 1538 1760 lianc
1563 1727 1658 1773 pagi-

187 1798 269 1820 nam
288 1784 402 1819 nostre
424 1783 698 1818 confirmationis
724 1782 927 1828 infringere,
954 1781 1011 1814 vel
1029 1781 1060 1814 ei
1077 1780 1160 1814 ausu
1178 1780 1364 1814 temerario
1383 1782 1567 1815 contraire.
1622 1782 1657 1817 Si

187 1842 263 1887 quis
277 1846 395 1875 autem
408 1841 475 1874 hoc
489 1844 696 1886 attemptare
708 1836 962 1885 presumpserit,
975 1836 1250 1881 indignationem
1267 1836 1516 1882 omnipotentis
1527 1837 1608 1877 Dei,
1623 1843 1658 1872 et

185 1897 369 1931 beatorum
389 1896 485 1929 Petri
505 1901 539 1929 et
559 1894 659 1928 Pauli
676 1893 910 1941 apostolorum
930 1892 1014 1939 ejus,
1034 1891 1066 1925 se
1084 1891 1222 1925 noverit
1240 1890 1469 1925 incursurum.
1522 1892 1657 1927 Datum

187 1953 351 1987 Lateran.
377 1963 405 1985 11
431 1951 515 1985 Idus
543 1950 642 1990 Maii,
670 1949 892 1997 pontificatus
909 1947 1014 1982 nostri
1040 1959 1133 1981 anno
1151 1947 1297 1981 decimo.

192 2119 272 2154 Hec
290 2118 337 2154 est
355 2119 454 2165 copia
471 2118 668 2152 litterarum
686 2116 787 2163 super
804 2114 1021 2149 libertatibus
1039 2114 1162 2148 domus
1181 2114 1223 2148 de
1243 2113 1400 2149 Paffelet.

191 2229 469 2264 WILELMUS
489 2228 557 2263 ET
570 2226 780 2262 ALANUS
799 2224 1017 2273 permiffione
1032 2226 1148 2259 divina
1160 2225 1380 2272 Glasguenfis
1395 2231 1429 2261 et
1441 2225 1659 2272 Ergadienfis

191 2285 350 2332 episcopi,
379 2284 541 2319 omnibus
561 2283 687 2318 Christi
705 2283 865 2317 fidelibus
891 2282 935 2315 ad
961 2294 1111 2327 quorum
1140 2282 1300 2315 notitiam
1331 2281 1469 2329 presens
1494 2281 1659 2329 scriptum

192 2341 402 2388 pervenerit,
430 2340 575 2375 salutem
593 2340 629 2373 in
649 2339 806 2374 Domino
825 2337 1079 2385 sempiternam.
1133 2337 1253 2372 Sciatis
1271 2338 1364 2384 quod
1390 2338 1468 2372 talis
1486 2337 1532 2372 est
1556 2343 1659 2373 tenor
