1870 2683
750 268 820 303 DE
850 265 1119 304 PASSELET.
1609 269 1679 302 32³5

194 363 375 411 capellano
406 371 441 399 et
471 365 600 400 vicario
619 365 662 400 de
692 365 849 407 Pebbles,
882 365 1044 412 magistro
1074 364 1282 412 Engelrino,
1313 362 1470 403 Warino,
1504 362 1674 403 Waltem,

195 420 353 461 Andr-ea,
374 421 506 456 clericis
525 421 611 457 dicti
630 421 802 470 Epssimpi,
822 427 857 457 et
875 423 994 457 multis
1008 422 1093 457 aliis.

193 599 301 640 Quod
319 600 490 647 prefatum
511 600 755 635 monasterium
775 614 795 634 a
811 599 1117 648 procurationibus
1148 604 1182 633 et
1212 597 1421 633 finodalibus
1447 598 1580 645 semper
1606 598 1671 633 fuit

191 662 405 703 exemptum.

190 767 472 804 VALTERUS
510 769 729 804 miseratione
758 769 876 803 divina
906 767 1044 803 ecclefie
1076 767 1299 815 Glaiguenfis
1328 768 1481 803 minister
1511 768 1672 803 omnibus

190 823 316 858 Christi
334 824 496 859 fidelibus
513 831 584 859 tam
603 825 819 872 presentibus
837 838 942 871 quam
960 824 1087 859 futuris
1105 830 1263 859 eternam
1282 825 1318 859 in
1339 825 1496 859 Domino
1514 825 1670 860 salutem.

189 879 281 915 Cum
301 881 421 915 Abbas
440 887 475 916 et
493 887 688 916 conventus
707 882 750 916 de
770 880 918 916 Pafl'elet
936 893 1000 915 nos
1026 886 1061 915 et
1092 880 1225 914 nostros
1243 879 1439 928 hospitandi
1457 881 1570 927 gratia
1587 881 1672 915 cari-

187 937 295 971 tative
313 938 510 984 receperint
528 938 564 971 in
582 938 643 972 suo
663 937 870 972 monasterio
884 952 894 981 3
924 950 968 971 ne
986 950 1049 984 per
1068 950 1132 971 nos
1155 937 1211 971 vel
1238 936 1444 972 succefl'ores
1462 938 1552 972 trahi
1570 935 1671 984 poflit

186 993 222 1026 in
241 993 529 1028 consuetudinem
546 993 642 1040 quod
659 994 759 1028 nobis
777 994 936 1028 fecerunt
955 994 1086 1028 intuitu
1105 994 1257 1028 caritatis
1284 999 1319 1028 et
1348 1006 1421 1028 non
1442 993 1524 1040 jure
1543 993 1670 1041 episco-

185 1048 266 1095 pali,
286 1049 376 1084 hanc
393 1055 524 1084 cartam
543 1050 694 1084 nostram
713 1050 761 1085 eis
779 1050 924 1085 fecimus
943 1051 985 1086 de
1003 1051 1264 1097 adquIetatione
1282 1056 1318 1085 et
1336 1051 1570 1098 exemptione,
1591 1063 1670 1098 pro-

185 1105 346 1141 testantes
365 1107 459 1153 quod
477 1106 651 1154 prefatum
670 1107 916 1142 monasterium
935 1107 977 1141 ab
995 1107 1150 1142 adventu
1165 1107 1419 1142 monachorum
1434 1107 1574 1147 ibidem,
1595 1106 1671 1141 nos-

184 1163 247 1196 tris
266 1168 300 1198 et
318 1162 599 1211 predecessorum
617 1163 815 1199 nostrorum
834 1164 1061 1211 temporibuS,
1091 1177 1110 1198 a
1136 1163 1443 1211 procurationibus
1461 1168 1496 1198 et
1514 1162 1671 1198 finodali-

185 1218 248 1253 bus
265 1218 400 1267 semper
426 1220 493 1254 fuit
520 1226 734 1268 exemptum.
788 1218 1026 1255 Coneeffimus
1056 1221 1160 1254 etiam
1193 1225 1231 1254 ut
1260 1220 1379 1254 vicarii
1407 1219 1457 1254 sui
1486 1219 1588 1254 nobis
1613 1220 1670 1254 vel

183 1274 430 1311 successoribus
448 1277 571 1312 nostris
590 1290 662 1312 non
681 1276 742 1311 nifi
755 1277 898 1312 alternis
910 1277 1009 1311 anuis
1023 1282 1213 1311 teneantur
1224 1277 1489 1324 procurationes
1504 1277 1668 1311 exhibere

184 1332 226 1366 de
245 1332 319 1367 aliis
338 1331 486 1368 ecclefiis
503 1333 570 1369 suis
587 1334 624 1368 in
643 1333 768 1368 diocefi
787 1332 992 1380 Glasguenfi
1011 1332 1204 1367 constitutis
1222 1346 1289 1379 que
1304 1332 1383 1367 satis
1401 1345 1571 1380 pauperes
1589 1333 1667 1367 sunt

184 1394 218 1423 et
237 1389 355 1424 exiles.
410 1389 467 1424 De
486 1389 628 1437 singulis
645 1395 764 1424 tamen
783 1389 929 1425 ecclefiis
948 1391 1014 1425 illis
1032 1391 1167 1426 solvent
1181 1392 1360 1426 annuatim
1375 1397 1527 1438 quatuor
1540 1391 1667 1426 solidos

183 1446 326 1480 nomine
344 1444 551 1481 sinodalium
568 1445 653 1481 ficut
670 1447 842 1481 haetenus
860 1447 1101 1483 reddiderunt.
1155 1448 1290 1482 Actum
1303 1448 1397 1496 apud
1413 1446 1560 1483 Paffelet
1572 1461 1665 1483 anno

180 1503 292 1548 gratie
311 1507 355 1537 ΜΟ
374 1507 433 1538 cc⁰
452 1508 528 1544 xx0,
564 1503 619 1538 die
639 1503 815 1538 dominica
831 1504 992 1551 proxima
1011 1510 1092 1539 ante
1117 1503 1346 1539 ascensionem
1367 1505 1527 1545 Domini,
1548 1518 1664 1540 coram

182 1558 311 1594 multis.

182 1728 382 1763 Conventio
410 1729 502 1764 inter
529 1729 741 1778 Episcopum
760 1729 1013 1777 Glasguensem
1042 1737 1076 1766 et
1111 1731 1285 1766 Abbatem
1305 1731 1347 1766 de
1369 1730 1524 1773 Paffelet‚
1560 1745 1665 1779 penes

179 1785 376 1819 taxationes
395 1784 628 1821 ecclesiarum.

181 1896 422 1933 OMNIBUS
450 1897 577 1934 Christi
606 1899 767 1934 fidelibus
798 1900 858 1934 has
887 1900 1020 1936 litteras
1051 1901 1173 1936 visuris
1204 1901 1259 1935 vel
1290 1902 1460 1936 audituris
1481 1901 1664 1937 Wilelmus

179 1952 401 1988 miseratione
419 1954 538 1989 divina
556 1953 695 1990 ecclefie
715 1955 937 2002 Glasguenfis
954 1958 1108 1994 minister
1135 1965 1169 1994 et
1190 1959 1373 1994 Wilelmus
1394 1959 1513 1994 Abbas
1531 1965 1565 1994 et
1584 1972 1664 1994 con-

179 2015 307 2044 ventus
327 2009 369 2044 de
390 2009 537 2045 Paffelet
555 2017 712 2046 eternam
731 2012 767 2046 in
786 2012 945 2048 Domino
963 2013 1120 2050 salutem.
1172 2015 1322 2050 Noverit
1337 2014 1540 2050 univerfitas
1553 2015 1664 2050 vestra

177 2079 242 2100 nos
263 2067 306 2101 de
325 2067 503 2101 communi
536 2066 703 2103 consensu
734 2067 871 2115 elegiffe
902 2071 1101 2118 magistrum
1136 2071 1328 2118 Hugonem
1362 2071 1662 2105 Archidiaconum

178 2122 444 2169 Glasguensem,
466 2123 658 2158 Ricardum
678 2125 896 2172 capellanum
910 2127 1043 2161 domini
1058 2127 1177 2174 Regis,
1200 2127 1397 2162 Robertum
1416 2132 1661 2174 precentorem

181 2179 444 2226 Glasguensem‚
460 2179 660 2226 magistrum
674 2180 896 2223 Cristianum‚
917 2184 1099 2218 dominum
1116 2183 1316 2230 Philippum
1335 2183 1378 2217 de
1399 2182 1558 2224 Perthec,
1578 2197 1662 2230 quo-

180 2249 258 2270 rum
276 2234 462 2283 provisioni
490 2242 525 2271 et
554 2237 767 2271 ordinationi
794 2251 859 2273 nos
886 2239 1091 2286 subjecimus
1120 2238 1180 2274 sub
1206 2252 1297 2286 pena
1323 2244 1463 2273 centum
1492 2239 1659 2275 librarum

174 2293 275 2340 super
295 2291 441 2327 ecclesiis
474 2292 712 2340 spectantibus
738 2293 782 2328 ad
811 2295 1057 2330 monasterium
1088 2296 1130 2330 de
1162 2293 1309 2330 Pafl'elet
1334 2300 1373 2329 ut
1399 2308 1466 2343 pax
1491 2301 1662 2343 perpetua

174 2350 265 2384 inter
296 2348 541 2384 monasterium
574 2348 789 2397 Glasguense
819 2350 1014 2396 [ecclesiam
1046 2350 1318 2399 Glasguensem]
1349 2358 1384 2386 et
1414 2351 1659 2387 monasterium
