1870 2683
231 295 301 326 300
634 288 951 325 REGISTRUM
980 287 1319 324 MONASTERII

234 401 297 435 per
315 387 463 422 dilefitms
482 392 516 420 et
534 385 654 421 fideles
672 386 806 421 nostros
826 385 987 420 dominos
1006 385 1231 419 Anthonium
1252 383 1386 419 Roffeti
1404 389 1438 420 et
1455 384 1652 422 Johannem
1672 387 1715 422 de

236 443 364 483 Vinea,
392 442 435 476 de
463 441 635 476 Cluniaco
670 441 889 489 presbiteros,
918 441 1075 475 notarios
1106 440 1264 488 publicos
1292 446 1327 476 et
1355 441 1448 476 dic'te
1480 442 1574 476 curie
1600 443 1714 478 nostre

230 500 378 545 juratos,
398 498 520 538 videri,
540 497 621 544 legi,
649 498 763 532 teneri
782 503 816 532 et
833 497 966 545 palpari
987 509 1026 531 ac
1045 496 1087 531 de
1113 496 1222 531 verbo
1252 497 1296 531 ad
1327 496 1472 531 verbum
1499 497 1717 533 collationari

235 555 380 589 fecimus
397 552 560 600 quasdam
580 553 769 600 originales
786 553 920 587 litteras
938 552 1048 587 felicis
1065 552 1319 587 recordationis
1337 552 1471 587 domini
1504 552 1603 587 Pauli
1630 566 1718 600 pape

235 610 386 650 secundi,
403 622 482 644 cum
500 609 567 644 filis
584 610 699 644 sericis
717 609 831 644 crocei
850 614 885 643 et
902 608 1001 643 rubei
1020 608 1178 642 colorum
1193 621 1292 643 more
1308 608 1471 643 Romane
1489 609 1584 643 curie
1597 607 1719 655 figilla-

235 672 297 706 tas,
327 671 361 700 et
378 665 608 712 plumbeatas,
630 664 727 699 sanas
746 670 780 700 et
798 666 963 711 integras,
990 676 1065 698 non
1094 664 1243 705 vitiatas,
1271 676 1344 698 non
1375 663 1583 698 cancellatas
1599 676 1665 699 nec
1683 665 1719 698 in

236 722 351 768 aliqua
378 720 428 755 sui
454 726 553 768 parte
571 720 754 768 susperstas,
783 721 841 755 sed
868 720 964 754 omni
993 719 1133 767 prorsus
1163 720 1249 754 vitio
1276 725 1311 754 et
1328 719 1518 766 suspicione
1549 725 1717 761 carentes,

236 778 384 811 formam
403 790 470 823 que
501 776 657 823 sequitur
687 777 919 817 continentes,
951 775 1154 810 PAULUS
1184 774 1361 822 episcopus
1392 775 1509 810 servus
1539 775 1718 811 servorum

238 835 306 870 Dei
327 835 464 869 dileetis
482 835 561 868 filiis
582 833 712 869 Abbati
727 840 761 868 et
774 833 964 868 conventui
977 831 1173 865 monasterii
1190 829 1436 871 Cluniacenfis‚
1458 830 1720 866 Matisconenfis

237 889 388 931 diocesis,
408 890 553 925 salutem
573 896 607 925 et
625 889 846 937 apostolicam
865 888 1160 924 benedictionem.
1214 888 1306 922 Cum
1325 901 1345 922 a
1363 888 1462 922 nobis
1477 889 1608 935 petitur
1626 890 1720 935 quod

231 946 361 993 justum
381 946 427 981 est
446 952 480 981 et
497 946 679 981 honestum
698 951 769 980 tam
788 946 889 992 vigor
908 945 1068 990 equitatis
1099 957 1205 990 quam
1233 944 1321 978 ordo
1340 944 1447 991 exigit
1465 945 1610 979 rationis
1627 951 1666 979 ut
1684 945 1719 979 id

236 1015 298 1049 per
314 1001 570 1037 solicitudinem
589 1002 693 1036 officii
710 1001 815 1036 nostri
847 1001 890 1035 ad
921 1001 1077 1035 debitum
1104 1001 1317 1047 perducatur
1335 1000 1510 1035 effe&um.
1563 1001 1719 1048 Eaprop-

236 1065 290 1093 ter
309 1059 427 1093 dilecti
445 1059 482 1092 in
500 1058 659 1092 Domino
678 1057 751 1098 filii,
779 1056 898 1092 vestris
910 1056 1008 1104 justis
1026 1056 1314 1104 postulationibus
1339 1061 1441 1102 grato
1467 1062 1719 1091 concurrentes

239 1113 382 1155 assensu,
411 1127 532 1148 omnes
550 1113 728 1148 libertates
747 1118 782 1147 et
800 1113 1038 1147 immunitates
1055 1125 1075 1146 a
1092 1110 1388 1159 predecefforibus
1406 1111 1529 1146 nostris
1549 1112 1719 1147 Romanis

239 1171 473 1218 pontificib11S‚
488 1169 555 1205 five
567 1183 629 1217 per
640 1170 824 1218 privilegia
835 1169 889 1203 vel
905 1169 971 1203 alia
985 1168 1121 1202 indulta
1132 1168 1230 1203 vobis
1242 1174 1276 1202 et
1290 1167 1497 1203 monasterio
1511 1168 1623 1203 vestro
1639 1182 1719 1204 con-

241 1225 355 1268 cessas,
375 1240 513 1261 necnon
532 1226 711 1260 libertates
726 1231 760 1260 et
774 1225 1013 1272 exemptiones
1028 1224 1232 1258 secularium
1252 1224 1476 1258 exa&ionum
1495 1237 1515 1258 a
1532 1224 1671 1271 regibus
1686 1232 1719 1259 et

238 1283 453 1330 principibus
471 1288 531 1316 aut
542 1282 617 1316 aliis
633 1281 758 1316 Christi
776 1281 937 1315 fidelibus
949 1280 1046 1314 vobis
1061 1285 1095 1314 et
1108 1280 1221 1314 eidem
1240 1279 1448 1314 monasterio
1466 1280 1720 1315 rationabiliter

238 1339 401 1379 indultas,
418 1338 612 1385 specialiter
630 1343 748 1371 autem
764 1337 924 1377 decimas,
946 1337 1125 1383 primitias,
1143 1336 1273 1377 census,
1290 1336 1437 1377 ᾗᾞὸὶῑιε,
1457 1336 1625 1377 redditus,
1641 1349 1720 1384 pro-

238 1401 373 1436 ventus,
391 1408 503 1441 agros,
518 1400 639 1434 terras
658 1394 788 1434 vineas,
806 1398 915 1440 prata,
935 1393 1069 1440 pascua,
1088 1392 1197 1433 filvas,
1217 1405 1373 1433 nemora,
1394 1393 1527 1433 domos
1546 1394 1717 1439 grangias,

236 1452 405 1499 piscarias,
426 1451 638 1490 molendina,
655 1450 783 1497 stagna,
799 1450 905 1490 lacus,
916 1449 1008 1496 jura,
1019 1449 1291 1496 jurisdifitioneS,
1306 1449 1441 1495 aliaque
1455 1449 1596 1483 mobilia
1609 1454 1643 1483 et
1658 1449 1718 1483 im-

238 1508 379 1542 mobilia
397 1507 490 1541 bona
507 1507 551 1540 ad
570 1506 704 1540 dustum
724 1505 971 1539 monasterium
989 1505 1160 1552 legittime
1178 1504 1380 1553 s'pee'tantia,
1409 1504 1505 1540 sicuti
1532 1518 1572 1540 ea
1602 1506 1718 1540 onmia

233 1563 322 1610 juste
341 1569 375 1597 et
394 1562 535 1610 pacifice
554 1559 740 1608 poffidetiS,
756 1561 854 1595 vobis
874 1566 908 1595 et
925 1574 988 1608 per
1005 1574 1067 1595 vos
1086 1562 1198 1596 eidem
1213 1561 1420 1595 monasterio
1438 1561 1622 1608 apostolica
1639 1575 1717 1595 auc-

236 1620 378 1653 toritate
393 1618 641 1652 confirmamus
660 1622 694 1651 et
708 1615 877 1663 presentis
895 1616 1010 1663 scripti
1028 1617 1224 1664 patrocinio
1244 1618 1523 1659 communimus3
1553 1616 1655 1651 Salva
1681 1618 1717 1651 in

236 1675 404 1722 predffikis
439 1674 581 1708 decimis
616 1673 858 1707 moderatione
892 1672 1030 1707 concilii
1065 1673 1248 1718 generalis.
1317 1673 1416 1707 Nulli
1453 1686 1537 1719 ergo
1572 1674 1716 1707 omnino

238 1731 419 1766 hominum
454 1729 555 1764 liceat
589 1729 679 1762 hanc
713 1728 877 1775 paginam
914 1728 1027 1762 nostre
1063 1729 1339 1763 confirmationis
1369 1735 1403 1764 et
1435 1729 1717 1763 communitionis

236 1787 428 1833 infringere
458 1785 515 1820 vel
547 1785 576 1819 ei
611 1784 694 1818 ausu
721 1784 909 1818 temerario
928 1785 1112 1818 contraire.
1167 1785 1199 1819 Si
1229 1786 1304 1831 quis
1334 1791 1448 1819 autem
1480 1785 1545 1819 hoc
1573 1790 1718 1832 attemp-

239 1850 313 1877 tare
353 1840 608 1889 presumpserit,
640 1840 919 1886 indignationem
951 1840 1202 1886 omnipotentis
1234 1840 1302 1875 Dei
1339 1847 1372 1874 et
1408 1841 1588 1875 beatorum
1621 1841 1715 1875 Petri

238 1906 272 1933 et
300 1898 400 1933 Pauli
427 1897 661 1945 apostolorum
694 1896 767 1943 ejus
797 1894 830 1930 se
860 1896 999 1929 noverit
1030 1896 1261 1930 incursurum.
1313 1896 1446 1931 Datum
1478 1897 1592 1932 Rome
1622 1898 1715 1944 apud

238 1955 408 1990 San5mm
428 1953 592 1987 Marcum
612 1965 704 1986 anno
724 1952 972 1986 incarnationis
991 1952 1164 1987 dominice
1183 1951 1361 1987 millesimo
1376 1953 1713 2000 quadringentesimo

237 2009 442 2057 sexagesimo
476 2009 633 2057 septimo,
670 2013 794 2054 quarto
831 2008 964 2042 decimo
1002 2007 1180 2042 Kalendas
1214 2008 1314 2049 Maii,
1350 2009 1574 2056 pontificatus
1608 2009 1713 2044 nostri

237 2081 329 2103 anno
360 2067 477 2101 tertio.
547 2066 609 2100 Sic
639 2066 808 2111 signatur
837 2076 945 2109 supra
976 2064 1211 2109 apostolicam,
1243 2064 1265 2100 J
1269 2077 1301 2099 o:
1335 2065 1377 2099 de
1409 2064 1614 2100 Tartarinis.
1669 2066 1713 2100 In

237 2126 334 2172 eujus
361 2122 499 2158 visionis
529 2122 773 2162 testimonium,
802 2121 894 2156 faeta
918 2121 1014 2167 prius
1041 2120 1200 2166 diligenti
1223 2121 1410 2155 collatione
1429 2121 1472 2155 de
1490 2121 1592 2155 dietis
1610 2122 1712 2168 origi-

236 2181 371 2215 nalibus
388 2180 513 2214 litteris
537 2179 579 2212 ad
598 2177 736 2225 presens
759 2175 1026 2223 transumptum,
1055 2176 1301 2223 transcriptum
1320 2177 1378 2211 seu
1396 2176 1546 2211 vidimus
1563 2190 1626 2224 per
1644 2178 1712 2211 dic-

237 2245 290 2271 tos
309 2236 403 2270 curie
422 2235 536 2269 nostre
561 2235 710 2282 juratos,
739 2233 862 2280 quibus
880 2232 981 2280 super
1008 2232 1073 2266 hiis
1101 2238 1136 2267 et
1163 2233 1238 2266 aliis
1267 2232 1455 2279 majoribus
1474 2233 1647 2266 credimus
1677 2238 1710 2266 et

235 2293 339 2327 fidem
362 2291 564 2325 adhibemus
585 2290 774 2330 indubiam,
804 2288 952 2335 figillum
971 2288 1064 2322 dicte
1082 2288 1177 2322 curie
1205 2287 1319 2322 nostre
1345 2288 1470 2322 litteris
1497 2287 1710 2334 presentibus

237 2348 399 2384 duximus
429 2347 688 2394 apponendum.
753 2345 886 2379 Datum
917 2357 987 2391 quo
1021 2344 1064 2378 ad
1094 2342 1259 2378 visionem
1294 2342 1500 2391 hujusmodi,
1538 2343 1707 2383 Cluniaci,
