1870 2683
764 258 835 293 DE
863 257 1133 293 PASSELET.
1619 264 1687 295 401

208 358 358 398 timonii,
378 357 421 391 ad
436 356 630 391 instantiam
649 368 773 396 meam,
793 356 873 401 quia
885 354 1033 401 sigillum
1048 367 1165 389 meum
1179 367 1251 388 non
1269 354 1315 388 est
1332 355 1548 389 autenticum
1562 367 1626 390 nec
1641 356 1687 390 est

207 414 397 454 notorium,
417 411 556 460 presens
573 411 736 459 scriptum
756 411 933 446 communi
951 410 1060 458 figillo
1078 411 1228 458 predidffi
1248 410 1348 457 burgi
1364 417 1398 446 et
1412 410 1521 457 sigillo
1534 411 1686 446 officiali-

208 471 286 505 tatis
304 471 399 505 curie
418 467 639 516 Glasguenfis
656 481 808 503 unacum
823 467 932 513 figillo
947 480 1026 502 meo
1041 468 1198 502 roborari
1212 468 1408 514 procuravi.
1439 467 1519 502 Hiis
1532 467 1684 503 testibus.

206 638 314 672 Carta
332 636 479 671 Walteri
496 636 558 671 filii
577 635 686 670 Alani
704 637 837 670 domini
858 637 966 682 Regis
985 636 1101 671 Scotie
1119 634 1307 677 senescalli,
1338 636 1381 671 de
1408 637 1549 671 redditu
1576 637 1683 671 trium

205 706 413 728 marcarum.

205 804 444 841 OMNIBUS
472 803 599 839 Christi
616 803 775 838 fidelibus
793 809 864 838 tam
882 803 1098 851 presentibus
1116 817 1220 851 quam
1250 805 1376 839 futuris
1396 805 1573 840 Walterus
1591 805 1682 839 filius

205 861 315 895 Alani
333 861 465 895 domini
485 860 594 907 Regis
612 859 728 895 Scotie
745 859 950 894 senescallus
969 860 1126 894 salutem.
1180 860 1333 895 Noverit
1351 860 1555 896 universitas
1572 861 1683 896 vestra

203 930 260 952 me
279 917 395 952 divine
413 917 550 964 pietatis
568 917 709 957 intuitu,
739 921 774 951 et
791 929 855 963 pro
873 916 982 950 salute
1001 917 1115 950 anime
1134 929 1211 951 mee
1231 923 1265 950 et
1282 918 1390 963 patris
1410 924 1444 952 et
1467 918 1587 952 matris
1605 930 1681 952 mee

203 979 239 1008 et
256 972 510 1008 antecefl'orum
529 978 564 1008 et
580 970 811 1007 succefforum
829 985 1001 1012 meorum,
1022 970 1226 1013 conceffiffe,
1248 972 1376 1007 dediffe
1395 979 1429 1008 et
1450 974 1514 1008 hac
1532 973 1683 1021 presenti

203 1035 299 1064 carta
315 1042 394 1064 mea
411 1027 626 1064 confirmaffe
647 1028 727 1063 Deo
747 1034 781 1062 et
799 1028 898 1063 beate
914 1028 1030 1063 Marie
1050 1034 1083 1063 et
1102 1029 1293 1063 conventui
1309 1029 1351 1064 de
1379 1030 1483 1076 Syxle
1501 1030 1538 1064 in
1555 1042 1678 1077 puram

203 1090 238 1120 et
255 1085 400 1120 liberam
428 1092 462 1120 et
490 1091 695 1133 perpetuam
715 1083 946 1124 elemofinam,
976 1086 1152 1119 redditum
1185 1086 1290 1120 trium
1322 1099 1518 1121 marcarum
1545 1086 1682 1133 argenti

203 1142 246 1178 de
264 1143 404 1177 redditu
423 1155 501 1176 meo
520 1155 623 1188 quem
644 1141 760 1175 Adam
779 1142 822 1175 de
841 1140 933 1175 Neff
944 1147 978 1176 et
997 1142 1142 1176 heredes
1160 1142 1209 1176 sui
1229 1143 1332 1177 michi
1352 1148 1386 1178 et
1399 1143 1585 1178 heredibus
1597 1144 1682 1178 meis

202 1200 383 1234 annuatim
401 1198 535 1233 solvere
552 1198 763 1233 tenebantur
781 1211 845 1245 pro
864 1204 958 1232 terra
976 1211 1077 1244 quam
1109 1198 1287 1233 Henricus
1310 1198 1478 1233 VValenlis
1504 1200 1681 1246 quondam

202 1256 326 1296 tenuit,
355 1268 458 1301 quam
478 1256 581 1289 etiam
601 1255 714 1289 eidem
734 1255 815 1288 Ade
834 1260 868 1289 et
887 1254 1072 1288 heredibus
1090 1254 1156 1289 suis
1176 1255 1218 1289 de
1246 1268 1301 1289 me
1328 1260 1363 1289 et
1390 1255 1577 1290 heredibus
1595 1256 1681 1289 meis

202 1312 411 1346 hereditarie
430 1311 617 1345 tenendam
648 1323 711 1357 per
737 1316 866 1344 cartam
886 1323 998 1344 meam
1018 1311 1163 1346 contuli.
1216 1310 1396 1357 Affignavi
1425 1312 1528 1346 etiam
1547 1312 1681 1359 predic-

201 1374 277 1402 tum
296 1367 414 1402 Adam
433 1372 467 1402 et
485 1367 631 1401 heredes
654 1366 731 1400 suos
749 1367 910 1413 predifi’m
929 1368 1120 1402 conventui
1139 1368 1181 1402 de
1201 1367 1305 1415 Syxle
1324 1368 1368 1402 ad
1385 1368 1584 1415 prerlietum
1604 1369 1681 1403 red-

202 1424 314 1458 ditum
331 1424 437 1458 trium
457 1436 653 1457 marcarum
672 1423 853 1457 annuatim
882 1423 926 1457 ad
955 1423 1042 1457 duos
1061 1424 1229 1458 terminos
1259 1425 1518 1471 imperpetuum
1546 1424 1680 1459 solven-

201 1481 297 1521 dum,
330 1479 458 1514 scilicet
487 1479 531 1513 ad
559 1478 679 1513 festum
712 1478 932 1513 Pentecostes
962 1480 1086 1526 viginti
1116 1480 1242 1514 solidos
1269 1486 1303 1515 et
1334 1481 1378 1514 ad
1409 1480 1531 1515 festum
1560 1480 1680 1516 Sanffl

202 1536 353 1571 Martini
371 1549 417 1569 xx
434 1535 572 1570 solidos.
625 1534 672 1569 Et
690 1547 755 1580 ego
777 1534 952 1570 Walterus
979 1542 1014 1570 et
1036 1537 1181 1571 heredes
1199 1537 1268 1571 mei
1285 1537 1485 1584 predi&um
1503 1537 1681 1572 redditum

201 1592 362 1640 predifflm
387 1591 578 1626 conventui
596 1591 855 1638 imperpetuum
875 1591 918 1625 de
936 1592 1097 1627 omnibus
1115 1592 1199 1627 ficut
1216 1605 1341 1640 puram
1359 1591 1579 1628 elemofinam
1598 1606 1680 1627 con-

201 1656 256 1683 tra
283 1661 405 1683 omnes
436 1648 595 1682 homines
613 1646 918 1681 warantizabimus
950 1654 985 1682 et
1011 1649 1250 1683 defendemus.
1303 1648 1350 1683 Et
1380 1654 1420 1683 ut
1449 1649 1516 1683 hoc
1547 1649 1679 1683 donum

201 1719 319 1741 meum
337 1711 452 1739 ratum
480 1711 514 1739 et
540 1704 657 1739 stabile
688 1704 946 1751 imperpetuum
971 1711 1174 1752 permaneat
1200 1705 1366 1753 presentis
1384 1705 1499 1752 scripti
1518 1707 1679 1753 paginam

200 1762 299 1809 sigilli
317 1763 385 1796 mei
403 1759 622 1809 impreffione
641 1761 891 1803 corroboravi3
922 1760 1002 1795 Hiis
1020 1761 1170 1803 testibus,
1201 1762 1344 1796 domino
1374 1762 1457 1795 Ada
1483 1762 1605 1796 abbate
1636 1763 1679 1796 de

202 1819 349 1858 Melms,
381 1818 537 1864 Hugone
556 1816 736 1864 suppriore
762 1818 798 1851 in
825 1818 947 1852 eadem
966 1817 1083 1859 domo,
1114 1818 1258 1864 Rogero
1277 1818 1349 1852 filio
1369 1817 1474 1865 Glay‚
1505 1818 1677 1860 He&ore,

199 1875 363 1911 ,Iohanne
382 1874 425 1908 de
446 1873 724 1920 Montegumeri,
744 1873 910 1908 militibus
922 1875 1018 1915 meis,
1032 1875 1206 1909 Nicholao
1218 1874 1366 1922 persona
1384 1874 1426 1909 de
1446 1874 1677 1916 Dundonald,

202 1930 367 1965 yWilelmo
385 1930 492 1964 fratre
518 1929 591 1969 suo,
622 1928 798 1970 Wilelmo,
832 1929 940 1970 Luca,
964 1930 1134 1971 Roberto,
1166 1931 1362 1978 capellanis,
1393 1930 1587 1965 Malcolmo
1606 1932 1678 1966 filio

202 1987 420 2033 Maldoveny
448 1985 583 2020 comitis
601 1985 644 2020 de
664 1985 842 2026 Levenax,
876 1986 1038 2021 Wilelmo
1061 1988 1104 2022 de
1125 1987 1307 2034 Pertheyc,
1335 1986 1494 2021 Roberto
1513 1987 1555 2021 de
1576 1987 1679 2034 Egle⁴

200 2043 304 2083 iham,
326 2042 444 2076 Alano
465 2041 507 2076 de
526 2041 810 2089 Wynelingham,
832 2042 975 2085 clericis,
997 2043 1162 2078 WVilelmo
1181 2043 1274 2085 Scot,
1295 2048 1329 2078 et
1346 2043 1431 2077 aliis.

202 2171 310 2206 Carta
330 2170 446 2205 Adam
466 2170 509 2205 de
528 2168 619 2204 Neff
631 2170 673 2205 de
691 2170 802 2205 tribus
820 2172 944 2206 marcis
961 2171 1178 2219 supradietis.

199 2266 440 2303 OMNIBUS
468 2267 594 2301 Christi
612 2266 772 2302 fidelibus
790 2268 1007 2314 presentibus
1025 2273 1059 2303 et
1076 2268 1203 2303 futuris
1222 2268 1340 2303 Adam
1355 2269 1397 2304 de
1415 2267 1508 2304 Neff
1517 2268 1673 2305 salutem.

200 2323 352 2365 Noverit
369 2322 571 2358 universitas
597 2323 707 2359 vestra
734 2337 790 2359 me
821 2330 855 2359 et
886 2325 1032 2359 heredes
1060 2338 1157 2360 meos
1184 2325 1259 2373 post
1290 2338 1346 2361 me
1380 2325 1550 2373 obligatos
1576 2327 1674 2363 fuiffe

899 2383 921 2415 3
940 2392 960 2415 E
