1839 2652
195 292 264 328 168
611 284 927 322 REGISTRUM
955 283 1293 319 MONASTERII

203 401 245 423 eo
272 386 419 434 amplius
447 382 547 432 elapfi
576 382 655 418 sunt
684 382 863 429 postquam
888 381 955 414 1100
979 379 1078 420 vidit,
1107 385 1142 414 et
1166 393 1232 427 pro
1261 381 1358 414 certo
1384 379 1491 414 habet
1516 380 1680 427 quicquid

203 444 296 483 dicit,
328 442 408 488 quia
437 445 540 474 natus
569 439 636 473 fuit
664 439 699 472 in
728 438 789 472 illa
817 435 1010 484 parrochia.
1065 432 1185 469 Reffin
1208 434 1359 482 juratuS,
1387 435 1479 469 idem
1507 435 1591 470 dicit
1617 449 1680 483 per

204 499 321 533 omnia
337 497 431 543 quod
459 496 614 530 Nemias.
667 494 842 529 Gillemor
864 491 1004 539 juratus
1022 490 1113 525 idem
1133 491 1216 525 dicit
1233 503 1296 537 per
1314 490 1432 524 omnia
1448 491 1542 536 quod
1561 490 1680 526 Reffin

203 560 237 589 et
269 553 422 588 Nemias.
477 551 647 585 Rotheric
678 550 753 596 Beg
772 549 815 583 de
834 548 956 583 Carrio
976 547 1126 594 juratus,
1155 546 1346 581 concordat
1364 546 1399 580 in
1419 546 1579 581 omnibus
1600 560 1679 582 cum

204 609 397 644 Malcolmo
427 607 502 653 Beg
531 606 639 641 fratre
670 604 782 653 ipfius.
836 602 1035 649 Requifitus
1065 603 1214 649 qualiter
1245 603 1312 637 1100
1342 600 1449 643 scivit,
1481 603 1568 637 dixit
1585 604 1680 649 quod

202 667 268 700 hoc
285 665 372 699 vidit
390 664 432 698 ab
449 661 683 697 adolescentia
700 660 769 701 sua,
799 660 880 706 quia
897 665 999 693 natus
1017 664 1052 693 et
1082 658 1237 693 nutritus
1266 664 1340 693 erat
1371 658 1407 692 in
1437 659 1620 706 parrochia
1637 659 1679 693 de

205 720 403 768 Kylpatrik.
458 719 587 753 Rathel
598 718 749 765 juratus,
770 715 960 751 concordat
985 715 1022 748 111
1041 714 1201 748 omnibus
1220 727 1298 748 cum
1317 714 1478 761 predicto
1499 714 1679 749 Rotheric.

203 776 407 812 Gillekonel
428 774 598 809 Manthac
616 774 723 808 frater
742 772 877 807 comitis
896 771 938 805 de
967 770 1088 804 Carrio
1100 770 1251 817 juratuS,
1272 770 1355 804 dicit
1374 770 1465 804 idem
1483 783 1546 817 per
1564 771 1681 805 omnia

202 833 295 879 quod
316 831 528 866 Malcolmus
548 830 634 876 Beg.

205 1000 340 1034 Littera
358 1000 517 1046 delegata
533 996 858 1044 condempnationis
876 993 1036 1042 episcopo
1056 992 1281 1039 Glasgwenfi.

203 1111 476 1147 VENERABI
483 1110 533 1144 LI
552 1110 641 1157 patri
656 1109 821 1143 Wilelmo
841 1107 911 1141 Dei
929 1106 1040 1152 gratia
1059 1104 1273 1150 Glasgwenfi
1288 1105 1446 1153 episcopo
1466 1106 1679 1142 Laurentius

204 1174 238 1202 et
258 1167 431 1201 Ricardus
450 1166 492 1200 de
512 1165 634 1201 Carrio
653 1171 687 1199 et
707 1164 749 1198 de
769 1162 969 1209 Cunigham
1000 1161 1121 1195 decani
1153 1166 1187 1195 et
1220 1161 1371 1195 Allanus
1398 1162 1557 1208 magister
1574 1162 1678 1197 scola-

203 1237 280 1258 rum
300 1224 342 1257 de
362 1223 437 1256 Are
455 1221 599 1256 salutem
627 1226 662 1255 et
693 1220 844 1254 debitam
863 1217 1108 1252 reverentiam.
1162 1216 1369 1251 Paternitati
1386 1217 1496 1251 vestre
1514 1216 1679 1264 fignifica-

203 1292 279 1314 mus
297 1278 391 1325 quod
410 1290 488 1312 cum
508 1275 652 1311 effemus
673 1276 810 1323 judices
840 1287 860 1308 a
889 1272 1033 1307 domino
1053 1271 1148 1318 Papa
1166 1272 1315 1318 delegati
1346 1273 1382 1306 in
1413 1273 1561 1318 quadam
1580 1273 1679 1308 causa

203 1348 269 1382 que
288 1333 489 1369 vertebatur
508 1333 600 1366 inter
619 1332 793 1365 Abbatem
818 1335 852 1364 et
879 1333 1094 1363 conventum
1123 1328 1164 1362 de
1185 1326 1331 1362 Pafl'elet
1358 1341 1401 1362 ex
1419 1335 1516 1376 parte
1535 1342 1615 1370 una,
1645 1336 1679 1364 et

203 1391 405 1426 Gilbertum
424 1389 534 1423 filium
555 1388 724 1422 Samuelis
744 1388 786 1421 de
806 1385 955 1420 Renfrw
975 1397 1017 1418 ex
1043 1384 1164 1425 altera,
1192 1383 1295 1431 super
1322 1385 1381 1419 illa
1408 1391 1504 1419 terra
1534 1386 1577 1420 de
1607 1399 1679 1421 mo-

201 1446 472 1481 nachkennaran
490 1457 593 1491 quam
613 1444 726 1478 dictus
747 1442 930 1477 Gilbertus
949 1440 1063 1474 tenuit
1082 1445 1116 1474 et
1134 1440 1247 1474 adhuc
1266 1446 1373 1481 tenet,
1394 1441 1454 1475 lite
1481 1454 1599 1476 coram
1618 1455 1679 1477 110-

202 1504 252 1537 bis
283 1503 349 1536 rite
380 1500 578 1540 contestata,
606 1499 747 1534 testibus
777 1496 970 1545 produ&is‚
998 1495 1272 1530 attestationibus
1298 1495 1384 1536 vifis,
1413 1496 1679 1543 allegationibus

200 1558 353 1605 partium
370 1557 507 1596 auditis,
529 1561 563 1590 et
581 1555 681 1590 totali
700 1554 799 1589 causa
816 1552 1026 1587 sufficienter
1045 1552 1250 1592 examinata,
1279 1552 1360 1597 quia
1378 1552 1553 1588 constabat
1578 1553 1678 1588 nobis

203 1615 315 1648 (116105
335 1612 509 1646 Abbatem
529 1617 563 1646 et
582 1617 795 1645 conventum
822 1607 1054 1643 intentionem
1082 1605 1177 1641 suam
1207 1606 1417 1642 sufficienter
1446 1608 1614 1655 probaffe‚
1634 1611 1677 1645 de

202 1668 341 1704 confilio
359 1669 516 1703 virorum
534 1667 761 1715 prudentium
781 1671 814 1699 et
836 1664 926 1711 juris
944 1663 1150 1709 peritorum,
1178 1661 1417 1710 poffeflionem
1448 1665 1556 1710 petite
1582 1671 1676 1701 terre

203 1725 314 1760 eidem
333 1723 586 1758 sententialiter
603 1722 888 1769 adjudicavimus,
919 1725 953 1753 et
974 1719 1108 1753 dictum
1127 1718 1330 1754 Gilbertum
1349 1720 1385 1753 in
1404 1719 1559 1766 expensis
1577 1721 1676 1768 legit-

201 1781 294 1815 timis
312 1778 438 1814 eisdem
457 1777 802 1824 condempnavimus,
826 1775 988 1809 videlieet
1006 1775 1043 1809 in
1061 1775 1205 1822 triginta
1222 1775 1317 1810 libris
1335 1789 1355 1810 a
1372 1782 1470 1823 parte
1489 1778 1676 1812 monacho-

200 1849 279 1871 rum
292 1835 418 1883 juratis
446 1839 480 1868 et
497 1847 517 1868 a
534 1834 633 1868 nobis
651 1833 775 1867 taxatis
793 1838 827 1867 et
846 1831 1044 1865 moderatis.
1096 1831 1219 1866 Vestre
1238 1832 1345 1878 igitur
1363 1832 1575 1879 paternitati,
1596 1847 1674 1869 auc-

200 1891 341 1925 toritate
360 1888 545 1936 apostolica
562 1902 630 1935 qua
647 1888 837 1934 fungimur,
859 1888 1064 1922 mandamus
1083 1893 1118 1922 et
1144 1888 1359 1934 injungimus
1377 1889 1541 1934 quatinus
1560 1890 1604 1924 ob
1621 1903 1674 1925 re-

201 1947 394 1981 verentiam
421 1945 553 1978 domini
582 1944 676 1991 Pape
705 1949 739 1978 et
767 1943 999 1977 obedientiam
1031 1944 1062 1978 ei
1093 1944 1254 1985 debitam,
1286 1943 1491 1979 sententiam
1523 1945 1671 1981 nostram

200 2000 535 2048 contrap1·edi6tum
556 2000 757 2034 Gilbertum
788 1999 892 2033 latam
921 2001 1119 2034 executioni
1146 2000 1356 2035 demandare
1385 2001 1587 2047 dignemini,
1620 2015 1672 2037 re-

200 2058 349 2093 sistentes
367 2069 428 2104 per
447 2055 626 2090 censuram
645 2054 898 2091 ecclesiasticam
930 2055 1197 2102 compescentes.
1251 2056 1377 2091 Valeat
1394 2057 1583 2103 paternitas
1603 2058 1671 2092 ves-

201 2122 256 2149 tra
272 2112 404 2159 semper
424 2113 458 2145 in
478 2111 646 2146 Domino.
