1839 2652
750 239 821 275 DE
848 238 1117 275 PASSELET.
1626 242 1669 277 91

191 339 267 374 cuis
293 344 328 373 et
353 337 514 385 piscariis,
542 335 811 385 pofl'esfionibus,
839 336 1031 372 redditibus
1058 341 1093 370 et
1119 334 1193 369 aliis
1219 334 1319 368 bonis
1344 331 1522 368 univerfis.
1575 333 1622 368 Et
1650 333 1671 367 fi

191 396 283 430 forte
302 395 344 430 de
362 395 462 429 nobis
480 395 516 428 in
535 394 599 428 hac
616 393 899 441 peregrinatione
917 393 1119 427 humanitus
1137 391 1335 437 contigerit,
1363 390 1526 424 volumus
1545 395 1579 424 et
1596 402 1674 437 pre-

193 452 338 499 cipimus
356 457 395 486 ut
415 451 560 486 heredes
587 450 703 491 nostri,
732 450 768 484 in
793 449 950 497 periculo
977 449 1171 483 animarum
1198 447 1349 487 suarum,
1377 446 1466 480 hanc
1492 446 1673 481 confirma-

191 508 324 543 tionem
357 512 500 542 teneant
526 520 589 554 pro
616 505 805 540 salvatione
832 506 947 539 anime
972 504 1098 539 nostre.
1170 504 1214 538 In
1240 504 1339 550 cujus
1365 503 1416 537 rei
1441 502 1674 537 testimonium

190 563 340 611 figillum
358 563 514 598 nostrum
532 563 661 610 apponi
678 562 822 596 fecimus
837 567 931 596 carte
945 561 1107 608 presenti.
1162 560 1243 595 Hiis
1261 559 1411 600 testibus,
1431 559 1539 594 fratre
1558 559 1675 594 Theo-

191 620 295 654 baldo
313 619 476 667 magistro
496 619 538 653 de
558 618 762 665 Torpheyn,
796 617 960 651 VVilelmo
988 623 1023 651 et
1051 617 1210 651 Roberto
1239 616 1423 663 capellanis
1450 615 1584 656 nostris,
1614 616 1673 649 do-

191 677 288 711 mino
301 677 407 711 fratre
418 675 547 716 nostro,
568 675 711 709 domino
727 674 847 708 Alano
866 674 909 708 de
930 672 1060 713 Insula,
1081 672 1225 706 domino
1246 671 1386 706 Thoma
1405 671 1510 712 Croc,
1531 672 1674 706 domino

194 733 372 768 Edwardo
391 733 435 767 de
454 731 583 766 Monte
613 736 728 771 acum,
757 730 900 764 domino
920 729 1085 763 Wilelmo
1116 728 1159 762 de
1188 728 1322 768 Karall,
1350 728 1494 762 domino
1522 728 1677 762 Ricardo

193 788 342 837 Crispin,
365 788 521 823 Waltero
540 788 583 822 de
603 786 707 822 Trost
724 786 862 827 clerico,
883 790 918 821 et
935 785 1054 820 multis
1073 784 1158 819 aliis.

192 957 351 992 Donatio
379 956 569 1003 regalitatis
601 955 751 990 Roberti
780 955 875 989 tertii
903 954 994 1000 regis
1025 952 1155 993 Scotie,
1199 952 1242 986 de
1271 951 1355 999 Kyll
1384 957 1418 986 et
1445 952 1488 986 de
1516 952 1676 986 omnibus

191 1014 294 1048 terris
311 1012 510 1047 monasterii
529 1012 571 1046 de
592 1009 739 1046 Paffelet
757 1012 794 1046 in
811 1023 918 1046 unam
937 1010 1128 1045 baroniam.

195 1125 474 1161 ROBERTUS
494 1124 565 1160 Dei
583 1124 696 1171 gratia
713 1137 776 1158 rex
804 1124 990 1158 Scotorum
1010 1121 1171 1156 omnibus
1198 1121 1316 1168 probis
1344 1120 1543 1155 hominibus
1574 1120 1681 1154 totius

194 1188 288 1217 terre
305 1182 363 1217 sue
382 1182 515 1217 clericis
533 1186 568 1216 et
586 1181 680 1215 laicis
697 1180 854 1215 salutem.
906 1180 1028 1214 Sciatis
1045 1191 1120 1218 nos,
1149 1190 1215 1225 pro
1241 1177 1349 1212 salute
1382 1177 1497 1212 anime
1515 1176 1630 1211 nostre
1649 1182 1684 1211 et

195 1239 391 1273 animarum
410 1236 662 1273 antecefl'orum
682 1242 716 1271 et
733 1234 963 1271 succefl'orum
981 1234 1191 1274 nostrorum,
1219 1246 1342 1280 regum
1361 1238 1396 1268 et
1414 1233 1680 1268 senescallorum

197 1295 323 1335 Scotie‚
353 1293 491 1334 dediffe,
525 1291 718 1328 conceffiffe
737 1298 772 1327 et
789 1293 853 1327 hac
871 1291 1021 1339 presenti
1040 1295 1134 1325 carta
1158 1289 1275 1324 nostra
1292 1288 1508 1324 confirmaffe
1536 1289 1618 1324 Deo
1645 1294 1680 1323 et

195 1351 294 1386 beate
314 1350 430 1385 Marie
449 1355 484 1384 et
502 1350 604 1385 beato
622 1349 645 1385 J
647 1349 756 1384 acobo
775 1348 930 1396 apostolo
957 1353 992 1382 et
1011 1347 1142 1382 Sancto
1162 1346 1299 1381 Mirino
1319 1344 1513 1386 confeffori‚
1542 1358 1682 1380 necnon

197 1407 328 1442 Abbati
347 1412 381 1441 et
399 1407 578 1441 monachis
597 1406 640 1440 de
660 1403 830 1440 Paffeleto
849 1404 1065 1452 presentibus
1094 1409 1128 1438 et
1153 1403 1291 1443 futuris,
1321 1415 1442 1437 omnes
1469 1407 1504 1437 et
1533 1401 1682 1448 singulas

195 1469 306 1498 terras
324 1462 411 1504 suas,
439 1463 598 1497 redditus
617 1467 651 1497 et
668 1460 891 1509 poss'efliones
909 1462 946 1495 in
963 1460 1109 1495 baronia
1125 1459 1241 1494 nostra
1259 1460 1301 1494 de
1321 1458 1461 1494 Renfru
1486 1459 1577 1493 infra
1593 1459 1683 1493 vice-

197 1520 402 1555 comitatum
435 1519 477 1553 de
507 1518 650 1553 Lanark
676 1517 839 1560 fituatas;
876 1517 1029 1552 Necnon
1060 1528 1182 1550 omnes
1206 1521 1318 1550 terras
1343 1516 1430 1556 suas,
1463 1515 1622 1550 redditus
1648 1520 1683 1548 et

197 1574 417 1623 poffeffiones
443 1576 480 1610 in
505 1575 651 1609 baronia
676 1574 792 1608 nostra
817 1574 859 1608 de
888 1574 970 1609 Kile
989 1572 1174 1608 Senescalli
1204 1572 1296 1606 infra
1324 1572 1608 1606 vicecomitatum
1640 1571 1682 1605 de

199 1632 274 1667 Are
297 1632 481 1679 jacentes;
520 1631 567 1665 Et
584 1631 738 1677 quinque
764 1636 933 1665 marcatas
959 1636 1052 1664 terre
1077 1628 1136 1663 sue
1164 1628 1206 1663 de
1235 1628 1360 1669 Molla,
1390 1633 1425 1663 et
1452 1628 1628 1662 Huntlaw
1645 1628 1683 1661 in

197 1695 291 1723 terra
309 1689 352 1723 de
372 1686 590 1734 Haffynden,
611 1687 701 1721 infra
719 1687 1003 1721 vicecomitatum
1030 1686 1073 1720 de
1090 1685 1308 1728 Roxbruch3
1347 1685 1394 1719 Et
1419 1690 1530 1719 terras
1548 1684 1623 1718 suas
1641 1684 1684 1718 de

198 1744 297 1780 Orde
315 1744 406 1779 infra
422 1744 706 1778 vicecomitatum
725 1743 768 1778 de
788 1743 903 1777 Peblis
919 1757 928 1785 3
967 1742 1011 1777 In
1042 1754 1149 1776 unam
1176 1742 1350 1788 integram
1369 1746 1403 1775 et
1421 1741 1567 1775 liberam
1585 1740 1685 1774 baro-

197 1802 290 1836 niam
309 1806 344 1835 et
369 1801 405 1834 in
432 1813 556 1847 puram
584 1805 618 1834 et
644 1805 853 1847 perpetuam
879 1799 1046 1845 regaliam
1071 1797 1130 1832 seu
1156 1797 1400 1845 regalitatem3
1435 1796 1623 1832 Tenendas
1650 1802 1685 1831 et

198 1857 372 1892 habendas
391 1857 493 1891 dictis
524 1854 690 1903 religiosis
710 1861 744 1890 et
762 1868 885 1890 eorum
910 1853 1156 1890 successoribus
1183 1855 1442 1901 imperpetuum
1462 1854 1505 1888 de
1523 1853 1624 1887 nobis
1650 1858 1685 1886 et

197 1913 383 1948 heredibus
401 1912 525 1947 nostris
543 1912 662 1952 libere,
692 1912 821 1958 quiete,
850 1912 1017 1959 plenarie,
1045 1911 1183 1957 integre
1202 1916 1237 1944 et
1254 1910 1459 1950 honorifice,
1488 1910 1577 1943 bene
1596 1914 1631 1942 et
1648 1909 1685 1941 in

198 1982 293 2016 pace,
313 1969 350 2003 in
367 1969 486 2009 moris,
506 1967 687 2009 marrefiis,
707 1969 825 2015 pratis,
845 1967 977 2015 pascuis
996 1973 1030 2002 et
1047 1967 1202 2014 pasturiS,
1221 1966 1296 2006 viis,
1317 1965 1456 2006 semitis,
1473 1966 1580 2011 aquis,
1600 1964 1685 2010 stag-

199 2025 253 2058 nis
271 2030 305 2059 et
322 2025 473 2065 vivariis,
504 2024 806 2072 aucupationibus,
833 2023 1078 2059 venationibus
1106 2028 1140 2057 et
1166 2021 1421 2070 piscationibuS,
1455 2034 1533 2056 cum
1552 2020 1685 2055 molen-

201 2080 302 2120 dinis,
330 2080 494 2115 multuris
521 2086 556 2115 et
582 2093 704 2115 eorum
731 2080 887 2126 sequelis,
916 2093 995 2115 cum
1023 2080 1127 2114 curiis
1154 2084 1189 2113 et
1215 2078 1390 2112 curiarum
1418 2077 1577 2117 exitibus,
1605 2089 1686 2111 cum

200 2136 394 2170 tenandriis
420 2141 455 2170 et
481 2136 627 2171 servitiis
653 2136 973 2177 liberetenentium,
1002 2148 1082 2170 cum
1107 2134 1243 2174 bondis,
1271 2134 1464 2180 bondagiiS,
1497 2133 1623 2168 nativis
1650 2139 1685 2167 et

202 2204 325 2226 eorum
342 2190 499 2238 sequens,
527 2204 607 2226 cum
634 2192 776 2226 fabrinis
795 2198 830 2227 et
846 2191 999 2232 brafinis,
1028 2204 1108 2226 eum
1126 2191 1224 2225 furca
1251 2195 1285 2224 et
1311 2188 1405 2230 foffa,
1433 2188 1505 2230 solz,
1533 2189 1622 2224 tholl
1649 2195 1684 2223 et

201 2248 351 2288 theame,
371 2247 641 2293 infangandtbef
655 2253 689 2282 et
707 2248 1011 2295 outfangandthef,
1032 2253 1067 2282 et
1084 2259 1165 2282 cum
1183 2246 1257 2281 aliis
1276 2245 1437 2280 omnibus
1455 2245 1682 2285 libertatibus,

202 2303 519 2344 commoditatibus,
539 2301 744 2339 aifiamentis
763 2309 797 2339 et
809 2303 908 2351 justis
925 2303 1146 2351 pertinentiis
1166 2307 1201 2338 et
1219 2301 1464 2338 emolumentis
1479 2300 1686 2349 quibuscun-
