1870 2683
753 280 825 316 DE
852 279 1122 316 PASSELET.
1610 285 1677 316 331

196 381 245 414 ita
262 378 355 425 quod
375 378 514 412 interim
527 378 626 413 nulla
640 378 814 412 dictarum
828 378 981 425 partium
995 378 1032 412 in
1045 376 1277 425 prejudicium
1286 377 1378 425 juris
1389 377 1532 412 alterius
1550 377 1681 423 aliquid

196 436 402 483 impetraret
418 433 477 469 seu
494 438 719 482 attemptaret
738 433 774 467 in
794 433 958 468 Romana
975 434 1072 468 curia
1089 433 1146 469 vel
1165 433 1245 468 alibi
1264 433 1476 480 ubicunque,
1496 438 1531 468 et
1548 433 1584 467 in
1603 433 1681 468 casu

197 504 266 538 quo
285 491 401 525 medio
420 495 579 538 tempore
598 489 728 536 aliquid
742 489 848 524 fuerit
866 490 1090 537 impetratum
1102 503 1167 537 pro
1180 489 1281 524 dictis
1297 489 1437 524 Abbate
1455 494 1490 524 et
1504 494 1681 524 conventu

197 547 285 582 illud
303 559 376 581 non
395 546 535 581 cederet
554 547 590 580 in
609 546 874 592 derogationem
899 545 990 592 juris
1008 552 1069 581 aut
1088 545 1187 581 cause
1205 546 1298 580 inter
1325 545 1463 581 eosdem
1480 550 1521 580 ut
1539 546 1681 593 premit-

197 605 283 638 titur
301 608 396 637 mote
413 617 423 646 3
452 608 486 637 et
503 602 564 637 ista
580 602 728 637 firmiter
746 607 781 636 et
799 602 1048 637 inviolabiliter
1067 602 1250 637 observare
1275 607 1347 636 tam
1374 603 1489 637 dictus
1515 599 1679 636 dominus

200 659 390 707 Episcopus
408 671 511 704 quam
528 659 691 693 dominus
707 657 827 692 Abbas
838 658 993 705 prefatus
1005 671 1111 693 manu
1126 658 1240 693 levata
1254 664 1288 693 et
1300 658 1368 693 fide
1380 658 1520 706 prestita
1532 657 1682 692 fideliter

197 714 362 762 promifit.
415 714 463 748 Et
480 715 582 761 super
599 712 767 761 premissis
784 714 963 761 petierunt
982 714 1075 748 dicte
1101 719 1218 761 partes
1249 719 1284 748 et
1311 727 1431 749 earum
1449 714 1603 761 quelibet
1620 726 1682 761 per

198 784 254 806 me
271 771 448 805 notarium
467 769 695 816 subscriptum
714 769 773 803 fibi
791 770 964 804 conficere
983 770 1161 817 publicum
1182 769 1450 805 instrumentum
1467 770 1526 805 seu
1544 769 1683 817 publica

197 826 427 861 instrumenta
444 825 629 860 consimilis
646 824 842 866 substantie,
856 826 988 860 tenoris
1003 831 1106 872 atque
1125 826 1250 861 forme.
1301 826 1395 860 A&a
1411 827 1491 860 sunt
1508 826 1572 860 hec
1589 825 1684 872 apud

198 881 373 918 ecclefiam
392 881 645 930 parrochialem
666 882 709 916 de
729 881 942 916 Dunbertan
954 895 1059 923 anno,
1076 882 1281 922 indictione,
1297 881 1414 917 mense
1428 887 1463 916 et
1476 882 1684 929 pontificatu

199 939 366 986 prediEHS
382 953 392 981 ;
419 937 635 985 presentibus
652 937 910 972 venerabilibus
928 938 1011 972 viris
1029 943 1064 972 et
1083 937 1238 972 discretis
1256 938 1408 972 dominis
1439 943 1474 972 et
1502 937 1680 984 magistris,

201 996 354 1044 Symoue
374 995 417 1029 de
438 994 594 1029 Ketenes
613 994 758 1035 decano,
779 999 813 1028 et
832 993 998 1028 VVilelmo
1017 993 1210 1041 Adymsym
1228 994 1397 1028 canonico
1412 993 1551 1028 ecclefie
1571 993 1684 1027 Aber-

201 1051 371 1092 donenfis,
398 1050 563 1087 Johanne
582 1050 625 1085 de
645 1049 779 1097 Glafigu
798 1050 1007 1085 cancellario
1039 1049 1178 1085 ecclelie
1198 1049 1470 1091 Dunkeldenfis,
1496 1049 1683 1084 Nieholaio

202 1109 246 1143 de
263 1108 420 1155 eryne
438 1112 472 1142 et
490 1107 512 1143 J
516 1107 655 1142 ohanne
679 1106 835 1154 Wyffard
854 1107 1030 1141 canonicis
1049 1105 1188 1141 ecclefie
1220 1105 1454 1153 Glasg‘uenfis,
1486 1118 1525 1140 ac
1545 1105 1684 1139 Thoma

203 1165 247 1199 de
265 1164 378 1211 Barry
395 1163 535 1198 notario
552 1163 706 1211 publico,
735 1176 814 1198 cum
833 1163 953 1198 multis
970 1162 1045 1197 aliis
1071 1162 1213 1197 testibus
1242 1162 1287 1196 ad
1314 1160 1475 1209 premiffa
1492 1162 1623 1198 vocatis
1650 1167 1682 1195 et

202 1220 395 1267 specialiter
412 1220 555 1266 rogatis.

299 1276 348 1311 Et
366 1289 432 1323 ego
451 1276 571 1311 David
594 1276 636 1310 de
668 1275 856 1323 Streuelyn
887 1276 1033 1310 clericus
1062 1275 1315 1310 Sanctiandree
1347 1273 1498 1315 diocefis‚
1525 1274 1684 1321 publicus

299 1332 486 1380 apostolica
503 1338 538 1367 et
556 1332 728 1379 imperiali
746 1332 957 1367 auctoritate
979 1332 1148 1373 notarius,
1174 1330 1343 1379 premiffis
1373 1331 1534 1365 omnibus
1562 1336 1597 1365 et
1622 1330 1684 1364 fin-

300 1391 393 1438 gulis
411 1391 494 1424 dum
512 1390 639 1425 fierent
657 1395 692 1425 et
709 1395 899 1436 agerentur
924 1394 964 1424 ut
990 1388 1301 1436 suprascribuntur,
1327 1400 1480 1422 unacum
1510 1387 1685 1435 prenomi-

300 1448 391 1481 natis
408 1446 559 1487 testibus,
587 1446 729 1494 prefatis
747 1446 803 1481 die
821 1451 856 1481 et
872 1446 963 1486 loco,
991 1445 1131 1492 presens
1148 1445 1209 1485 fui,
1238 1457 1347 1491 eaque
1365 1444 1484 1478 omnia
1501 1449 1536 1478 et
1553 1443 1686 1490 singula

301 1501 345 1538 fic
363 1503 439 1537 fieri
457 1503 529 1537 vidi
546 1508 582 1537 et
599 1502 728 1543 audivi,
755 1502 792 1536 in
810 1503 900 1536 hanc
917 1502 1092 1550 publicam
1110 1503 1259 1537 formam
1277 1502 1409 1548 redegi,
1437 1507 1472 1536 et
1493 1500 1588 1548 figno
1606 1513 1685 1535 meo

303 1559 469 1594 consueto
488 1558 628 1606 signavi,
656 1572 719 1606 per
736 1559 915 1606 predictos
935 1559 1146 1607 Episcopum
1164 1564 1199 1594 et
1218 1558 1395 1593 Abbatem
1412 1563 1556 1604 rogatus
1582 1562 1616 1592 et
1634 1569 1686 1591 re-

302 1614 456 1662 quifitus,
484 1616 520 1650 in
538 1615 773 1650 testimonium
792 1616 1046 1662 predictorum.

210 1784 486 1819 Instrumentum
504 1785 605 1832 super
622 1784 793 1832 petitione
811 1784 991 1832 copiarum
1009 1781 1240 1831 processuum,

211 1896 268 1931 IN
296 1896 511 1932 NOMINE
537 1896 743 1931 DOMINI
785 1896 916 1931 Amen.
980 1896 1090 1930 Anno
1125 1896 1236 1942 gratie
1275 1900 1318 1930 M⁰
1359 1900 1442 1930 000ο
1478 1894 1689 1941 octogefimo

210 1954 349 1994 octavo,
395 1953 589 1988 indictione
623 1953 821 1993 undecima,
859 1953 915 1986 die
949 1952 1022 1986 xiiii
1056 1952 1179 1987 meniis
1214 1951 1436 1999 SeptembriS,
1468 1952 1691 1999 pontificatus

210 2007 407 2044 sanffiffimi
425 2010 462 2043 in
481 2009 619 2044 Christo
637 2009 745 2056 patris
771 2014 806 2043 et
833 2008 966 2043 domini
992 2008 1098 2042 nostri
1125 2009 1258 2043 domini
1286 2008 1479 2042 Clementis
1505 2020 1593 2054 pape
1620 2006 1691 2053 sep-

211 2066 287 2100 timi
314 2078 408 2099 anno
440 2065 588 2106 decimo,
616 2066 653 2099 in
676 2065 849 2112 presentia
876 2065 945 2099 mei
973 2065 1101 2099 notarii
1132 2064 1263 2111 publici
1282 2069 1316 2098 et
1334 2063 1470 2098 testium
1488 2062 1691 2110 subscripto-

212 2134 302 2162 rum,
330 2120 510 2167 religiosus
528 2121 582 2156 vir
608 2121 771 2155 dominus
790 2120 928 2155 Alanus
956 2121 998 2155 de
1031 2120 1175 2155 Cowale
1207 2120 1398 2154 monachus
1425 2119 1622 2154 monasterii
1649 2120 1691 2154 de

214 2175 372 2218 Paffelet,
393 2177 525 2211 ordinis
547 2176 794 2217 Cluniae-emis,
816 2176 1039 2223 Glasguenfis
1057 2175 1209 2216 diocefis,
1229 2181 1269 2210 ut
1286 2181 1494 2223 procurator
1512 2181 1547 2210 et
1564 2188 1693 2222 ycono-

213 2246 291 2268 mus
307 2232 505 2268 monasterii
519 2233 680 2280 predicti,
701 2233 744 2267 ad
759 2232 934 2268 ecclefiam
950 2233 1182 2268 cathedralem
1201 2231 1452 2279 Glasguensem
1465 2231 1694 2279 personaliter

213 2287 358 2330 acceffit,
387 2294 422 2324 et
448 2289 579 2324 ibidem
610 2289 791 2324 dominum
824 2289 1021 2324 lValterum
1053 2289 1094 2324 de
1128 2289 1246 2324 Roule
1281 2290 1457 2324 rectorem
1487 2287 1624 2323 ecclefie
1652 2289 1695 2323 de

215 2346 416 2382 Torbolton
435 2346 665 2394 corporaliter
681 2351 863 2394 repertum
881 2344 1058 2392 requisivit
1084 2347 1210 2393 primo,
1236 2345 1388 2381 secundo
1417 2351 1452 2381 et
1481 2346 1586 2381 tertio
1617 2359 1696 2380 cum
