1839 2652
155 285 225 318 218
549 283 653 318 REG
662 282 863 318 ISTRUM
893 283 1233 320 MONASTERII

157 378 292 414 Datum
310 378 402 426 apud
421 377 660 414 Clacmannan
678 378 961 426 septimodecimo
980 380 1036 415 die
1054 380 1176 416 menfis
1194 381 1401 417 Decembris
1419 395 1511 418 anno
1529 384 1628 430 regni

157 435 263 470 nostri
281 434 478 469 undecimo.

162 602 370 648 Preeeptum
389 602 520 636 domini
550 604 640 649 regis
671 603 867 637 Alexandri
898 603 1025 644 Scotie,
1057 604 1100 639 de
1125 605 1376 640 deliberatione
1402 605 1452 639 fili
1486 618 1574 652 aque
1596 605 1640 640 de

161 657 282 692 Leven
301 658 336 691 in
354 658 498 705 stangno
518 659 709 693 molendini
728 659 771 693 de
790 659 1014 694 Dunbertan.

163 768 494 804 ALEXANDER
515 770 583 805 Dei
602 772 714 817 gratia
731 784 793 806 rex
820 771 1023 805 Scottorum
1051 770 1217 806 Wilelmo
1245 771 1349 818 Byset
1377 773 1575 807 vicecomiti
1606 778 1641 807 et

162 824 296 859 ballivis
316 824 381 859 suis
400 826 442 860 de
462 823 675 861 Dunbretan
694 826 851 861 salutem.
915 826 1130 862 Mandamus
1155 828 1253 862 vobis
1281 834 1315 862 et
1333 829 1542 875 precipimus
1560 842 1642 875 qua-

164 880 258 914 tinus
269 880 359 927 juste
378 887 413 916 et
430 882 618 917 secundum
647 881 774 917 allisam
793 883 893 929 regni
924 883 1108 917 deliberari
1126 884 1256 918 faciatis
1282 884 1380 918 filum
1407 897 1495 930 aque
1515 885 1557 919 de
1576 884 1644 919 Le-

163 949 231 972 ven
249 937 286 970 in
303 936 447 983 stangno
465 939 658 972 molendini
678 939 721 973 de
740 939 953 974 Dunbertan
983 937 1085 985 super
1116 940 1261 974 eandem
1291 953 1415 985 aquam
1446 940 1489 974 de
1521 939 1643 974 Leven

165 992 375 1026 construd‘z'to.
427 993 597 1034 Testibus‚
621 994 785 1029 Wilelmo
802 995 1005 1041 [waltero]
1023 994 1096 1027 filio
1116 995 1223 1028 Alani
1243 993 1427 1029 senescallo
1453 995 1642 1042 justiciario

166 1048 292 1088 Scotie,
310 1048 492 1083 Bernardo
512 1049 648 1090 Fraus’‚
669 1051 761 1097 apud
782 1051 946 1084 Kadihou
965 1050 1000 1082 iii
1019 1050 1074 1083 die
1089 1049 1186 1085 Junii
1200 1063 1293 1084 anno
1313 1051 1413 1097 regni
1430 1050 1536 1084 nostri
1554 1050 1642 1085 vice-

164 1103 249 1138 fimo
267 1104 384 1138 tertio.

168 1271 304 1306 Littera
321 1272 495 1306 afilmrnati
512 1284 577 1319 pro
597 1272 736 1307 Abbate
756 1278 791 1307 et
809 1277 991 1307 conventu
1009 1273 1053 1307 de
1072 1271 1217 1307 Passeto.

167 1382 397 1420 JACOBUS
418 1383 485 1418 Dei
503 1384 616 1430 gratia
634 1397 696 1418 rex
727 1384 928 1419 Scottorum
957 1383 1119 1418 omnibus
1148 1383 1266 1431 probis
1292 1383 1490 1418 hominibus
1516 1383 1583 1418 suis
1601 1384 1645 1418 ad

166 1452 253 1486 quos
271 1438 446 1486 presentes
464 1440 581 1474 littere
599 1441 826 1487 pervenerint
845 1440 1001 1475 salutem.
1059 1440 1182 1474 Sciatis
1200 1439 1294 1485 quod
1312 1439 1521 1486 suscepimus
1540 1439 1644 1474 dilec-

167 1501 241 1530 tum
272 1495 566 1541 consanguineum
598 1496 752 1530 nostrum
784 1496 987 1531 WVilelmum
1019 1496 1200 1530 dominum
1233 1495 1390 1542 Sympill,
1438 1496 1643 1542 Georgeum

169 1551 292 1586 Schaw
311 1552 353 1585 de
375 1551 569 1598 Knokhyll,
592 1552 790 1586 Robertum
813 1552 962 1599 Spreull‚
994 1551 1167 1587 Jacobum
1197 1551 1370 1597 DouglaS,
1401 1557 1435 1585 et
1462 1551 1644 1586 dominum

168 1607 342 1641 Thomam
363 1606 492 1641 Panter
523 1608 737 1642 monachum
766 1608 808 1642 de
840 1607 984 1648 Passeto,
1016 1607 1072 1641 vel
1092 1619 1214 1641 eorum
1245 1607 1379 1652 aliquos
1406 1607 1462 1641 vel
1480 1607 1642 1652 aliquem,

168 1663 370 1697 a&ornatos
399 1663 455 1697 vel
484 1664 708 1698 aeternamm
728 1664 935 1699 venerabilis
961 1664 999 1697 in
1030 1662 1167 1697 Christo
1198 1663 1304 1709 patris
1336 1662 1485 1697 Roberti
1514 1662 1645 1696 abbatis

168 1718 365 1753 monasterii
383 1718 488 1752 nostri
503 1719 545 1752 de
567 1718 699 1753 Pafleto
718 1725 752 1754 et
769 1719 1011 1765 religiosorum
1031 1719 1193 1753 virorum
1211 1724 1405 1752 conventus
1424 1717 1588 1765 ejusdem,
1608 1719 1645 1751 in

169 1774 330 1810 omnibus
352 1775 501 1820 negotiis
520 1780 554 1808 et
572 1775 728 1820 loqueliS‚
760 1775 892 1822 placitis
911 1781 945 1809 et
971 1774 1122 1820 querelis
1141 1774 1248 1808 motis
1265 1773 1324 1808 seu
1342 1774 1536 1814 movendis,
1557 1773 1645 1820 ipsos

171 1830 346 1865 Abbatem
365 1836 399 1864 et
417 1836 630 1864 conventum
649 1831 871 1877 tangentibus
889 1830 948 1865 seu
973 1836 1118 1876 tangere
1143 1829 1350 1870 valentibus,
1384 1830 1644 1875 quibuscunque

171 1886 290 1920 diebus
309 1892 344 1920 et
374 1886 469 1926 loeis,
500 1892 624 1920 contra
642 1885 865 1932 quoscunque
884 1892 919 1921 et
945 1899 1062 1920 coram
1081 1885 1354 1931 quibuscunque.
1409 1885 1528 1926 Quare
1548 1885 1644 1919 vobis

169 1943 379 1990 precipimus
398 1947 432 1976 et
450 1942 655 1976 mandamus
672 1943 835 1988 quatinus
854 1943 966 1977 difflms
986 1941 1201 1982 lVileImum,
1235 1941 1452 1988 Georgeum,
1472 1941 1643 1977 Jacobum

170 2003 206 2033 et
223 1998 410 2038 Thomam‚
430 1998 487 2032 vel
500 2010 621 2032 eorum
640 1998 774 2044 aliquos
793 1998 848 2032 vel
866 1998 1027 2044 aliquem,
1048 2000 1157 2045 [quos
1174 1998 1231 2032 vel
1249 1999 1376 2044 quem]
1394 1997 1570 2045 presentes
1587 1997 1644 2032 vel

169 2054 365 2103 presentem
384 2052 450 2088 effe
481 2054 679 2099 contigerit,
715 2059 881 2100 tanquam
910 2055 1112 2089 aetornatos
1129 2054 1186 2089 vel
1217 2054 1440 2088 aetornatum
1467 2054 1644 2087 di&orum

171 2111 319 2146 Abbatis
333 2116 368 2145 et
383 2116 576 2146 conventus
589 2111 625 2145 in
640 2109 806 2158 premissis
817 2111 988 2157 recipiatis
1005 2125 1014 2153 3
1042 2110 1258 2157 presentibus
1270 2110 1344 2156 post
1355 2123 1485 2144 annum
1501 2110 1643 2144 minime

170 2166 339 2201 valituris.
402 2166 446 2201 In
465 2166 563 2214 cujus
581 2167 632 2201 rei
650 2166 885 2202 testimonium
915 2167 975 2202 has
993 2167 1128 2201 litteras
1156 2166 1288 2201 nostras
1314 2165 1371 2200 fibi
1399 2166 1475 2200 fieri
1501 2166 1644 2200 fecimus

170 2228 328 2270 patentes
346 2224 439 2270 apud
469 2223 678 2271 Edinburgh
709 2224 896 2259 undecimo
915 2224 970 2259 die
989 2221 1113 2258 mensis
1130 2223 1290 2259 Januarii
1308 2235 1404 2257 anno
1423 2222 1523 2269 regni
1540 2221 1645 2256 nostri

171 2291 278 2314 nono.
