1839 2652
737 254 807 289 DE
836 252 1104 289 PASSELET.
1593 250 1658 285 161

175 365 238 401 per
255 365 320 387 nos
338 352 585 393 occultaretur,
618 365 662 387 ne
688 350 812 387 falfitas
829 351 1024 399 prejudicet
1043 349 1180 383 veritati
1210 352 1271 383 aut
1301 347 1463 393 iniquitas
1480 346 1658 393 prevaleat

175 410 330 456 equitati,
350 409 575 456 solempniter
593 409 816 444 concedimus
834 414 869 442 et
886 405 1166 453 recognoscimus
1184 403 1250 439 effe
1277 409 1313 439 et
1341 401 1439 438 suiffe
1466 403 1510 437 de
1522 402 1604 449 jure
1623 408 1658 435 et

175 466 388 512 proprietate
407 463 545 500 ecclefie
564 478 686 500 eorum
716 465 758 499 de
792 463 990 511 Kylpatrik,
1020 467 1142 509 utpote
1170 461 1212 496 ab
1239 458 1510 495 antecefforibus
1535 457 1657 492 nostris

175 521 257 556 Deo
275 528 311 556 et
329 522 460 556 Sancto
479 521 630 555 Patricio
648 520 798 566 antiquis
815 519 1030 566 temporibus
1058 518 1190 553 oblatas
1208 522 1242 552 et
1260 517 1414 556 collatas,
1447 521 1482 550 et
1499 515 1541 549 ab
1560 514 1656 548 omni

176 580 359 614 exactione
377 579 562 626 temporali
589 578 714 613 liberas
732 583 767 612 et
784 578 937 623 quietas:
973 588 1080 622 quare
1098 575 1261 609 volumus
1290 579 1331 608 ut
1362 572 1482 607 Abbas
1512 577 1547 606 et
1574 583 1655 605 con-

174 642 300 671 ventus
318 636 467 683 predicti
485 634 680 670 monasterii
699 633 959 681 prenominatas
976 638 1097 671 terras,
1117 630 1260 665 nomine
1275 630 1369 664 dicte
1381 627 1520 663 ecclesie
1531 639 1654 662 eorum

175 693 218 727 de
240 691 438 739 Kylpatrik,
458 696 602 726 teneant
628 696 663 725 et
691 687 883 737 poffideant
913 689 949 722 in
979 700 1103 734 puram
1135 693 1169 721 et
1194 691 1399 733 perpetuam
1418 682 1652 722 elemosinam,

173 749 261 783 adeo
279 748 398 788 libere,
429 747 556 793 quiete,
588 746 691 793 plene
710 751 744 779 et
761 744 953 778 honorifice
971 743 1055 778 ficut
1080 742 1234 781 liberius,
1265 741 1425 787 quietius,
1453 740 1591 787 plenius
1618 745 1653 772 et

171 804 459 839 honorificentius
476 802 590 848 alique
609 799 792 836 elemofine
811 801 846 834 in
864 813 974 846 regno
994 800 1109 834 Scotie
1139 802 1306 832 tenentur
1325 802 1359 831 et
1376 794 1592 843 possidentur
1610 808 1653 829 ex

173 861 268 895 (10110
286 860 420 894 comitis
439 859 494 894 vel
512 857 662 892 baronis.
715 857 892 891 Volumus
910 857 1013 890 etiam
1044 860 1084 889 ut
1110 853 1134 888 fi
1159 854 1275 899 aliqua
1291 852 1520 886 instrumenta
1536 852 1652 897 aliquo

170 923 329 963 tempore
347 915 403 950 vel
421 915 498 949 loco
517 920 656 962 reperta
673 913 814 953 fuerint,
846 925 913 959 que
943 917 1066 946 contra
1091 910 1181 944 hanc
1199 909 1476 955 recognitionem
1508 914 1542 941 et
1573 920 1653 941 cou-

171 971 353 1006 ceffionem
371 971 522 1005 nostram
540 971 689 1016 aliquam
709 969 856 1004 fecerint
874 968 1102 1007 mentionem,
1129 965 1260 1000 nullius
1287 964 1350 999 lint
1376 964 1559 1002 firmitatis,
1590 976 1654 996 nec

169 1027 270 1062 nobis
300 1040 365 1062 nec
395 1027 566 1073 aliquibus
593 1026 668 1060 aliis
697 1026 857 1060 valitura.
912 1024 956 1058 Et
987 1037 1031 1058 ne
1059 1036 1140 1057 ceca
1170 1022 1346 1056 oblivione
1377 1020 1542 1066 depereat
1559 1018 1656 1064 quod

167 1083 270 1131 super
288 1084 352 1118 hiis
370 1096 433 1131 per
451 1095 515 1117 nos
533 1095 615 1117 vere
642 1088 677 1116 et
702 1082 758 1129 pie
777 1081 997 1127 recognitum
1016 1079 1061 1114 est
1088 1085 1123 1113 et
1153 1075 1361 1117 conceffum,
1395 1076 1460 1110 1100
1489 1074 1655 1122 scriptum

169 1140 313 1175 fecimus
329 1139 428 1174 scribi
448 1144 482 1174 et
500 1137 597 1185 figilli
616 1138 719 1172 nostri
751 1135 968 1184 imprellione
999 1135 1138 1170 muniri.
1193 1134 1273 1169 Hiis
1303 1133 1453 1172 testibus,
1487 1132 1509 1167 J
1513 1132 1652 1166 ohanne

170 1197 213 1231 de
228 1196 469 1235 Glendocher‚
491 1195 639 1229 Amelec
657 1194 764 1228 fratre
784 1207 874 1233 meo,
903 1191 1064 1239 magistro
1083 1189 1234 1226 Cristino
1253 1190 1296 1224 (10
1315 1189 1510 1229 Strathern,
1545 1187 1653 1222 Absa-

169 1254 262 1293 lone,
286 1251 380 1287 Isaac
398 1252 579 1299 capellano
600 1250 816 1291 Sumerlede,
839 1249 1020 1284 Macolmo
1049 1247 1135 1294 Beg,
1166 1246 1331 1282 Gilberto
1349 1245 1476 1280 clerico
1494 1257 1585 1284 meo,
1617 1250 1651 1278 et

170 1309 365 1344 Laurentio
384 1309 510 1343 clerico
530 1307 662 1342 domini
682 1307 830 1341 Abbatis
860 1306 903 1340 de
935 1303 1093 1340 Paffelet.
1125 1303 1261 1338 A<stum
1289 1302 1383 1350 apud
1402 1301 1531 1337 Belach
1550 1301 1651 1335 tertia

169 1366 224 1400 die
245 1365 368 1399 Martii
386 1377 479 1399 anno
497 1364 608 1411 gratie
627 1362 806 1398 millefimo
825 1360 1061 1398 ducentefimo
1079 1358 1250 1395 tricefimo
1269 1359 1408 1400 octavo,
1439 1370 1556 1393 coram
1575 1370 1650 1404 pre-

168 1421 300 1468 scriptis
318 1420 458 1456 testibus
477 1426 512 1455 et
530 1419 649 1456 multis
669 1419 755 1453 aliis.

169 1591 370 1625 Concordia
387 1591 479 1625 inter
502 1589 734 1625 Malcolmum
751 1589 864 1623 filium
880 1588 1087 1624 Maldoveni
1108 1588 1244 1623 comitis
1262 1587 1305 1622 de
1324 1586 1503 1627 Levenax,
1524 1593 1559 1621 et
1580 1587 1651 1620 Ab·

167 1647 282 1681 batem
302 1652 337 1681 et
355 1651 571 1681 conventum
591 1647 634 1680 de
654 1644 813 1680 Paffelet.

170 1758 320 1795 ANNO
337 1759 449 1806 gratie
467 1757 647 1794 millesimo
665 1756 901 1793 ducentefimo
920 1757 1092 1793 tricefimo
1110 1770 1205 1792 nono
1224 1757 1261 1791 in
1277 1755 1429 1791 secunda
1456 1756 1650 1791 ebdomada

163 1815 435 1863 quadragefime,
467 1815 560 1862 apud
580 1812 727 1850 Paffelet
745 1827 862 1849 coram
883 1815 1026 1849 domino
1047 1813 1204 1848 VValtero
1231 1813 1304 1847 filio
1325 1812 1431 1846 Alani
1463 1811 1647 1847 senescallo

168 1872 284 1907 Scotie
308 1872 510 1920 justiciario,
543 1877 578 1906 et
605 1871 764 1906 Domino
784 1870 1003 1906 Maldoveno
1021 1870 1148 1905 comite
1167 1870 1210 1904 de
1229 1869 1397 1904 Levenax
1428 1874 1463 1903 et
1492 1869 1650 1916 pluribus

167 1929 252 1970 aliis,
272 1929 461 1969 monachis,
482 1928 616 1963 clericis
634 1934 669 1962 et
686 1928 793 1968 laicis,
821 1927 915 1962 facta
932 1926 979 1961 est
996 1927 1059 1961 hec
1077 1939 1145 1974 pax
1162 1931 1198 1961 et
1215 1925 1404 1960 concordia
1422 1926 1513 1959 inter
1533 1925 1650 1959 Abba-

168 1991 238 2019 tem
252 1990 287 2019 et
301 1990 514 2020 conventum
530 1985 573 2019 de
593 1983 740 2019 Paffelet
758 1996 801 2018 ex
819 1988 918 2030 parte
936 1995 1017 2022 una,
1038 1988 1073 2017 et
1091 1982 1273 2017 dominum
1287 1980 1520 2016 Malcolmum
1538 1982 1649 2015 filium

169 2042 304 2075 comitis
322 2041 365 2075 de
385 2041 554 2076 Levenax
571 2054 616 2075 ex
633 2040 755 2081 altera,
774 2039 876 2087 super
893 2039 996 2074 terris
1014 2039 1057 2073 de
1077 2038 1335 2077 Cochmanach,
1364 2037 1407 2071 de
1435 2037 1464 2070 F
1465 2037 1646 2077 imbelach,

169 2103 203 2132 et
222 2097 265 2131 de
284 2096 523 2137 Edinbernan,
542 2109 626 2143 quas
644 2095 729 2130 dicti
748 2095 909 2130 monachi
927 2093 1143 2141 poffidebant
1172 2099 1207 2127 et
1235 2091 1407 2140 poffident
1433 2093 1575 2127 nomine
1594 2106 1647 2127 ec-

169 2152 267 2187 clesie
286 2165 408 2186 eorum
428 2153 470 2186 de
492 2152 690 2199 Kylpatrik,
719 2157 754 2186 et
779 2164 864 2198 quas
881 2151 974 2185 idem
995 2149 1207 2184 Malcolmus
1224 2148 1282 2183 fibi
1301 2148 1500 2183 vendicavit
1525 2155 1649 2184 contra

170 2208 258 2256 ipsos
273 2223 283 2252 3
311 2207 474 2243 videlicet
491 2207 587 2253 quod
604 2208 690 2242 dieti
711 2206 829 2241 Abbas
859 2212 895 2241 et
925 2211 1119 2241 conventus
1145 2218 1209 2252 pro
1237 2205 1330 2239 bono
1356 2206 1449 2252 pacis
1476 2205 1650 2240 dederunt

170 2265 266 2300 (116ὶο
286 2263 480 2298 Μ310011110
497 2261 675 2308 sexaginta
692 2274 835 2303 marcas,
855 2263 898 2296 de
916 2261 1041 2307 quibus
1057 2261 1188 2308 septem
1216 2273 1348 2296 marcas
1366 2266 1401 2296 et
1418 2262 1649 2309 quadraginta

171 2321 332 2356 denarios
349 2320 386 2354 in
404 2331 527 2354 manus
543 2317 646 2366 ipsius
663 2318 880 2357 locaverunt,
913 2318 949 2352 in
976 2317 1101 2363 quibus
1119 2317 1212 2352 idem
1240 2316 1453 2353 Malcolmus
1479 2319 1528 2353 eis
1553 2324 1648 2353 tene-

898 2385 920 2407 x
