1839 2652
201 252 245 286 16
595 252 907 288 REGISTRUM
936 252 1271 288 MONASTERII

199 348 323 394 scripta
340 359 460 381 eorum
479 348 677 389 autentica3
705 353 822 382 tamen
840 348 920 392 quia
938 347 972 380 in
991 348 1092 381 dietis
1122 347 1253 395 scriptis
1283 349 1381 382 nulla
1407 351 1538 385 mentio
1565 351 1667 386 fiebat

201 404 244 438 de
261 401 466 450 professione
484 403 690 442 monachali,
711 402 858 451 contigit
875 403 969 447 quod
987 416 1049 449 per
1068 403 1259 437 multorum
1286 416 1459 439 annorum
1485 407 1666 447 curricula,

201 470 321 492 omnes
338 457 509 497 monachi,
529 457 565 491 in
584 457 677 491 dicta
703 458 807 491 domo
826 457 980 497 fundata,
1008 457 1077 492 fine
1106 458 1314 504 professione
1331 459 1423 494 faeta
1440 460 1667 502 decefl'erunt,

201 520 344 560 propter
371 513 546 547 defectum
572 512 714 553 abbatis,
745 518 867 547 contra
884 513 1116 547 intentionem
1135 514 1340 554 fundatoris,
1368 515 1427 560 qui
1445 516 1559 561 potuit
1577 517 1669 550 dieze

202 570 321 604 domui
338 568 395 603 sue
414 569 456 603 de
474 568 596 603 abbate
613 567 797 615 providisse
812 569 854 602 de
872 581 1081 614 quocunque
1101 570 1222 604 ordine
1255 575 1340 604 tunc
1357 570 1496 604 volebat
1514 571 1643 617 eligere
1659 586 1668 614 3

202 626 250 659 ita
266 625 359 670 quod
377 625 412 657 in
431 624 497 658 hoc
514 622 585 657 solo
600 624 746 658 articulo
761 624 1017 658 circumventus
1032 624 1096 658 fuit
1109 630 1143 659 et
1158 625 1333 672 deceptus,
1351 625 1446 659 dicto
1466 625 1670 660 Humbaldo

202 686 237 714 et
254 679 313 714 suo
332 684 507 714 conventu
535 679 709 713 defeetum
728 678 940 725 professionis
967 680 1059 713 (liele
1092 680 1220 726 optime
1252 680 1435 714 scientibus
1466 686 1500 715 et
1530 682 1671 715 minime

202 735 495 781 monstrantibus3
524 735 617 769 unde
636 747 714 769 cum
733 736 825 769 dicta
844 736 967 769 domus
984 736 1129 769 fundata
1147 748 1208 782 per
1227 736 1405 781 oetaginta
1422 749 1532 770 annos
1551 742 1585 770 et
1603 749 1671 770 am-

202 791 303 838 plius,
322 803 394 824 non
411 790 480 824 fine
497 791 593 837 gravi
611 789 782 831 scandalo,
803 789 1023 825 dissolutione
1042 791 1183 831 ordinis,
1204 796 1238 824 et
1256 803 1372 824 rerum
1387 791 1550 836 gravibus
1568 792 1671 826 detri-

202 847 338 886 mentis,
358 846 491 880 dietum
510 846 684 880 defeetum
701 845 891 893 periculose
909 845 1122 886 sustinuiffet,
1143 845 1331 892 quousque,
1352 846 1560 881 auctoritate
1578 847 1671 893 apos-

202 902 317 942 tolica,
336 902 372 936 in
387 902 480 935 dicta
498 902 602 935 domo
616 901 718 935 abbas
731 901 796 936 fuit
810 907 956 941 creatus,
971 900 1040 935 fine
1054 901 1244 948 prejudicio
1257 901 1347 948 juris
1361 901 1475 941 alieni,
1491 902 1533 935 ad
1552 915 1672 948 preces

204 963 239 992 et
264 957 496 992 testimonium
516 957 712 991 Alexandri
742 956 879 990 illustris
907 959 997 1004 regis
1026 958 1140 992 Scotie
1169 964 1203 991 et
1232 959 1364 992 domini
1396 958 1544 993 Walteri
1571 959 1671 994 Glas-

203 1012 337 1059 guenfis
355 1012 513 1059 episcopi,
533 1010 752 1046 antecefforis
770 1012 886 1052 nostri,
906 1013 998 1047 diete
1018 1014 1141 1048 domus
1160 1012 1342 1048 diocesani.
1382 1013 1459 1048 Nos
1476 1014 1582 1060 igitur
1601 1015 1671 1049 dic-

200 1075 273 1104 tam
292 1069 434 1103 domum
452 1073 595 1115 propter
613 1067 790 1113 religionis
808 1073 842 1101 et
859 1068 1044 1103 honestatis
1074 1068 1132 1103 sue
1159 1069 1325 1103 'meritum
1353 1069 1389 1102 in
1418 1068 1576 1103 Domino
1597 1070 1671 1104 dili-

203 1130 335 1170 genteS,
357 1124 431 1170 jam
449 1122 628 1157 tresdecim
647 1123 746 1156 annis
776 1122 903 1169 elapsis,
933 1124 1024 1170 apud
1053 1123 1268 1170 Lugdunum
1296 1124 1471 1159 constituti
1489 1137 1569 1158 cum
1597 1125 1671 1159 aliis

204 1179 411 1226 coepiscopis
439 1178 560 1212 nostris
594 1179 636 1212 de
663 1191 772 1223 regno
804 1178 930 1219 Scotie,
970 1179 1087 1214 versus
1116 1181 1296 1214 dominum
1329 1179 1523 1225 Hugonem
1550 1181 1671 1226 prede-

203 1234 367 1270 cefforem
401 1233 550 1268 vestrum
583 1233 741 1280 precibus
776 1234 998 1279 optinuimus,
1039 1236 1082 1269 ad
1111 1235 1397 1269 consentiendum
1431 1235 1467 1268 in
1496 1235 1671 1281 posterum

204 1290 371 1324 creationi
404 1289 534 1322 abbatis
567 1289 603 1322 in
631 1289 735 1322 domo
765 1287 962 1335 supradieta
1001 1303 1063 1337 per
1101 1291 1310 1324 electionem
1346 1290 1547 1324 canonicam
1568 1305 1577 1333 ;
1615 1291 1672 1336 qui

205 1346 307 1379 etiam
326 1345 502 1378 monachis
520 1345 556 1377 in
575 1345 667 1378 dieta
686 1345 790 1378 domo
818 1345 1024 1390 degentibus
1049 1344 1202 1392 promifit
1233 1344 1411 1379 confilium
1442 1350 1477 1379 et
1504 1346 1673 1379 auxilium

204 1401 335 1435 ordinis
361 1400 521 1445 quotiens
540 1399 748 1446 indigerent,
776 1398 959 1446 suscipiens
979 1401 1013 1434 in
1039 1401 1072 1435 se
1100 1414 1188 1435 onus
1219 1399 1423 1434 defensionis
1452 1414 1516 1447 pro
1547 1399 1672 1435 eisdem

204 1462 326 1490 contra
343 1455 511 1502 plurimos
530 1467 651 1489 eorum
670 1454 917 1501 persecutoreS,
938 1457 1066 1491 dictam
1085 1457 1240 1496 domum,
1269 1461 1402 1490 mutato
1422 1457 1544 1490 ordine
1562 1456 1673 1490 vestro

205 1518 240 1546 et
256 1511 387 1550 habitu,
407 1511 450 1544 ad
465 1511 624 1544 ordinem
639 1509 889 1545 Cisterfiensem
904 1511 1103 1551 transferre,
1124 1512 1235 1545 modis
1250 1511 1409 1545 omnibus
1424 1512 1672 1546 machinantes.

206 1567 254 1602 Et
282 1580 346 1601 nos
375 1579 439 1613 pro
467 1566 559 1599 dicte
585 1566 708 1599 domus
733 1567 910 1600 monachis
937 1566 1032 1601 dieto
1063 1565 1265 1600 antecessori
1294 1566 1416 1607 vestro,
1448 1579 1510 1613 per
1541 1567 1674 1600 litteras

205 1622 336 1657 nostras
354 1627 522 1668 patentes,
542 1626 625 1655 tunc
642 1633 706 1655 nos
724 1619 886 1666 obligaffe
904 1623 1124 1656 meminimus
1142 1622 1185 1655 ad
1197 1621 1404 1655 solutionem
1420 1621 1568 1655 duarum
1586 1635 1674 1656 mer-

206 1691 324 1713 carum
336 1677 539 1717 faciendam,
555 1675 694 1722 fingulis
706 1677 804 1710 annis
822 1677 1089 1723 imperpetuum,
1107 1675 1341 1711 Cluniacenfis
1359 1676 1567 1711 monasterio
1582 1678 1674 1724 apud

208 1735 356 1768 Pontem
383 1733 532 1767 fractum
551 1733 586 1766 in
606 1732 748 1778 Anglia‚
775 1733 811 1766 in
829 1732 910 1766 festo
928 1731 1036 1766 saneti
1065 1732 1160 1766 Petri
1189 1732 1232 1765 ad
1251 1731 1400 1765 vincula.
1453 1732 1571 1772 Quam
1590 1732 1674 1766 obli-

207 1790 384 1836 gationem
402 1788 563 1828 nostram,
583 1788 675 1821 die‘te
695 1788 817 1821 domus
834 1788 1005 1827 monachi,
1033 1787 1114 1821 licet
1139 1792 1273 1832 gratam
1302 1792 1335 1820 et
1354 1793 1464 1820 ratam
1482 1785 1674 1821 habuiffent

206 1858 269 1892 per
287 1845 413 1883 onmia,
442 1842 519 1877 casu
547 1844 727 1889 inopinato
746 1848 780 1876 et
796 1841 968 1889 insperato
995 1842 1177 1889 prepediti,
1210 1841 1416 1875 monasterio
1435 1841 1546 1876 vestro
1565 1842 1674 1876 dictas

207 1901 291 1935 duas
309 1911 439 1933 marcas
458 1911 530 1932 non
547 1897 735 1938 solverunt,
764 1898 874 1945 parati
891 1904 1008 1932 tamen
1026 1903 1060 1932 et
1077 1898 1229 1944 prompti
1256 1897 1330 1931 illas
1357 1897 1454 1931 vobis
1481 1896 1613 1932 solvere
1631 1897 1674 1931 ad

206 1956 356 1991 vestrum
374 1955 462 1988 bene
480 1954 656 2001 placitum.
709 1953 799 1988 Cum
817 1954 921 1999 igitur
933 1954 976 1987 ad
990 1966 1051 1988 vos
1068 1954 1241 1999 pertineat
1259 1953 1444 1999 providere
1461 1954 1548 2000 paci,
1568 1954 1674 1999 quieti

208 2018 242 2047 et
259 2011 358 2046 saluti
377 2010 532 2044 omnium
551 2009 703 2043 filiorum
721 2009 912 2043 vestrorum
930 2015 1001 2043 tam
1019 2009 1123 2054 longe
1141 2021 1244 2054 quam
1262 2021 1370 2055 prope
1389 2008 1588 2055 pofitorum,
1608 2010 1674 2044 cel—

207 2067 344 2102 fitudini
361 2065 469 2100 vestre
487 2077 551 2111 pro
571 2065 670 2099 dietis
688 2065 865 2098 monachis
884 2062 1095 2098 devotissime
1113 2063 1354 2110 supplicamus,
1382 2065 1543 2109 quatinus
1560 2078 1622 2100 vos
1640 2071 1674 2099 et

208 2121 397 2169 capitulum
416 2120 566 2155 vestrum
583 2120 828 2155 auetoritatem
855 2126 888 2154 et
913 2120 1069 2154 savorem
1098 2119 1247 2165 prestare
1276 2119 1478 2165 dignemini,
1506 2125 1545 2154 ut
1572 2120 1674 2154 abbas

208 2180 245 2212 in
263 2177 355 2211 dieta
374 2176 477 2210 domo
495 2177 672 2223 perpetuis
690 2175 903 2222 temporibus
919 2175 1097 2215 habeatur,
1130 2180 1164 2208 et
1180 2180 1220 2208 ut
1238 2175 1296 2209 ille
1315 2175 1418 2209 abbas
1435 2174 1568 2221 semper
1586 2176 1675 2210 infra

208 2245 338 2268 annum
356 2231 537 2278 septimum
551 2231 625 2278 post
638 2230 732 2265 suam
748 2231 1013 2277 [eleetionenn]
1032 2243 1093 2277 per
1110 2229 1254 2276 seipsum
1272 2229 1328 2264 vel
1347 2235 1481 2264 certum
1499 2231 1671 2270 nuntium,

210 2286 443 2324 Cluniacenfis
469 2286 580 2321 vifitet
607 2286 862 2327 monasterium,
891 2292 924 2321 et
942 2287 985 2321 ad
1002 2286 1066 2320 hec
1086 2291 1119 2320 et
1137 2285 1202 2319 alia
1220 2298 1287 2331 que
1305 2286 1395 2320 circa
1412 2285 1478 2320 hoc
1496 2286 1674 2331 negotium
