1870 2683
757 257 829 292 DE
861 256 1133 292 PASSELET.
1625 261 1697 297 393

218 367 238 388 a
266 353 298 389 {e
327 359 361 389 et
388 353 454 388 suis
482 354 667 389 heredibus
697 360 732 389 et
758 353 930 401 affignatis
956 354 1121 389 alienavit
1148 367 1168 388 v
1195 354 1321 388 solidos
1338 354 1445 388 annui
1463 353 1620 388 redditus
1651 355 1693 389 de

215 415 418 444 tenemento
446 411 506 444 suo
533 410 673 457 jacente
704 412 740 444 in
770 411 908 445 civitate
940 410 1145 457 Glalguenfi
1180 424 1223 445 ex
1258 417 1355 458 parte
1384 411 1546 445 orientali
1575 412 1692 457 magni

216 466 283 500 vici
301 467 521 501 extendentis
540 467 581 500 ab
600 466 739 501 ecclelia
750 467 938 501 cathedrali
952 467 1157 513 Glafiguenfi
1177 467 1283 514 usque
1302 467 1345 501 ad
1364 480 1503 501 crucem
1521 467 1587 500 fori
1607 466 1692 513 ejus-

217 522 307 563 dem,
327 524 419 557 inter
437 529 546 557 terras
564 523 630 557 five
648 529 850 558 tenementa
867 523 1038 558 ,Iohannis
1058 523 1212 570 Rankyn
1232 537 1275 558 ex
1294 529 1390 570 parte
1405 522 1542 556 australi
1561 522 1602 556 ab
1621 535 1690 556 una

216 584 251 612 et
268 584 378 612 terras
394 577 462 613 five
479 585 681 614 tenementa
699 579 853 614 Golfridi
866 592 909 613 ex
920 585 1017 626 parte
1031 579 1160 613 boreali
1179 579 1334 626 partibus
1347 579 1390 612 ab
1404 579 1522 618 altera,
1543 577 1690 612 discreto

215 634 290 668 viro
309 635 469 681 magistro
487 635 509 670 J
513 635 641 669 ohanni
661 635 841 682 Akynhed
856 635 984 669 vicario
1003 635 1045 669 de
1067 634 1280 676 Haflbnden,
1302 634 1523 681 Glasguenfis
1535 633 1686 674 diocefis,

214 690 399 725 heredibus
416 690 483 725 suis
502 696 536 725 et
554 689 736 737 affignatis,
768 704 832 737 pro
862 703 933 724 una
951 696 1045 724 certa
1062 690 1194 725 summa
1224 692 1451 738 pecuniarum
1471 689 1598 725 usualis
1616 703 1689 724 mo-

214 752 294 781 nete
312 748 412 793 regni
431 747 545 782 Scotie
563 745 621 780 fibi
641 746 780 781 Thome
800 746 894 781 Card
920 759 982 793 per
1007 746 1180 792 prefatum
1207 746 1405 793 magistrum
1434 746 1634 782 Johannem
1652 746 1688 779 in

212 802 271 836 sua
289 816 414 848 magna
430 808 579 848 urgente
598 801 794 836 neceffitate
813 802 900 836 bene
920 807 953 835 et
971 801 1121 835 fideliter
1140 801 1328 848 persoluta.
1381 802 1498 843 Quam
1518 802 1685 836 summam

211 858 325 892 dictus
345 858 499 893 Thomas
513 858 685 892 fatebatur
702 857 735 892 se
754 855 916 904 recepiffe
935 863 968 891 et
988 858 1023 891 in
1040 857 1118 892 suos
1135 858 1215 893 usus
1230 857 1445 899 convertiffe,
1466 864 1500 893 et
1514 859 1686 905 prefatum

210 914 408 960 magistrum
439 915 462 950 J
465 915 638 948 ohannem
671 920 705 948 et
736 926 857 948 omnes
886 912 964 947 suos
994 914 1129 959 quietos
1160 915 1321 948 clamavit
1350 915 1608 961 imperpetuum
1643 914 1686 948 de

211 970 344 1004 eadem.
407 970 598 1004 Tenendos
633 976 666 1004 et
701 969 879 1004 habendos
913 969 1025 1003 dictos
1053 982 1075 1004 v
1102 969 1230 1003 solidos
1260 969 1386 1004 usualis
1416 976 1557 1004 monete
1586 971 1685 1016 regni

209 1026 324 1060 Scotie
344 1026 386 1060 de
404 1026 564 1073 predicto
582 1031 785 1060 tenemento
804 1038 881 1060 cum
902 1025 968 1059 suis
986 1026 1205 1072 pertinentiis
1224 1026 1319 1060 dicto
1339 1025 1498 1072 magistro
1516 1026 1682 1066 Johanni,

208 1082 393 1116 heredibus
411 1081 478 1116 suis
496 1087 530 1116 et
546 1080 614 1116 suis
631 1080 814 1127 affignatis,
843 1095 863 1115 a
881 1082 976 1116 dicto
996 1081 1145 1122 Thema,
1166 1082 1351 1117 heredibus
1369 1081 1435 1116 suis
1454 1088 1487 1116 et
1504 1082 1572 1117 suis
1589 1080 1684 1129 affig-

206 1139 296 1172 natis
313 1138 356 1172 ad
376 1139 463 1172 duos
481 1139 563 1172 anni
581 1139 749 1172 terminos
768 1137 949 1172 consuetos
967 1137 1094 1173 scilicet
1111 1138 1233 1173 festum
1249 1139 1492 1174 Pentliecostes
1510 1145 1545 1174 et
1564 1139 1683 1174 Sancti

207 1193 356 1228 Martini
374 1195 410 1228 in
428 1207 528 1240 yeme
546 1206 608 1240 per
622 1194 760 1240 equales
772 1194 961 1241 portiones,
984 1195 1018 1228 in
1036 1195 1139 1229 feodo
1155 1201 1188 1229 et
1203 1195 1396 1230 hereditate
1411 1195 1680 1242 imperpetuum,

205 1249 293 1283 adeo
312 1249 419 1284 libere
437 1249 521 1284 ficut
538 1249 607 1296 ipse
627 1250 782 1284 Thomas
801 1251 856 1284 vel
874 1251 996 1296 aliquis
1014 1249 1292 1297 predecessorum
1323 1251 1464 1286 suorum
1492 1252 1606 1286 tenuit
1624 1251 1681 1286 seu

205 1303 362 1351 poffedit.
426 1304 537 1351 Cujus
565 1306 673 1339 annui
700 1306 856 1340 redditus
886 1320 907 1340 v
937 1306 1128 1341 solidorum
1157 1308 1271 1342 dictus
1303 1307 1458 1342 Thomas
1490 1308 1584 1343 Card
1614 1314 1681 1342 tra-

205 1362 292 1395 didit
320 1367 354 1395 et
383 1362 472 1395 tradi
501 1361 582 1395 fecit
611 1362 772 1408 predicto
800 1363 961 1409 magistro
991 1363 1150 1399 Johanni
1177 1363 1311 1404 statum,
1340 1363 1491 1398 saifinam
1510 1364 1680 1398 heredita-

203 1419 290 1452 riam
309 1430 447 1452 necnon
464 1418 592 1452 realem
613 1423 648 1452 et
666 1419 883 1465 corporalem
902 1418 1140 1466 poffeffionem
1158 1419 1355 1466 hujusmodi
1385 1433 1446 1467 per
1480 1420 1677 1455 Robertum

204 1473 278 1507 Hal
308 1479 394 1508 tunc
422 1474 590 1520 temporis
619 1486 727 1508 unum
749 1475 957 1509 ballivorum
977 1476 1125 1510 civitatis
1145 1474 1365 1522 Glafiguenfis
1396 1489 1457 1523 per
1484 1477 1515 1511 le
1544 1478 1625 1524 hesp
1644 1484 1678 1512 et

185 1530 305 1576 stapz'l
320 1542 458 1564 necnon
477 1534 512 1564 et
530 1530 711 1564 denarium
741 1531 776 1564 in
807 1544 924 1571 manu,
944 1538 983 1566 ut
1003 1532 1108 1566 moris
1127 1531 1174 1566 est
1203 1532 1239 1565 in
1272 1531 1512 1568 consimilibus
1566 1534 1678 1581 Super

200 1585 324 1632 quibus
342 1585 504 1619 omnibus
535 1591 569 1620 et
600 1584 739 1632 lingulis
758 1587 871 1621 dictus
890 1588 1049 1635 magister
1077 1588 1257 1623 Johannes
1284 1589 1384 1635 petiit
1410 1602 1430 1623 a
1459 1602 1514 1624 me
1540 1591 1677 1624 notario

198 1641 338 1688 publico
356 1640 544 1688 subscripto
565 1640 623 1675 fibi
641 1642 717 1676 fieri
735 1642 911 1689 publicum
942 1644 1220 1679 instrumentum.
1273 1645 1369 1680 Acta
1387 1652 1486 1680 erant
1504 1646 1567 1681 hec
1587 1647 1676 1681 infra

199 1698 328 1732 dictam
347 1698 522 1732 civitatem
542 1697 794 1744 Glasguensem
812 1699 914 1747 super
932 1701 1042 1735 solum
1059 1700 1185 1748 prefati
1203 1701 1405 1742 tenementi,
1426 1714 1530 1743 anno,
1546 1702 1673 1743 mense,

198 1754 264 1793 die,
294 1754 487 1787 indictione
516 1759 551 1788 et
578 1754 785 1800 pontificatu
815 1756 939 1801 quibus
969 1755 1096 1804 supra3
1127 1755 1348 1791 Presentibus
1375 1757 1501 1792 ibidem
1521 1759 1674 1805 providis

198 1810 280 1843 viris
301 1809 460 1843 Roberto
481 1809 553 1843 Hal
565 1810 718 1856 juniore,
741 1810 879 1846 Thema
892 1812 1084 1852 Thomson,
1108 1812 1231 1846 Marco
1249 1812 1332 1853 Hal,
1353 1818 1386 1847 et
1397 1813 1560 1849 ,Iohanne
1573 1815 1672 1850 Gud-

200 1878 290 1912 Wyn,
312 1878 391 1899 cum
411 1864 549 1899 diverfis
566 1865 640 1899 aliis
657 1865 797 1900 testibus
816 1868 859 1901 ad
877 1867 1036 1914 premifl'a
1054 1869 1186 1902 vocatis
1204 1867 1395 1915 specialiter
1414 1875 1448 1904 et
1466 1871 1606 1917 rogatis.

296 1921 341 1955 Et
360 1934 425 1967 ego
446 1920 624 1967 Georgius
642 1921 739 1955 Lorn
758 1922 924 1968 presbiter
945 1924 1175 1971 GlasgueiiliS,
1207 1925 1367 1971 publicus
1384 1926 1594 1962 auctoritate
1611 1929 1672 1962 im-

292 1977 415 2024 periali
432 1977 600 2017 notarius,
631 1977 797 2024 premissis
816 1981 976 2015 omnibus
1003 1986 1038 2015 et
1063 1980 1203 2027 lingulis
1222 1981 1305 2015 dum
1323 1981 1366 2016 fic
1392 1988 1432 2016 ut
1456 1985 1671 2029 premittitur

292 2038 492 2079 agerentur,
517 2033 717 2068 dicerentur
735 2047 774 2069 ac
792 2035 918 2071 fierent
936 2049 1087 2071 unacum
1105 2037 1356 2083 prenominatis
1374 2037 1512 2073 testibus
1531 2040 1670 2086 presens

291 2089 445 2129 interfui,
466 2102 574 2134 eaque
592 2088 636 2123 fic
653 2089 729 2124 fieri
749 2091 829 2131 vidi,
850 2092 929 2127 scivi
948 2098 983 2126 et
1000 2092 1117 2126 audivi
1135 2105 1174 2126 ac
1192 2093 1228 2126 in
1246 2097 1364 2126 notam
1383 2092 1516 2141 sumpfi,
1542 2108 1584 2130 ex
1602 2109 1669 2143 qua

290 2145 356 2178 hoc
386 2144 526 2191 presens
553 2145 730 2192 publicum
763 2147 1029 2182 instrumentum
1062 2161 1168 2182 manu
1198 2148 1311 2182 aliena
1340 2148 1504 2196 scriptum
1522 2153 1667 2195 confeci,

290 2200 463 2247 publicavi
494 2206 528 2234 et
558 2201 595 2234 in
620 2201 710 2235 hane
735 2202 907 2248 publicam
937 2203 1084 2238 formam
1103 2204 1223 2250 redegi
1241 2203 1404 2250 signoque
1422 2207 1564 2242 nomine
1582 2211 1667 2244 meis

289 2255 395 2290 solitis
413 2262 448 2290 et
465 2256 637 2291 consuetis
656 2269 712 2291 me
741 2257 982 2293 subscribendo
1013 2259 1142 2306 signavi
1172 2266 1314 2307 rogatus
1344 2266 1379 2295 et
1406 2262 1596 2308 requifitus‚
1631 2267 1666 2302 in

286 2311 392 2346 fidem
412 2317 447 2346 et
464 2311 697 2347 testimonium
718 2314 873 2348 omnium
893 2319 928 2348 et
946 2313 1158 2361 singulorum
1177 2314 1429 2363 premissorum.

897 2374 919 2405 3
938 2382 962 2405 D
