1870 2683
771 255 840 290 DE
869 256 1138 292 PASSELET.
1601 263 1672 303 :367

190 350 271 385 Deo
285 349 524 392 servientibus,
538 352 669 386 ordinis
677 351 922 393 Cluniacenfis,
939 359 973 388 et
986 354 1244 401 imperpetuum
1259 355 1446 396 servituris,
1463 357 1500 390 in
1513 356 1668 398 liberam,

188 421 311 455 puram
330 413 365 443 et
381 414 586 456 perpetuam
605 409 837 451 elemosinam,
867 410 1097 457 quadraginta
1113 411 1240 446 solidos
1270 412 1378 446 annui
1405 413 1562 448 redditus
1580 414 1670 449 bone

188 469 224 498 et
241 464 362 511 legalis
380 472 521 500 monete
540 465 631 500 infra
649 478 797 512 regnum
817 466 932 501 Scotie
957 467 1199 501 concurrentis
1227 467 1270 502 de
1296 473 1391 502 terra
1417 469 1460 503 de
1488 469 1671 505 Adamton

187 522 375 562 antedicta,
395 527 480 557 tunc
494 523 538 557 ad
554 522 788 557 Senescallum
803 523 918 557 Scotie
932 523 1137 569 pertinenti,
1155 536 1250 558 nunc
1268 537 1353 559 vero
1372 537 1427 559 me
1440 525 1522 572 jure
1536 526 1670 561 heredi-

187 577 276 612 tario
291 584 537 619 concernente,
557 579 738 613 annuatim
751 579 1008 626 imperpetuum
1029 581 1282 628 percipiendos,
1304 595 1408 628 quem
1422 595 1578 618 annuum
1593 584 1669 618 red-

187 633 298 667 ditum
317 634 547 681 quadraginta
563 634 755 669 solidorum
774 634 1002 670 antecefl'ores
1021 637 1089 671 mei
1119 642 1153 671 et
1184 650 1250 684 ego
1267 637 1374 684 usque
1401 639 1437 672 in
1465 639 1557 674 hunc
1575 640 1667 674 diem

186 689 416 724 confthionis
434 690 646 737 presentium
665 691 707 724 ad
726 691 869 737 plenum
887 692 1113 738 persolvimus
1129 705 1138 727 ι
1167 693 1319 728 Noverit
1336 693 1539 729 universitas
1557 695 1668 730 vestra

186 757 252 785 me,
270 758 349 780 cum
364 746 529 780 consensu
545 752 579 780 et
592 745 724 780 affensu
739 746 761 781 J
765 747 912 780 ohannis
924 747 985 781 filii
1004 749 1072 782 mei
1091 754 1125 783 et
1143 749 1281 783 heredis
1298 753 1506 797 apparentis,
1520 752 1667 786 firmiter

184 803 297 836 teneri
328 808 362 837 et
391 802 542 837 fideliter
560 802 706 848 obligari
724 802 864 849 prefatis
882 803 964 837 viris
982 804 1147 851 religiosis
1177 810 1211 839 et
1243 818 1364 841 eorum
1393 807 1600 842 monasterio
1629 809 1665 842 in

185 857 287 892 dietis
312 858 542 904 quadraginta
559 858 675 892 solidis
692 859 801 892 annui
819 859 976 894 redditus
1002 860 1092 895 bone
1111 867 1146 895 et
1164 861 1284 907 legalis
1312 869 1464 903 monete,
1494 863 1666 898 solvendis

183 912 324 959 lingulis
341 915 441 948 annis
459 915 718 962 imperpetuum
737 914 864 949 eisdem
876 915 958 949 viris
976 915 1141 962 religiosis
1159 923 1193 951 et
1212 930 1333 951 eorum
1346 917 1589 953 successoribus
1604 933 1665 966 per

183 983 239 1005 me
257 976 292 1006 et
310 972 455 1006 heredes
472 984 569 1006 meos
586 971 644 1006 seu
662 970 845 1018 affignatos
862 977 969 1019 prout
987 973 1035 1006 eis
1052 972 1137 1006 solvi
1154 973 1269 1007 fuerat
1295 973 1510 1015 consuetum,
1539 974 1664 1009 scilicet

182 1027 227 1061 ad
257 1028 345 1061 duos
374 1028 457 1062 anni
487 1028 656 1062 terminos
673 1027 810 1062 usuales
827 1041 890 1074 per
917 1028 1055 1074 equales
1072 1029 1263 1074 portiones,
1283 1029 1446 1063 videlicet
1473 1030 1516 1064 ad
1542 1030 1663 1065 festum

184 1084 303 1118 saneti
322 1083 470 1118 Martini
501 1084 538 1118 in
568 1096 667 1130 yeme
686 1084 811 1130 viginti
829 1082 967 1124 solidos,
997 1090 1031 1118 et
1058 1084 1101 1118 ad
1126 1084 1248 1118 festum
1270 1084 1488 1120 Pentecostes
1506 1087 1664 1132 proxime

182 1139 263 1174 inde
281 1139 424 1185 sequens
437 1140 560 1186 viginti
572 1139 709 1179 solidos,
731 1145 766 1173 et
783 1138 825 1173 fic
844 1139 887 1173 de
905 1151 998 1173 anno
1013 1140 1049 1173 in
1064 1152 1195 1173 annum
1209 1145 1243 1174 et
1257 1141 1409 1175 termino
1424 1142 1458 1175 in
1473 1143 1662 1176 terminum

182 1201 216 1230 et
234 1196 503 1242 imperpetuum.
557 1196 603 1230 Et
630 1195 654 1229 fi
683 1196 864 1241 contingat
892 1207 947 1229 me
975 1195 1031 1229 vel
1062 1195 1208 1230 heredes
1226 1208 1323 1230 meos
1340 1196 1400 1230 seu
1426 1195 1609 1243 assignatos
1627 1200 1663 1232 in

182 1251 353 1286 solutione
385 1252 469 1286 dieti
501 1252 609 1285 annui
636 1251 794 1286 redditus
823 1251 1054 1297 quadraginta
1071 1250 1262 1286 solidorum
1293 1253 1349 1286 vel
1378 1253 1493 1299 aliqua
1510 1254 1661 1300 ejusdem

181 1313 279 1354 parte
297 1308 455 1341 terminis
472 1307 604 1342 statutis
633 1312 673 1341 ut
703 1307 918 1354 premittitur
944 1307 1101 1341 facienda
1119 1307 1278 1348 deficere,
1310 1309 1404 1354 quod
1421 1308 1514 1350 abfit,
1545 1310 1662 1356 obligo

181 1377 248 1404 me,
279 1364 425 1398 heredes
443 1376 540 1398 meos
557 1369 593 1397 et
610 1362 804 1409 affignatos,
837 1367 948 1396 terras
965 1362 1095 1397 nostras
1126 1369 1161 1397 et
1190 1363 1410 1410 quascunque
1441 1365 1523 1399 alias
1540 1364 1661 1412 poffes-

180 1418 291 1454 {iones
308 1432 348 1454 ac
366 1420 485 1454 omnia
502 1419 594 1453 bona
611 1418 726 1453 nostra
740 1418 882 1453 mobilia
894 1424 928 1453 et
942 1419 1133 1452 immobilia
1146 1418 1345 1466 ubicunque
1357 1420 1516 1454 locorum
1530 1421 1661 1455 fuerint

180 1476 334 1516 inventa,
344 1475 413 1510 fine
425 1475 566 1510 licentia
580 1473 816 1522 cujuscunque
822 1474 950 1521 judicis
964 1474 1020 1509 vel
1035 1474 1178 1508 ministri
1193 1474 1403 1509 ecclesiastici
1417 1476 1471 1510 vel
1486 1475 1658 1517 secularis,

179 1532 224 1566 ad
241 1532 460 1566 voluntatem
481 1532 658 1566 difflzorum
676 1530 918 1577 religiosorum
938 1535 973 1564 et
991 1543 1113 1565 eorum
1131 1529 1361 1565 successorum
1379 1543 1519 1566 necnon
1538 1545 1659 1567 eorum

181 1589 429 1635 deputatorum
447 1587 483 1621 in
501 1587 565 1621 hac
582 1593 681 1634 parte
699 1587 973 1627 statuendorum,
994 1586 1069 1620 fore
1087 1585 1332 1632 distringenda,
1357 1587 1534 1634 capienda,
1554 1587 1660 1622 abdu-

180 1645 300 1685 cenda,
320 1644 506 1679 vendenda
520 1649 554 1678 et
568 1644 605 1677 in
622 1642 702 1677 usus
719 1644 797 1677 suos
815 1643 1063 1682 convertenda,
1084 1642 1261 1688 quousque
1274 1643 1316 1676 de
1332 1643 1428 1677 dieto
1446 1655 1564 1678 annuo
1583 1645 1659 1678 red-

180 1701 255 1735 ditu
270 1700 501 1746 quadraginta
513 1698 705 1733 solidorum
723 1699 771 1733 eis
788 1699 944 1746 plenarie
958 1698 1064 1733 fuerit
1077 1697 1301 1738 satisfaetum,
1317 1699 1416 1733 nullo
1427 1701 1658 1746 proponendo

173 1757 263 1803 juris
281 1756 435 1791 obstante
453 1756 510 1790 vel
527 1756 691 1790 valituro.
745 1755 892 1802 Insuper
910 1768 994 1790 vero
1013 1754 1037 1788 fi
1055 1755 1235 1801 contingat
1254 1767 1309 1789 me
1322 1755 1378 1789 vel
1392 1755 1542 1801 aliquem
1560 1756 1658 1790 here-

180 1813 263 1847 dum
278 1811 502 1847 meorumseu
516 1811 764 1858 assignatorum
778 1817 901 1845 contra
914 1810 1052 1858 presens
1065 1811 1196 1844 factum
1210 1823 1326 1845 meum
1340 1810 1398 1844 seu
1411 1811 1656 1857 obligatorium

178 1869 294 1915 aliquo
312 1874 472 1916 tempore
498 1869 534 1902 in
559 1868 718 1902 futurum
737 1867 857 1902 venire
884 1867 940 1901 vel
967 1867 1206 1901 contradicere
1235 1867 1271 1900 in
1302 1872 1376 1900 toto
1394 1866 1450 1900 vel
1480 1867 1516 1900 in
1546 1873 1655 1913 parte,

179 1925 273 1970 quod
290 1924 383 1965 abiit,
404 1924 486 1959 volo
505 1930 540 1958 et
556 1936 620 1970 pro
639 1936 695 1957 me
714 1928 748 1957 et
766 1922 952 1957 heredibus
969 1923 1054 1957 meis
1073 1928 1107 1956 et
1125 1920 1297 1968 assignatis
1315 1922 1470 1956 concedo
1484 1923 1579 1968 quod
1597 1923 1655 1956 do-

179 1981 293 2015 minus
305 1980 475 2016 Officialis
492 1980 588 2014 curie
607 1977 830 2025 Glasguenfis
848 1979 905 2024 qui
917 1991 981 2025 pro
993 1984 1152 2025 tempore
1165 1978 1280 2017 fuerit,
1302 1990 1344 2011 ex
1358 1977 1428 2011 sola
1442 1977 1655 2024 inspectione

178 2035 344 2083 presentis
362 2036 560 2082 obligatorii
578 2036 657 2075 mei,
677 2034 747 2069 fine
764 2035 880 2080 aliqua
896 2034 958 2068 lite
976 2033 1031 2068 vel
1044 2033 1189 2080 judicio,
1210 2034 1246 2066 in
1265 2045 1331 2073 me,
1352 2033 1496 2067 heredes
1514 2046 1609 2067 meos
1622 2041 1655 2068 et

177 2090 372 2138 affiguatos,
401 2091 587 2125 sententias
617 2090 852 2137 suspensionis,
885 2089 1254 2125 excommunicationis
1285 2093 1320 2122 et
1350 2088 1529 2122 interdhffi
1555 2089 1655 2136 poflit

177 2148 413 2194 promulgare,
443 2146 580 2181 eosdem
600 2146 642 2180 ab
660 2145 735 2193 ipfis
753 2145 931 2180 sententiis
949 2158 1022 2179 non
1040 2145 1200 2179 relaxans
1217 2143 1395 2190 quousque
1413 2144 1533 2188 decem
1551 2144 1655 2180 libras

177 2203 296 2249 legalis
315 2208 456 2237 monete
473 2202 601 2236 fabrice
620 2200 759 2236 ecclesie
777 2200 998 2247 Glaiguenfis
1016 2201 1159 2234 nomine
1176 2212 1266 2247 pene
1285 2199 1516 2246 applicandae,
1545 2206 1580 2235 et
1597 2202 1654 2235 de-

177 2271 252 2293 cem
270 2258 374 2292 libras
393 2258 546 2305 ejusdem
565 2263 706 2292 monete
723 2257 864 2304 prefatis
882 2257 964 2291 viris
982 2255 1157 2302 religiofiS,
1177 2256 1320 2290 nomine
1334 2256 1566 2303 dampnorum
1580 2256 1655 2291 suo-

176 2327 254 2349 rum
273 2321 308 2350 et
326 2313 567 2362 expensarum,
598 2312 875 2360 persolverimus,
904 2313 1065 2358 quotiens
1091 2317 1213 2347 contra
1230 2311 1368 2359 presens
1385 2312 1518 2348 factum
1536 2325 1653 2353 meum
