1870 2683
767 257 837 292 DE
865 257 1134 292 PASSELET.
1621 262 1691 299 397

208 356 342 392 ,Iacobo
363 354 585 401 Lewynston,
607 353 792 388 Nicholaio
811 352 985 400 Lyndsay,
1018 353 1239 394 scholaribus,
1260 358 1294 388 et
1312 353 1476 389 Johanne
1498 353 1685 400 Akynhed,

209 425 288 446 cum
308 409 446 446 diverfis
464 410 549 444 aliis.

206 580 381 615 Ultimum
399 579 666 613 instrumentum
685 579 791 613 trium
809 584 1093 614 tenementorum
1112 580 1147 613 in
1167 579 1324 626 Glasgw.

206 691 263 725 IN
295 690 387 724 DEI
418 689 633 724 NOMINE
665 690 795 724 Amen.
862 690 930 724 Per
960 690 1026 724 hoc
1055 690 1193 736 presens
1219 690 1397 737 publicum
1417 691 1682 726 instrumentum

204 747 339 781 cunctis
356 751 473 793 pateat
491 745 673 779 evidenter
692 751 726 780 et
744 745 782 780 fit
801 752 925 780 notum
944 745 1037 791 quod
1056 758 1148 779 anno
1168 746 1341 780 dominice
1374 747 1621 781 incarnationis
1640 752 1683 781 Μο

204 807 335 837 ccccc⁰
353 806 417 842 1x⁰‚
438 802 493 836 die
512 814 596 835 vero
609 800 731 835 menfis
744 801 957 837 Novembris
974 801 1107 841 xxviii0,
1123 802 1315 836 indictione
1334 803 1581 843 decimatertia,
1598 816 1683 850 pon-

201 858 351 892 tificatus
368 855 564 892 sanctiffimi
594 857 630 890 in
662 856 798 891 Christo
816 858 924 904 patris
952 870 991 891 ac
1022 857 1153 890 domini
1186 857 1291 891 nostri
1311 858 1443 891 domini
1461 858 1547 893 ‚Julii
1565 859 1682 892 divina

200 914 421 961 providentia
437 926 525 960 pape
543 912 684 947 secundi
702 925 796 946 anno
814 913 971 960 septimo,
1003 912 1040 945 in
1069 912 1137 946 mei
1167 913 1295 946 notarii
1323 913 1452 959 publici
1481 920 1515 948 et
1545 914 1680 948 testium

200 968 466 1016 subscriptorum
486 968 658 1015 presentia
684 967 911 1014 personaliter
939 968 1144 1002 constitutus
1175 968 1389 1002 honorabilis
1419 970 1472 1003 vir
1502 970 1524 1005 J
1528 970 1682 1004 ohannes

201 1025 324 1060 Schaw
343 1037 433 1059 unus
451 1024 660 1058 ballivorum
680 1023 782 1069 burgi
800 1024 947 1058 civitatis
966 1022 1200 1070 Glasguenfis,
1222 1036 1264 1058 ex
1283 1024 1442 1070 requestu
1462 1024 1598 1059 discreti
1616 1026 1682 1059 viri

200 1082 333 1115 domini
346 1081 517 1116 Johannis
534 1080 627 1120 Scot,
647 1080 819 1120 monachi,
840 1080 1087 1126 procuratoris,
1102 1080 1276 1114 aeternati
1293 1086 1327 1114 et
1341 1080 1471 1127 syndici
1486 1081 1682 1116 monasterii

200 1137 242 1171 de
263 1136 407 1177 Passeto,
428 1134 563 1171 acceflit
581 1135 809 1182 personaliter
827 1148 978 1170 unacum
998 1135 1140 1170 testibus
1158 1136 1201 1169 ad
1221 1136 1290 1170 duo
1310 1142 1512 1171 tenementa
1525 1137 1682 1183 bnrgalia

198 1193 234 1226 in
253 1193 348 1227 dieta.
365 1193 504 1227 civitate
524 1191 729 1237 Glasguenfi
746 1190 845 1225 fimul
876 1197 910 1225 et
937 1192 1102 1237 contigue
1129 1192 1333 1238 adjacentia,
1360 1192 1515 1238 jacentia
1532 1193 1569 1226 in
1588 1193 1681 1227 dicta

199 1249 337 1282 civitate
357 1261 398 1283 ex
416 1254 515 1294 parte
535 1248 742 1282 occidentali
761 1247 880 1293 magni
898 1247 964 1280 vici
983 1247 1136 1293 ejusdem
1163 1247 1340 1282 tendentis
1370 1248 1412 1282 ab
1444 1247 1582 1282 ecclesia
1610 1260 1680 1282 me-

198 1305 412 1351 tropolitana
430 1303 635 1350 Glasguenfi
664 1304 707 1337 ad
738 1315 877 1338 crucem
896 1303 1041 1337 foralem
1061 1303 1225 1350 ejusdem,
1255 1304 1345 1338 inter
1372 1310 1482 1338 terras
1498 1303 1566 1338 five
1584 1310 1679 1338 tene-

198 1366 316 1394 menta
335 1360 454 1394 Sancti
477 1359 687 1405 Kentigerni
706 1359 851 1393 fundata
869 1363 903 1392 et
922 1359 1042 1394 dotata
1059 1358 1198 1394 ecclefie
1216 1372 1278 1406 per
1296 1360 1472 1405 qnondam
1499 1360 1590 1394 bone
1608 1373 1678 1395 me-

198 1417 308 1450 morie
336 1415 536 1462 magistrnm
567 1415 749 1449 Andrean]
784 1415 942 1450 Steward
964 1416 1246 1450 archidiaconum
1266 1415 1500 1450 Candidecase
1527 1422 1561 1450 et
1585 1429 1679 1450 nunc

198 1472 330 1506 domini
348 1471 471 1507 Jacobi
494 1471 657 1506 Houston
676 1472 812 1506 ratione
831 1471 889 1505 sue
908 1471 1098 1517 capellanie
1128 1484 1170 1505 ex
1198 1477 1296 1518 parte
1314 1471 1452 1505 australi
1470 1484 1513 1505 ex
1531 1484 1611 1512 una,
1645 1478 1680 1506 et

197 1533 307 1561 terras
336 1526 403 1561 five
437 1532 678 1561 tenementum
709 1527 842 1561 domini
862 1526 1009 1560 Dionifii
1031 1527 1218 1573 Achynlek
1236 1528 1371 1561 ratione
1402 1526 1460 1561 sue
1489 1527 1679 1574 capellanie

197 1584 382 1618 fundatum
400 1596 463 1630 per
481 1583 657 1629 quondam
677 1583 768 1617 bone
788 1584 957 1617 memorie
976 1583 1175 1629 magistrum
1190 1583 1308 1617 David
1323 1583 1557 1630 Cunyngham
1570 1596 1678 1629 quon-

198 1640 277 1673 dam
296 1639 478 1673 officialem
499 1638 751 1685 Glasguensem
772 1652 814 1673 ex
833 1644 931 1685 parte
950 1639 1092 1679 boreali,
1112 1652 1155 1673 ex
1173 1639 1282 1673 altera
1294 1639 1448 1686 partibus
1465 1653 1473 1681 3
1502 1652 1569 1684 que
1585 1639 1679 1673 dicta

198 1695 268 1729 duo
287 1700 489 1729 tenementa
508 1707 586 1729 cum
606 1695 828 1741 pertinentiis
852 1695 995 1728 fuerunt
1023 1695 1184 1741 primitus
1215 1707 1277 1742 per
1304 1694 1424 1728 fustem
1454 1700 1488 1728 et
1517 1694 1677 1728 baculum

197 1756 366 1797 quantum
386 1750 430 1784 ad
447 1750 590 1784 feodum
610 1756 644 1784 et
662 1763 723 1797 per
740 1750 823 1796 help
842 1751 1009 1797 etstapyl
1021 1757 1189 1797 quantum
1209 1751 1252 1784 ad
1270 1751 1418 1785 liberum
1437 1756 1679 1785 tenementum

197 1821 285 1855 pure
315 1813 349 1842 et
377 1807 577 1854 simpliciter
595 1807 765 1853 relignata
795 1820 858 1854 per
888 1807 1128 1841 honorabilem
1148 1807 1261 1841 virum
1279 1806 1479 1842 Johannem
1507 1806 1676 1846 Steward,

197 1864 319 1903 filium,
351 1863 516 1897 heredem
548 1870 771 1910 apparentem
804 1863 930 1896 nobilis
960 1869 995 1897 et
1025 1863 1193 1909 elegantis
1220 1862 1285 1896 viri
1317 1862 1438 1896 Allani
1458 1862 1616 1897 Steward
1636 1863 1678 1896 de

199 1920 412 1960 Cardonald‚
439 1926 705 1966 procuratorem
725 1925 760 1953 et
778 1932 819 1954 eo
838 1920 980 1954 nomine
999 1924 1168 1964 quantum
1187 1918 1230 1952 ad
1247 1918 1389 1952 feodum
1408 1918 1540 1953 domini
1560 1918 1677 1953 David

199 1975 403 2023 Akynheffl,
424 1974 616 2022 presbiteri,
639 1976 787 2009 rectoris
806 1975 848 2009 de
869 1974 1029 2014 Holdon,
1043 1974 1117 2008 veri
1134 1974 1272 2008 heredis
1290 1981 1324 2008 et
1342 1974 1532 2008 venditoris
1551 1987 1676 2009 eorun-

199 2033 290 2072 dem,
307 2037 341 2066 et
359 2031 533 2066 Johannis
553 2031 744 2078 Akynheid
762 2032 868 2078 patris
886 2030 971 2065 dieti
990 2029 1122 2063 domini
1143 2029 1259 2063 David
1278 2036 1447 2075 quantum
1465 2030 1509 2063 ad
1528 2030 1675 2066 liberum

198 2093 441 2122 tenementum
460 2087 703 2134 predictorum
729 2092 1037 2128 tenementorum3
1067 2086 1109 2119 de
1129 2085 1226 2132 cujus
1244 2086 1498 2132 procuratorio,
1530 2085 1675 2132 figillato

199 2142 307 2189 figillo
326 2142 451 2189 prefati
470 2142 602 2176 domini
636 2142 753 2176 David
773 2148 807 2176 et
825 2141 1132 2176 instrumentaliter
1151 2141 1313 2176 confecto
1333 2154 1376 2176 ex
1394 2147 1492 2188 parte
1511 2142 1596 2177 dieti
1614 2143 1674 2179 Jo-

200 2199 322 2233 hannis
342 2198 543 2245 Akynheid‚
575 2198 739 2231 roborato
758 2196 853 2243 {igno
872 2202 907 2232 et
924 2197 1171 2244 subscriptione
1191 2197 1323 2232 domini
1350 2197 1489 2232 Thome
1508 2198 1676 2247 Cunyng-

201 2256 278 2289 ham
299 2255 425 2288 notarii
444 2254 583 2300 publici,
605 2253 689 2287 mihi
707 2254 844 2287 notario
858 2253 1045 2301 sublcripto
1058 2253 1146 2288 bene
1165 2253 1339 2289 constabat
1355 2269 1364 2296 3
1387 2260 1421 2288 et
1433 2254 1558 2289 ibidem
1574 2255 1675 2303 super

200 2311 348 2345 fundum
368 2310 541 2344 dictorum
564 2310 714 2344 duorum
733 2315 1015 2344 tenementorum
1035 2308 1168 2344 infimul
1189 2315 1223 2344 et
1241 2310 1405 2356 contigue
1427 2310 1671 2357 adjacentium,
