1839 2652
182 265 202 295 S
566 258 879 294 REGISTRUM
908 258 1244 294 MONASTERII

190 412 249 446 De
277 411 436 445 faciendo
464 410 623 445 abbatem
650 411 687 444 in
715 409 922 444 monasterio
957 409 1000 443 de
1036 407 1195 449 Paffelet,
1232 413 1267 443 et
1305 408 1538 443 conventione
1568 409 1660 444 inter

192 467 340 502 &Venloc
358 472 392 501 et
412 465 569 500 Paffelet.

192 577 471 613 UNIVERSIS
490 577 616 612 Christi
634 577 793 612 fidelibus
809 582 881 611 tam
900 577 1115 623 presentibus
1129 590 1232 623 quam
1246 577 1383 617 futuris,
1407 576 1581 611 Walterus
1595 577 1666 612 Dei

191 634 303 680 gratia
333 632 559 679 Glasguenfis
586 633 773 680 episcopus,
801 638 836 667 et
864 633 1037 667 Ricardus
1067 632 1219 680 ejusdem
1247 632 1466 680 permistione
1497 633 1600 667 abbas
1622 633 1665 668 de

193 689 342 729 Kelcou‚
365 695 521 723 eternam
540 689 575 722 in
595 689 753 723 Domino
771 688 927 722 salutem.
972 688 1123 722 Noverit
1141 688 1343 723 univerfitas
1360 688 1471 723 vestra
1487 701 1551 723 nos
1570 701 1665 723 man-

191 745 311 779 datum
339 745 471 779 domini
499 745 592 791 Pape
619 745 654 778 in
671 745 736 778 hec
765 744 871 778 verba
900 743 1087 791 suscepisse.
1142 744 1325 778 Honorius
1353 744 1530 791 episcopus
1547 744 1665 779 servus

191 800 371 835 servorum
398 800 469 834 Dei
495 800 685 834 venerabili
710 799 808 833 fratri
837 799 994 834 lValtero
1026 799 1232 846 Glasguenfi
1258 799 1429 846 episcopo,
1468 805 1502 834 et
1529 800 1664 834 dilectis

192 856 270 890 filiis
288 857 331 890 de
359 855 496 890 Melros
519 861 553 890 et
582 855 719 890 Kelcou
739 855 945 895 Abbatibus,
978 855 1121 890 salutem
1146 862 1180 890 et
1206 856 1426 903 apostolicam
1452 856 1665 890 benedictio-

190 925 283 946 nem.
336 910 534 946 (ἴω-1111111113
560 912 596 944 111
628 910 763 945 Christo
791 910 882 944 filius
914 911 1118 946 Alexander
1143 925 1205 946 rex
1232 912 1346 946 Scotie
1372 911 1521 951 illustris,
1549 925 1588 946 ac
1614 917 1664 951 tu,

192 968 299 1002 frater
318 967 497 1014 Episcope,
526 966 643 1001 vestris
661 966 760 1000 nobis
783 966 907 1000 litteris
925 966 1143 1013 supplicastis,
1171 973 1222 1007 ut,
1243 980 1323 1001 cum
1343 967 1465 1001 dilecti
1482 967 1543 1000 filii
1564 967 1665 1001 Prior

193 1030 227 1058 et
245 1030 438 1057 conventus
457 1023 499 1057 de
516 1021 671 1062 Paffelet‚
692 1035 735 1056 ex
759 1022 898 1056 defectu
917 1022 1047 1056 abbatis
1065 1023 1120 1056 cui
1138 1021 1381 1068 profeffionem
1411 1022 1524 1056 facere
1541 1020 1666 1069 poffint

192 1079 400 1125 regularem,
430 1079 624 1112 animarum
642 1078 806 1124 pericula,
840 1076 1097 1111 (lifl'olutionem
1126 1078 1267 1118 ordinis,
1300 1083 1334 1112 et
1352 1090 1469 1112 rerum
1488 1078 1665 1124 patiantur

191 1135 311 1181 gravia
323 1134 541 1174 detrimenta,
553 1133 737 1180 providere
752 1132 826 1179 ipfis
838 1132 938 1179 super
950 1133 1016 1167 1100
1028 1139 1172 1179 paterna
1186 1133 1416 1167 sollicitudine
1429 1134 1664 1179 dignaremur.

194 1191 286 1225 Cum
304 1190 411 1236 igitur
429 1189 588 1223 instantia
606 1188 720 1222 nostra
747 1188 949 1233 quotidiana
976 1188 1014 1222 fit
1044 1189 1201 1222 onmium
1230 1189 1447 1223 eccleliarum
1469 1188 1665 1222 sollicitudo

192 1246 368 1285 continua,
386 1245 471 1279 dieti
486 1245 605 1290 Regis,
626 1249 728 1289 atque
743 1243 822 1282 tuis,
842 1243 949 1277 frater
967 1244 1147 1291 Episcope‚
1168 1245 1226 1290 qui
1240 1244 1307 1278 loci
1327 1243 1528 1279 diocesanus
1542 1243 1664 1284 existis,

192 1314 331 1336 necnon
361 1300 513 1347 ipsorum
533 1300 663 1333 Prioris
690 1305 725 1333 et
754 1304 949 1333 conventus
974 1299 1261 1346 postulationibus
1284 1299 1451 1339 inclinati,
1479 1299 1577 1333 vobis
1604 1312 1666 1346 per

191 1357 376 1405 apostolica
403 1356 528 1403 scripta
551 1356 766 1395 mandamus,
795 1356 967 1400 quatinus,
988 1355 1011 1389 fi
1027 1356 1155 1390 veritas
1177 1353 1343 1402 premisfis
1361 1354 1577 1400 suffragatur,
1606 1355 1665 1395 eis,

192 1414 401 1447 auctoritate
419 1411 544 1452 nostra,
557 1411 626 1445 fine
638 1411 729 1458 juris
742 1410 934 1458 prejudicio
949 1411 1064 1451 alieni,
1084 1411 1283 1445 facultatem
1298 1410 1495 1444 concedatis
1513 1409 1571 1444 fibi
1588 1423 1667 1457 pro-

193 1469 334 1503 videndi
352 1468 394 1501 de
413 1473 529 1501 cetero
547 1480 610 1514 per
628 1467 831 1501 canonicam
844 1467 1052 1501 electionem
1067 1467 1109 1500 de
1123 1466 1269 1513 persona
1286 1467 1424 1513 ydonea
1441 1466 1477 1499 in
1494 1465 1663 1500 abbatem.

195 1522 336 1565 Quodsi
350 1536 422 1557 non
441 1536 561 1557 omnes
578 1523 642 1556 hiis
661 1522 872 1568 exequendis
890 1522 1073 1569 potueritis
1091 1521 1262 1562 intereffe,
1288 1527 1339 1562 tu,
1358 1522 1465 1557 frater
1485 1522 1664 1569 Episcope‚

194 1593 272 1614 011111
292 1592 412 1614 eornm
432 1579 554 1619 altero,
583 1592 623 1612 ea
652 1578 878 1612 nihilominus
905 1578 1095 1623 exequaris.
1148 1577 1283 1611 Datum
1311 1577 1434 1618 Reate,
1464 1578 1549 1612 Idus
1566 1577 1664 1617 Julii,

192 1636 415 1683 pontificatus
450 1634 555 1668 nostri
592 1647 685 1668 anno
718 1634 834 1668 tertio.
888 1633 1006 1680 Hujus
1036 1634 1142 1679 igitur
1170 1634 1379 1667 auctoritate
1410 1634 1574 1674 mandati,
1602 1646 1667 1668 nos

193 1699 357 1737 tanquam
369 1691 430 1724 filii
443 1690 639 1724 obedientie
657 1690 750 1736 apud
763 1689 970 1724 Jeddewort
984 1689 1222 1729 convenimus,
1241 1689 1300 1723 ubi
1318 1689 1417 1723 nobis
1431 1703 1451 1724 a
1464 1689 1666 1735 quibusdam

192 1748 274 1781 viris
286 1747 376 1793 juris
394 1746 513 1793 peritis
531 1746 597 1780 fuit
629 1744 836 1784 consultum,
864 1750 904 1778 ut
931 1744 1045 1779 Priori
1063 1750 1098 1778 et
1124 1745 1313 1779 conventui
1331 1745 1374 1779 de
1393 1745 1552 1785 lVenloc,
1571 1746 1667 1779 unde

192 1804 293 1850 primi
313 1802 473 1836 monachi
492 1802 534 1836 de
554 1800 701 1836 Paffelet
715 1802 886 1841 exierunt,
906 1797 1053 1834 formam
1067 1800 1169 1846 liujus
1187 1801 1341 1834 mandati
1354 1801 1547 1835 faceremus
1560 1801 1668 1835 trans-

192 1859 294 1899 mitti,
330 1858 540 1892 anctoritate
571 1857 755 1904 apostolica
787 1856 1022 1903 precipiendo,
1062 1856 1109 1890 eis
1137 1856 1341 1890 mandantes
1370 1862 1410 1890 ut
1436 1857 1491 1890 die
1526 1862 1561 1891 et
1588 1857 1667 1891 1000

192 1914 470 1962 competentibus
488 1926 605 1947 coram
624 1912 722 1946 nobis
740 1918 994 1958 comparerent,
1022 1910 1044 1945 fi
1060 1911 1143 1957 quid
1160 1924 1222 1958 per
1239 1911 1436 1958 hujusmodi
1455 1913 1667 1947 creationem

191 1971 322 2005 abbatis
334 1970 407 2017 juri
434 1969 495 2003 suo
522 1969 705 2003 crederent
732 1969 903 2014 derogari,
932 1967 1151 2014 propofituri.
1203 1968 1311 2008 Quod
1328 1968 1448 2013 utique
1475 1968 1518 2002 ad
1544 1968 1668 2002 instan-

192 2027 275 2060 tiam
293 2026 431 2073 patroni
457 2025 525 2059 loci
544 2023 643 2072 ipfius
671 2024 713 2058 de
741 2022 887 2058 Pafl'elet
904 2024 970 2057 fuit
987 2023 1226 2070 adimpletum.
1279 2023 1362 2070 Ipfis
1379 2030 1496 2058 autem
1514 2023 1558 2057 ad
1577 2024 1668 2058 diem

192 2082 250 2115 fibi
267 2082 439 2129 prefixum
467 2093 540 2115 non
557 2080 787 2120 venientibus,
814 2079 895 2114 licet
920 2092 983 2126 per
1000 2079 1132 2124 aliquot
1150 2079 1222 2113 dies
1239 2078 1501 2125 lupersedimus‚
1530 2078 1669 2113 Abbate

194 2139 236 2172 de
257 2137 393 2171 Melros
420 2136 601 2183 conjudice
619 2135 735 2170 nostro
753 2135 797 2168 ad
814 2140 927 2169 totum
954 2135 1135 2180 negotium
1152 2134 1362 2168 sufficienter
1389 2133 1561 2174 excusato,
1590 2147 1669 2168 cum

195 2196 236 2228 de
254 2194 420 2240 prediffis
437 2192 599 2239 periculis
616 2198 650 2226 et
667 2191 866 2238 majoribus,
885 2202 947 2237 per
964 2189 1064 2223 testes
1079 2189 1174 2223 omni
1192 2190 1395 2236 exceptione
1413 2189 1572 2236 majores,
1591 2202 1670 2224 nec-

195 2263 267 2284 non
286 2256 319 2284 et
338 2250 380 2284 de
409 2249 512 2295 plena
538 2248 760 2294 exemptione
787 2246 978 2280 eorundem
1007 2245 1259 2279 monachorum
1285 2258 1305 2279 a
1323 2246 1428 2279 domo
1447 2245 1489 2279 de
1508 2244 1668 2286 lVenloc,

195 2319 257 2354 per
274 2305 390 2340 fidelia
416 2304 540 2351 scripta
557 2309 592 2338 et
622 2303 807 2343 autentica,
839 2301 938 2336 nobis
964 2300 1139 2335 manifeste
1167 2301 1348 2342 constaret,
1376 2301 1498 2335 ordine
1519 2300 1608 2347 juris
1634 2302 1670 2335 in
