1839 2652
177 291 247 322 220
570 281 883 319 REGISTRUM
911 280 1250 316 MONASTERII

177 389 307 418 cartam
338 381 488 416 vidimus
516 385 551 414 et
580 380 625 413 ad
651 379 794 426 plenum
824 376 1061 411 intelleximus
1077 376 1138 411 sub
1167 377 1232 411 hac
1261 376 1373 410 forma
1401 381 1441 410 ut
1470 375 1622 422 sequitur
1638 391 1648 419 ;

177 437 415 475 OMNIBUS
447 436 573 471 Christi
600 434 760 469 fidelibus
790 438 862 467 tam
890 431 1106 479 presentibus
1135 444 1237 477 quam
1268 431 1394 465 futuris
1413 430 1652 466 Maldovenus

177 508 292 530 comes
310 494 353 528 de
372 493 520 527 Lennax
537 491 693 526 salutem.
746 490 867 524 Sciatis
884 501 940 522 me
959 486 1151 521 eonceffiffe
1178 492 1213 521 et
1239 487 1304 520 hac
1322 492 1416 520 carta
1433 499 1510 521 mea
1527 488 1651 521 confir-

177 548 279 584 maffe
298 549 379 583 Deo
398 554 433 582 et
452 548 582 582 Sancto
599 546 623 582 J
625 546 733 580 acobo
752 550 786 579 et
806 544 936 579 Sancto
955 543 1091 577 Mirino
1110 543 1152 577 de
1172 541 1305 576 Pafleto
1335 547 1370 576 et
1396 542 1574 576 monachis
1590 542 1652 576 ibi-

175 607 253 641 dem
272 605 353 639 Deo
371 603 598 638 servientibus
617 608 651 636 et
669 603 705 635 in
722 606 931 648 perpetuum
949 598 1137 639 servituris,
1164 598 1200 631 in
1217 597 1361 632 liberam
1388 603 1422 631 et
1447 603 1649 644 perpetuam

175 659 406 700 elemosinam,
427 659 652 693 donationem
671 657 766 691 illam
784 668 887 702 quam
908 654 1085 689 Robertus
1104 654 1146 688 de
1167 653 1340 687 Hertford
1353 653 1497 687 clericus
1510 654 1557 687 eis
1570 653 1652 687 fecit

175 718 257 751 dum
275 716 449 750 laboraret
467 715 503 748 in
522 713 696 753 extremis,
727 713 770 746 de
798 711 984 745 medietate
1003 710 1143 757 piscarie
1170 723 1237 756 que
1264 709 1453 756 Lenbreyn
1471 722 1650 755 nuncupa-

173 779 242 812 tur,
272 784 351 806 cum
369 777 444 805 tota
460 771 520 804 illa
536 776 631 804 terra
648 782 714 815 que
740 769 835 815 jacet
853 768 944 801 inter
963 766 1092 800 dietam
1110 764 1286 811 piscariam
1320 771 1354 799 et
1380 777 1541 811 magnam
1559 765 1650 799 viam

175 827 292 862 versus
311 827 524 861 Dunbertan
546 825 630 860 ficut
648 825 742 858 illam
762 824 809 858 eis
828 823 907 857 dedi
926 827 961 856 et
978 820 1141 867 assignavi
1159 821 1196 854 in
1214 820 1429 855 excambium
1461 820 1554 854 illius
1571 833 1650 855 acre

175 890 269 918 terre
287 895 390 929 quam
411 882 491 916 dedi
509 882 604 915 dicto
626 880 784 914 Roberto
797 891 876 913 cum
895 878 1109 912 dimidietate
1125 877 1218 911 (inste
1230 876 1382 923 piscarie.
1436 875 1556 917 Quare
1568 875 1650 910 volo

175 945 210 973 et
228 939 383 974 concedo
401 943 441 972 ut
459 938 544 971 dieti
562 937 723 971 monachi
741 935 896 970 totaliter
914 940 949 968 et
967 934 1102 979 integre
1121 933 1250 966 dictam
1264 931 1442 978 piscariam
1457 944 1537 965 cum
1549 931 1650 965 terris

174 994 395 1040 sequentibus
416 998 559 1028 teneant
577 998 612 1026 et
629 992 778 1026 habeant
796 991 1049 1037 imperpetuam
1068 987 1299 1027 elemosinam,
1320 993 1390 1021 tam
1403 999 1445 1021 ex
1460 987 1649 1021 donatione

175 1063 253 1084 mea
269 1063 372 1096 quam
391 1048 667 1088 confirmatione,
699 1046 906 1081 firmandam
934 1050 969 1079 et
998 1044 1191 1078 faciendam
1210 1056 1252 1077 ex
1270 1049 1417 1088 utraque
1444 1047 1541 1089 parte
1561 1055 1649 1087 aque

176 1107 219 1140 de
238 1105 427 1152 Lenbreyn
458 1110 492 1139 et
510 1117 571 1151 per
587 1102 818 1137 transversum
836 1114 924 1147 aque
942 1099 1025 1134 ficut
1042 1099 1194 1134 viderint
1223 1097 1282 1132 fibi
1307 1098 1432 1132 melius
1458 1098 1621 1144 expedire
1637 1112 1647 1139 3

179 1174 258 1196 cum
276 1161 413 1208 pastura
430 1160 473 1194 ad
492 1160 573 1194 06ῒο
591 1159 698 1193 boves
717 1164 750 1192 et
769 1159 856 1192 duos
874 1169 980 1203 equos
991 1157 1027 1189 in
1040 1162 1134 1190 terra
1147 1167 1224 1189 mea
1241 1155 1284 1188 de
1303 1154 1450 1188 Buthlul
1467 1154 1526 1188 ubi
1543 1154 1649 1188 fuerit

175 1219 223 1251 eis
240 1217 371 1257 utilius,
405 1222 438 1250 et
469 1228 548 1250 cum
566 1215 725 1249 libertate
744 1213 900 1260 capiendi
932 1219 967 1246 et
998 1211 1146 1245 habendi
1174 1216 1309 1258 petram
1328 1215 1362 1244 et
1380 1210 1586 1244 meremium
1605 1210 1648 1244 ad

175 1273 443 1311 edificationem,
467 1276 501 1305 et
518 1270 682 1305 focalium
708 1270 753 1303 ad
779 1267 1056 1303 comburendum
1075 1267 1111 1301 in
1128 1272 1223 1301 terra
1240 1279 1317 1300 mea
1334 1266 1533 1312 ubicunque
1551 1266 1649 1300 volu-

174 1330 276 1363 erint.
330 1328 495 1362 Preterea
523 1327 603 1361 dedi
631 1325 757 1360 eisdem
775 1324 978 1372 potestatem
996 1323 1147 1371 piscandi
1175 1336 1237 1370 per
1267 1328 1381 1357 totum
1399 1323 1512 1357 lacum
1531 1335 1649 1356 meum

175 1385 217 1419 de
237 1384 382 1430 Leveyn
399 1382 468 1417 fine
487 1383 583 1417 omni
601 1381 863 1428 impedimentO,
894 1393 973 1415 cum
992 1380 1152 1414 libertate
1170 1378 1314 1413 ficcandi
1346 1379 1433 1413 retia
1450 1378 1509 1412 lua
1538 1383 1572 1412 et
1602 1378 1649 1412 fa-

175 1440 288 1474 ciendi
307 1440 428 1473 domos
447 1444 481 1473 et
499 1438 665 1484 scalingas
682 1436 907 1484 piscatoribus
920 1436 987 1471 suis
1005 1442 1076 1470 tam
1095 1437 1130 1469 in
1148 1434 1266 1469 insulis
1279 1435 1428 1481 preditffi
1439 1434 1534 1468 lacus
1545 1447 1648 1480 quam

175 1497 277 1531 terris
294 1496 379 1529 meis
409 1493 742 1540 circumjacentibus.
797 1492 876 1526 Hiis
904 1492 1053 1532 testibus,
1087 1492 1229 1526 domino
1253 1490 1406 1524 Waltero
1437 1490 1508 1523 filio
1541 1490 1648 1523 Alani

174 1551 358 1587 senescallo
378 1550 504 1589 Scotie,
538 1548 693 1583 Radulfo
722 1548 901 1594 capellano
929 1548 1060 1581 domini
1094 1547 1213 1593 Regis,
1246 1545 1440 1580 Blalcolmo
1465 1545 1537 1579 filio
1556 1557 1645 1584 meo,

177 1607 349 1642 Amelech
366 1607 472 1640 fratre
491 1617 580 1644 me0‚
602 1603 761 1638 Roberto
781 1603 1033 1650 Mungumery,
1056 1603 1173 1637 Alano
1192 1603 1235 1637 de
1254 1601 1382 1642 Insula,
1413 1601 1557 1647 Rogero
1575 1601 1647 1635 filio

176 1663 281 1709 Glay,
302 1661 464 1696 Galfrido
485 1659 716 1699 Marischeall,
750 1659 921 1694 Umfredo
940 1659 982 1693 de
1003 1658 1201 1705 Kylpatrik,
1229 1670 1322 1692 anno
1340 1657 1450 1703 gratie
1468 1656 1646 1691 millesimo

175 1716 409 1754 ducentefimo
423 1715 581 1751 vicesimo
600 1716 723 1761 quinto
742 1715 777 1748 in
795 1714 878 1749 festo
897 1714 1016 1749 Sancffi
1032 1714 1126 1748 Petri
1144 1714 1188 1747 ad
1205 1713 1345 1747 vincula
1355 1712 1448 1759 apud
1463 1711 1645 1746 Passetum.

177 1773 436 1820 Quamquidem
455 1778 584 1806 cartam
604 1777 638 1805 et
657 1771 879 1804 donationem
900 1771 1007 1804 totius
1025 1776 1059 1803 et
1077 1770 1211 1815 integre
1231 1769 1324 1803 dicte
1341 1766 1482 1814 piscarie
1498 1768 1540 1802 de
1556 1767 1647 1802 Len-

176 1832 286 1877 breyn
312 1842 390 1864 cum
410 1828 512 1862 terris
528 1827 749 1873 sequentibus
777 1832 811 1860 et
841 1826 1060 1872 pertinentiis
1079 1825 1230 1872 ejusdem
1257 1830 1292 1859 et
1318 1824 1440 1858 ceteris
1458 1823 1559 1870 supra
1576 1823 1646 1871 spe-

177 1886 328 1925 cificatis,
358 1890 398 1918 ut
422 1883 612 1918 saluberius
638 1882 817 1916 animabus
834 1879 1112 1929 predecefl'orum
1143 1886 1177 1915 et
1204 1878 1433 1914 suceefforum
1450 1879 1645 1914 nostrorum

175 1944 239 1990 piis
257 1940 423 1987 suffragiis
441 1940 524 1974 dicti
544 1937 739 1972 monasterii
768 1943 802 1971 et
833 1943 1026 1972 conventus
1055 1938 1097 1972 de
1129 1937 1262 1971 Passeto
1288 1936 1414 1970 futuris
1430 1936 1646 1982 temporibus

175 1997 374 2036 auxilietur,
393 2008 459 2029 nec
476 2007 549 2029 non
566 1999 606 2028 ut
624 1993 709 2028 dieti
727 1998 921 2027 conventus
939 1999 973 2027 et
990 1993 1040 2027 sui
1058 1991 1273 2033 successores,
1299 1991 1424 2037 absque
1441 1991 1646 2036 quibuscun-

175 2067 242 2100 que
259 2051 508 2090 molestatione‚
540 2049 792 2095 inquietatione
821 2054 855 2083 et
884 2048 1147 2095 perturbatione
1176 2046 1404 2082 successorum
1435 2047 1643 2088 nostrorum,

178 2110 272 2144 dicta
288 2107 430 2156 piscaria
457 2107 499 2140 de
518 2105 718 2152 Lenbreyn,
738 2117 817 2139 cum
835 2105 937 2139 terris
954 2104 1174 2150 sequentibus
1192 2110 1227 2138 et
1245 2103 1462 2151 pertinentiis
1481 2103 1643 2149 ejusdem,

176 2166 227 2199 uti
245 2163 459 2210 temporibus
476 2162 601 2196 suturis
630 2158 766 2208 poffint,
794 2160 911 2194 habito
929 2161 1023 2207 prius
1040 2161 1233 2207 peritorum
1252 2159 1403 2199 confilio,
1432 2159 1476 2193 ob
1501 2158 1644 2194 salutem

178 2222 291 2255 anime
308 2219 422 2253 nostre
440 2231 479 2253 ac
496 2218 690 2252 animarum
708 2214 960 2251 antecefforum
978 2222 1013 2251 et
1030 2215 1258 2251 successorum
1276 2215 1482 2255 nostrorum,
1516 2215 1643 2249 dictam

179 2276 353 2324 piscariam
372 2275 415 2309 de
434 2274 622 2320 Lenbreyn
640 2286 683 2307 ex
700 2278 847 2319 utraque
864 2278 963 2319 parte
981 2285 1059 2306 cum
1077 2272 1179 2306 terris
1196 2271 1415 2317 sequentibus
1434 2276 1467 2304 et
1484 2269 1550 2304 suis
1568 2283 1644 2316 per-

179 2331 344 2371 tinentiis,
365 2330 458 2371 Deo,
480 2330 610 2365 Sancto
628 2329 772 2369 Jacobo,
794 2329 924 2364 Sancto
944 2327 1089 2369 Mirino,
1111 2327 1206 2361 dicto
1225 2325 1430 2360 monasterio
1449 2326 1491 2359 de
1512 2324 1644 2359 Passeto
