1870 2683
219 286 288 318 318
624 277 938 313 REGISTRUM
969 277 1309 314 MONASTERH

219 381 291 415 leto
311 375 547 414 Cluniacenfis
566 375 708 415 ordinis,
742 372 965 421 Glasguenfis
983 373 1136 416 diocesis,
1167 375 1330 410 Romane
1349 375 1486 411 ecclefie
1504 377 1704 413 immediate

221 435 425 482 subjectum,
455 431 641 479 dependet,
674 436 713 465 ut
740 431 901 465 omnibus
919 435 954 464 et
971 429 1112 478 lingulis
1137 431 1339 479 privilegiis,
1373 432 1652 479 exemptionibus
1670 440 1705 469 et

224 488 502 525 immunitatibus
522 487 617 521 dieto
636 486 844 521 monasterio
864 486 1083 522 Cluniacenfi
1108 493 1179 522 tam
1197 501 1262 535 pro
1279 487 1312 523 se
1330 500 1434 534 quam
1452 488 1615 523 membris
1633 490 1706 537 ejus

223 544 396 586 comestis,
417 551 452 579 et
470 543 656 592 apostolica
673 543 883 578 auctoritate
903 544 1127 584 confirmatis,
1147 544 1211 586 uti,
1231 545 1336 592 potiri
1355 550 1390 579 et
1406 544 1560 591 gaudere
1575 544 1708 580 valere-

224 604 277 643 tis,
308 615 371 649 per
389 613 512 636 eorum
533 600 666 634 litteras
684 605 854 646 quantum
873 599 909 633 in
938 600 986 634 eis
1012 600 1078 634 fuit
1103 601 1261 646 quamvis
1279 601 1322 635 de
1340 601 1435 636 facto
1453 599 1706 643 concefferunt,

223 659 343 693 favore
362 656 521 705 prosequi
540 656 691 703 gratioso
706 670 715 699 3
744 668 783 690 ac
809 655 960 690 vestrum
979 656 1169 703 quemlibet
1187 669 1207 691 a
1224 656 1400 703 quibusvis
1430 657 1709 693 excommunica-

224 715 340 755 tionis,
373 712 597 760 suspenfionis
616 718 650 747 et
669 712 847 746 interdicti
865 712 1006 758 aliisque
1025 712 1255 748 eccleliasticis
1283 712 1474 754 sententiis,
1504 712 1656 748 censuris
1675 719 1709 749 et

227 772 324 819 penis
341 784 362 805 a
373 771 455 818 jure
469 771 525 805 vel
540 770 581 804 ab
596 770 737 804 homine
752 770 872 816 quavis
887 768 1064 804 occafione
1082 769 1139 804 vel
1157 769 1259 804 causa
1272 769 1360 810 latis,
1379 767 1402 803 fi
1420 769 1545 815 quibus
1559 769 1710 805 vestrum

227 828 373 875 quilibet
392 827 578 862 innodatus
609 826 874 873 quomodolibet
892 826 1013 867 existit,
1045 826 1089 860 ad
1120 825 1283 860 effectum
1309 825 1521 873 presentium
1541 825 1711 860 duntaxat

229 884 523 930 consequendum,
544 883 667 917 harum
687 882 771 917 serie
789 882 1007 917 absolventes
1025 887 1060 916 et
1078 881 1252 916 absolutos
1268 882 1344 916 fore
1363 881 1564 925 censentes3
1593 882 1711 917 vestris

230 942 266 976 in
284 941 348 975 hac
365 945 463 987 parte
482 938 788 986 supplicationibus
807 938 974 978 inclinati,
1002 938 1100 973 vobis
1118 944 1153 972 et
1171 937 1378 972 monasterio
1396 937 1508 972 vestro
1526 938 1622 984 quod
1639 951 1711 973 om-

232 997 333 1031 nibus
352 1002 386 1030 et
403 995 543 1042 lingulis
561 995 761 1042 privilegiis,
783 994 1062 1042 exemptionibus
1080 1000 1115 1029 et
1132 993 1410 1028 immunitatibus
1424 994 1560 1040 prefato
1578 994 1711 1028 monas-

232 1055 321 1089 terio
341 1052 561 1088 Cluniacenfi
580 1051 775 1099 hujusmodi
795 1058 865 1086 tam
884 1052 921 1086 in
938 1064 1068 1099 genere
1086 1064 1190 1098 quam
1209 1052 1246 1085 in
1263 1051 1373 1098 specie
1391 1064 1598 1098 quacunque
1617 1051 1712 1099 apos-

233 1110 347 1150 tolica,
368 1115 402 1144 et
421 1109 613 1144 dummodo
632 1109 715 1142 alias
734 1108 828 1142 licita
845 1114 880 1143 et
897 1107 1039 1142 honesta
1056 1121 1096 1142 ac
1113 1107 1215 1142 sacris
1233 1107 1424 1141 canonibus
1442 1113 1477 1142 et
1495 1108 1712 1154 regularibus

233 1166 395 1200 institutis
413 1165 544 1199 ordinis
562 1165 711 1212 predicti
731 1164 910 1210 vestroque
928 1164 1028 1199 statui
1047 1176 1118 1198 non
1137 1163 1313 1198 contraria
1323 1163 1479 1204 existant,
1496 1164 1599 1198 etiam
1618 1164 1713 1210 regia

233 1222 444 1256 auctoritate
463 1219 636 1261 conceffis,
667 1233 816 1267 quorum
836 1221 993 1255 omnium
1012 1227 1154 1255 tenores
1180 1220 1397 1267 presentibus
1414 1219 1531 1254 haberi
1550 1220 1714 1255 volumus

233 1291 297 1325 pro
316 1276 487 1324 exprefliS‚
520 1278 697 1324 perpetuis
714 1277 840 1311 futuris
857 1277 1074 1324 temporibus
1099 1277 1162 1316 uti,
1188 1276 1294 1323 potiri
1321 1281 1356 1310 et
1381 1277 1535 1323 gaudere
1552 1276 1661 1311 libere
1680 1283 1715 1311 et

235 1335 327 1369 licite
345 1333 487 1367 valeatis
504 1334 541 1366 in
561 1333 721 1367 omnibus
740 1338 774 1367 et
792 1345 854 1379 per
873 1333 1000 1374 onmia,
1020 1333 1166 1380 perinde
1193 1345 1232 1366 ac
1258 1330 1281 1366 fi
1299 1331 1397 1366 vobis
1415 1338 1450 1367 et
1468 1333 1564 1367 dicto
1582 1332 1715 1367 monas-

236 1391 324 1425 terio
356 1390 398 1424 de
430 1389 564 1424 Passeto
595 1388 787 1436 specialiter
807 1388 963 1424 concefl'a
980 1387 1144 1432 fuiffent3
1173 1388 1489 1423 Constitutionibus
1515 1394 1550 1423 et
1578 1389 1716 1424 ordina-

236 1447 390 1481 tionibus
408 1446 602 1493 apostolicis
620 1458 659 1479 ac
678 1445 915 1480 Cluniacenfis
934 1452 969 1480 et
987 1446 1030 1480 de
1049 1444 1183 1480 Passeto
1201 1445 1490 1480 monasteriorum
1518 1458 1558 1480 ac
1584 1446 1716 1481 ordinis

238 1503 491 1550 predictorum,
506 1502 721 1549 juramento,
742 1502 1009 1536 confirmatione
1027 1502 1213 1549 apostolica
1238 1501 1295 1536 vel
1321 1502 1441 1547 quavis
1466 1502 1631 1537 firmitate
1649 1502 1716 1536 alia

237 1559 420 1599 roboratis,
440 1558 572 1593 statutis
590 1564 625 1592 et
643 1558 961 1598 consuetudinibus,
995 1557 1184 1604 ceterisque
1203 1558 1386 1592 contrariis
1412 1570 1631 1604 nequaquam
1657 1558 1716 1592 ob-

238 1615 414 1655 stantibus,
443 1615 653 1649 auctoritate
672 1613 868 1661 apostolica,
889 1620 1012 1649 tenore
1031 1613 1242 1661 presentium
1263 1614 1305 1648 de
1325 1614 1419 1648 dono
1436 1614 1547 1660 gratie
1565 1613 1717 1661 specialis

239 1672 473 1718 indulgemus.
526 1670 627 1704 Nulli
646 1683 729 1716 ergo
749 1670 893 1704 omnino
912 1670 1092 1705 hominum
1113 1671 1215 1705 liceat
1233 1670 1322 1704 hanc
1336 1671 1497 1717 paginam
1510 1670 1624 1705 nostre
1635 1683 1716 1705 con-

241 1727 396 1762 cessionis
416 1727 607 1772 infringere
626 1725 680 1759 vel
701 1726 731 1759 ei
750 1726 832 1759 ausu
851 1727 1038 1761 temerario
1065 1727 1249 1761 contraire.
1302 1726 1338 1761 Si
1356 1732 1473 1761 autem
1490 1728 1566 1773 quis
1584 1727 1651 1762 hoc
1668 1733 1717 1762 at-

239 1790 410 1831 temptare
428 1782 684 1830 prefiunpserit,
704 1782 983 1827 indignationem
1002 1783 1253 1830 omnipotentis
1271 1781 1342 1817 Dei
1360 1795 1399 1817 ac
1418 1783 1600 1817 beatorum
1622 1783 1715 1817 Petri

239 1849 273 1876 et
306 1840 404 1875 Pauli
434 1839 667 1886 apostolorum
697 1839 770 1886 ejus
800 1839 832 1872 se
864 1840 1001 1873 noverit
1033 1838 1263 1873 incurliirum.
1315 1838 1450 1873 Datum
1479 1839 1595 1874 Rome
1625 1840 1717 1887 apud

240 1898 407 1932 ,51111ῥῖ11111
430 1895 572 1929 Petrum
592 1908 684 1929 anno
704 1895 952 1929 incarnationis
971 1895 1144 1929 dominice
1172 1893 1350 1928 millesimo
1379 1894 1717 1942 quadringentesnno

241 1950 475 1999 octuagefimo
494 1951 609 1991 tertia,
641 1951 775 1985 decimo
806 1951 932 1985 octavo
966 1951 1143 1985 Kalendas
1172 1950 1352 1985 Februarii
1371 1951 1594 1998 pontificatus
1612 1951 1716 1986 nostri

240 2022 332 2044 anno
351 2008 604 2054 tertiodecimo.
1379 2007 1413 2042 J.
1436 2007 1476 2041 L.
1497 2007 1539 2043 de
1559 2007 1667 2042 Suno.

242 2176 528 2225 Transs'umptum
549 2177 765 2211 taxationum
785 2175 1002 2211 eccleliamm
1021 2173 1088 2209 five
1107 2175 1313 2210 vicariaruin
1334 2175 1467 2211 Passeti.

246 2289 524 2324 UNIVERSIS
543 2296 576 2324 et
594 2288 735 2336 singulis
752 2295 823 2323 tam
837 2287 1052 2336 presentibus
1064 2299 1167 2333 quam
1182 2287 1308 2322 futuris
1323 2286 1461 2334 presens
1472 2286 1715 2333 transcriptum

244 2345 419 2392 publicum
441 2345 644 2392 inspeffturis
664 2346 795 2393 Symon
815 2346 858 2380 de
878 2342 1042 2391 Dalgleff
1051 2349 1237 2391 precentor
1263 2350 1298 2378 et
1323 2343 1478 2379 officialis
1497 2342 1718 2389 Glasguenlis
