1870 2683
223 289 294 322 330
626 281 943 317 REGISTRUM
971 282 1311 319 MONASTERII

322 381 428 415 tolica
438 378 648 413 auetoritate
659 378 828 418 notarius,
848 376 1007 424 premiffe
1026 380 1125 426 copie
1142 380 1305 427 petitioni
1327 380 1468 428 presens
1485 382 1639 426 interfui,
1659 386 1708 432 ip-

326 437 395 470 sam
414 435 485 482 peti
503 434 631 475 audivi,
652 439 687 468 et
705 434 784 468 ideo
801 433 942 480 presens
960 434 1228 470 instrumentum
1246 449 1353 471 manu
1381 450 1459 473 mea
1483 438 1594 486 scripfi
1612 446 1647 475 et
1673 442 1708 475 in

322 492 412 525 hanc
430 490 604 537 publicam
621 490 768 524 formam
789 490 921 537 redegi,
941 496 976 525 et
992 489 1087 537 figno
1105 505 1186 526 meo
1203 492 1303 528 solito
1323 498 1358 528 et
1383 494 1549 529 consueto
1567 494 1707 542 signavi,

324 551 468 592 rogatus
485 546 522 580 in
541 546 646 581 fidem
666 550 701 580 et
718 545 953 581 testimonium
972 546 1227 594 premifforum.

230 714 506 749 Instrumentum
526 713 618 748 inter
637 712 848 761 Episcopum
869 714 1120 762 Glalguensem
1151 721 1187 751 et
1215 716 1394 752 Abbatem
1422 717 1465 752 de
1495 717 1640 760 Passeto,
1669 720 1710 755 de

228 769 431 805 vifitatione.

231 882 289 917 IN
316 881 409 916 DEI
436 881 652 917 NOMINE
691 881 822 917 Amen.
875 881 944 917 Per
971 883 1038 918 hoc
1066 883 1207 931 presens
1233 884 1413 931 publicum
1443 885 1710 921 instrumentum

231 939 366 974 cunfitis
384 944 550 986 appareat
567 939 749 973 evidenter
767 939 862 985 quod
891 953 984 974 anno
1010 940 1122 986 gratie
1141 944 1185 974 M⁰
1203 946 1286 974 ccc⁰
1303 941 1401 975 lxxx⁰
1418 942 1488 982 iiii⁰‚
1515 942 1710 978 indiAEtione

230 994 384 1042 septima,
398 993 520 1029 menslS
533 994 556 1030 J
559 995 630 1029 unii
646 995 701 1030 die
715 994 879 1036 secundo,
894 996 1119 1043 pontificatus
1136 995 1333 1031 sanetissimi
1349 998 1385 1031 in
1397 997 1533 1032 Christo
1550 999 1658 1045 patris
1676 1006 1710 1034 et

232 1051 365 1085 domini
382 1050 489 1085 nostri
508 1051 641 1084 domini
660 1050 853 1086 Clementis
871 1065 958 1099 pape
976 1052 1110 1099 septimi
1127 1064 1221 1086 anno
1238 1053 1345 1093 sexto,
1362 1066 1479 1088 coram
1498 1054 1711 1089 excellentis-

230 1105 313 1141 fimo
331 1107 488 1154 principe
507 1107 650 1141 domino
671 1106 831 1142 Roberto
846 1120 929 1154 rege
942 1107 1143 1142 Scottorum
1161 1108 1294 1149 illustri,
1316 1108 1456 1155 ejusque
1474 1110 1710 1156 primogenito

231 1163 255 1197 J
257 1163 395 1197 ohanne
414 1163 541 1196 comite
560 1163 603 1196 de
623 1161 754 1197 Carrec
772 1168 806 1197 et
826 1163 986 1198 Roberto
1005 1164 1131 1198 comite
1150 1164 1193 1198 de
1211 1164 1241 1198 F
1241 1164 1281 1210 yf
1295 1164 1472 1205 militibus,
1496 1167 1711 1201 reverendus

232 1221 269 1254 in
288 1219 425 1254 Christo
443 1225 542 1266 pater
564 1219 738 1254 Walterus
758 1220 828 1254 Dei
845 1221 958 1267 gratia
975 1220 1153 1268 episcopus
1171 1221 1393 1267 Glasguenfis
1411 1235 1455 1256 ex
1472 1227 1570 1269 parte
1588 1236 1660 1258 una
1677 1230 1711 1259 et

232 1275 439 1310 venerabilis
457 1281 556 1322 pater
574 1276 737 1310 dominus
754 1275 777 1311 J
780 1276 935 1311 ohannes
949 1277 991 1312 de
1005 1277 1148 1323 Lithqw
1161 1277 1264 1311 abbas
1282 1277 1479 1313 monasterii
1502 1279 1545 1313 de
1565 1279 1709 1322 Passeto,

233 1331 365 1365 ordinis
384 1330 631 1372 Cluniacenfis,
652 1331 873 1378 Glasguenfis
892 1333 1043 1374 diocesis,
1064 1346 1108 1367 ex
1125 1333 1245 1374 altera,
1277 1333 1506 1381 personaliter
1524 1335 1710 1377 constituti,

232 1388 325 1422 idem
344 1387 506 1422 dominus
526 1386 717 1435 Episcopus
729 1387 869 1423 asseruit
882 1388 915 1424 Ie
929 1390 972 1424 de
984 1390 1066 1437 jure
1085 1391 1263 1425 communi
1275 1389 1557 1437 jurisdictionem
1576 1393 1712 1427 ordina-

233 1444 320 1478 riam
338 1443 465 1478 habere
484 1444 521 1478 in
539 1443 715 1479 Abbatem
735 1450 769 1479 et
787 1451 1002 1480 conventum
1021 1447 1108 1481 dieti
1126 1446 1322 1481 monasterii
1337 1447 1379 1481 de
1396 1447 1541 1487 Passeto‚
1561 1454 1596 1483 et
1611 1452 1711 1495 [per]

234 1500 446 1547 consequens
460 1500 652 1546 quemlibet
666 1502 834 1536 canonice
850 1502 1002 1536 ele&um
1021 1502 1174 1549 ejusdem
1189 1503 1231 1537 ab
1245 1503 1316 1551 ipso
1336 1509 1370 1538 et
1387 1503 1632 1539 succefforibus
1645 1505 1712 1540 suis

234 1558 293 1603 qui
310 1570 375 1604 pro
393 1562 551 1604 tempore
568 1557 700 1592 fuerint
718 1558 846 1593 debere
865 1559 1064 1593 confirmari
1080 1565 1114 1593 et
1127 1559 1286 1594 benedici
1304 1565 1338 1594 et
1356 1573 1428 1594 non
1447 1560 1538 1600 alibi,
1559 1560 1710 1607 ipsorum

234 1613 375 1647 licentia
391 1613 492 1659 super
510 1613 577 1648 hoc
594 1626 668 1647 non
685 1614 794 1661 petita
813 1620 847 1648 et
866 1614 1019 1655 obtenta,
1047 1615 1084 1648 in
1111 1615 1209 1662 cujus
1230 1615 1483 1662 jurisdictionis
1509 1614 1711 1662 pofl'essione

233 1669 283 1704 sui
301 1667 556 1716 predecessores
573 1670 712 1704 notorie
730 1670 874 1704 fuerunt
899 1676 939 1705 ut
966 1671 1101 1705 dicebat
1117 1684 1126 1705 ε
1156 1671 1315 1705 Prefatus
1333 1684 1417 1706 vero
1438 1671 1557 1706 Abbas
1576 1678 1712 1707 contra-

234 1726 326 1760 rium
355 1724 514 1766 afl'erens,
544 1725 633 1760 dixit
659 1725 704 1767 se,
737 1732 951 1761 conventum
979 1726 1079 1760 suum
1110 1732 1145 1761 et
1174 1727 1421 1762 monasterium
1451 1729 1650 1775 predictum
1669 1729 1711 1763 ab

234 1782 329 1816 omni
342 1781 586 1828 jurisdictione
604 1782 781 1817 ordinaria
797 1781 894 1817 fuisse
925 1788 959 1817 et
985 1781 1051 1817 effe
1083 1788 1283 1830 exemptum
1313 1797 1376 1831 per
1407 1790 1502 1818 certa
1530 1785 1713 1832 privilegia

235 1838 331 1872 dicto
349 1837 556 1872 monasterio
575 1843 610 1872 et
628 1838 743 1872 ordini
762 1838 981 1873 Cluniacenfi
998 1837 1190 1886 specialiter
1207 1839 1364 1875 eoncefl'a
1390 1847 1425 1875 et
1451 1841 1597 1882 indulta,
1618 1854 1657 1876 ac
1675 1842 1711 1876 in

234 1893 335 1941 ipfius
352 1894 521 1928 libertatis
538 1892 740 1941 poffeffione
758 1894 892 1942 semper
910 1895 1053 1929 existere
1071 1908 1092 1929 a
1108 1901 1266 1943 tempore
1281 1896 1463 1931 hominum
1477 1910 1628 1943 quorum
1642 1911 1711 1932 me-

235 1951 348 1985 moria
372 1963 444 1984 non
472 1950 593 1991 existit,
621 1950 691 1985 fine
719 1951 976 1998 interruptione
1007 1951 1254 1998 cujuscunque.
1306 1952 1354 1987 Et
1383 1952 1485 2000 super
1514 1953 1711 2000 hujusmodi

235 2006 411 2053 questione
429 2005 496 2041 five
515 2006 750 2042 controversia
767 2008 859 2042 inter
876 2007 965 2054 ipsos
984 2007 1194 2055 Episcopum
1213 2014 1248 2043 et
1267 2008 1443 2044 Abbatem
1461 2008 1504 2044 fic
1524 2010 1583 2044 diu
1601 2011 1712 2044 venti-

235 2063 315 2103 lata,
343 2075 408 2110 pro
426 2062 519 2097 bono
538 2062 717 2109 utriusque
736 2063 854 2111 partis,
881 2062 957 2110 ipfis
977 2063 1077 2110 Rege
1106 2070 1141 2099 et
1169 2064 1366 2099 Comithus
1384 2065 1420 2099 in
1438 2066 1502 2100 hac
1519 2072 1618 2113 parte
1637 2066 1711 2100 dili-

236 2125 361 2165 genter
378 2118 621 2159 tractantibus,
637 2132 677 2154 ac
690 2118 904 2154 considerato
919 2120 1013 2166 quod
1028 2120 1142 2154 dietus
1158 2120 1321 2155 dominus
1340 2121 1530 2169 Episcopus
1545 2123 1580 2156 in
1593 2122 1710 2156 arduis

237 2174 347 2220 Regis
365 2180 400 2209 et
418 2175 517 2221 regni
535 2175 684 2221 negotiis
702 2175 746 2210 ad
763 2181 878 2222 partes
896 2182 1048 2210 remotas
1065 2182 1151 2211 tunc
1169 2182 1243 2211 erat
1268 2177 1305 2211 in
1323 2177 1499 2223 legatione
1518 2178 1708 2217 ordinatus,

238 2230 280 2264 de
298 2229 451 2276 ipsorum
471 2230 632 2278 Episcopi
650 2237 685 2266 et
704 2231 851 2266 Abbatis
869 2230 1046 2273 consensu,
1062 2233 1098 2266 in
1115 2233 1229 2268 forma
1245 2246 1313 2280 que
1330 2232 1484 2280 sequitur
1498 2234 1612 2269 extitit
1629 2246 1710 2268 con-

239 2285 432 2326 cordatum,
459 2287 622 2322 videlicet
640 2288 733 2334 quod
753 2288 847 2322 dieta
864 2287 994 2334 questio
1022 2287 1088 2324 five
1119 2288 1219 2324 causa
1245 2290 1281 2323 in
1311 2289 1398 2324 statu
1428 2303 1497 2336 quo
1525 2296 1609 2324 tunc
1635 2294 1709 2323 erat

239 2342 374 2388 integre
393 2349 589 2379 remaneret
606 2343 712 2390 usque
730 2344 774 2378 ad
791 2344 968 2379 redditum
987 2345 1029 2380 de
1047 2346 1190 2380 remotis
1218 2345 1350 2380 domini
1369 2345 1528 2393 Episcopi
1546 2344 1704 2392 prediffi,
