1870 2683
175 284 246 315 380
577 274 892 312 REGISTRUM
921 274 1258 310 MONASTERII

177 376 383 410 solutionem
403 373 497 407 mille
516 372 683 406 librarum
714 371 957 416 sterlingorum
985 370 1151 417 predffilbis
1181 369 1312 404 Abbati
1343 376 1378 404 et
1408 373 1595 405 conventui
1623 377 1657 405 et

179 443 299 465 eorum
318 427 562 463 succefl'oribus
579 428 823 461 solvendarum
843 438 907 472 pro
926 426 1083 473 dampnis
1107 425 1174 460 suis
1193 432 1227 460 et
1245 425 1420 460 laboribus
1440 426 1482 459 de
1500 427 1604 473 plano
1623 434 1658 461 et

178 486 245 520 fine
265 485 405 531 strepitu
431 483 600 530 judiciali,
620 482 643 516 fi
662 483 778 528 aliquo
797 489 956 528 tempore
974 495 1036 529 per
1062 495 1126 516 nos
1143 482 1199 516 vel
1218 482 1367 527 aliquem
1386 482 1539 516 nostrum
1558 483 1659 529 super

177 543 266 576 hauc
284 540 510 574 donationem
541 545 575 573 et
603 539 897 585 permutationem
917 538 1083 585 prediffis
1104 537 1232 571 Abbati
1261 543 1294 571 et
1322 538 1510 572 conventui
1529 537 1658 583 questio

179 601 372 631 moveatur.
427 595 473 629 Et
492 608 557 640 ego
576 600 610 628 et
629 594 774 628 heredes
793 594 861 627 mei
880 599 914 627 et
932 591 1137 627 successores
1154 593 1244 627 hanc
1262 593 1486 627 donationem
1518 599 1554 627 et
1584 607 1660 640 per-

178 652 408 686 nmtationem
426 651 592 697 prediffis
613 650 743 683 Abbati
763 655 798 684 et
816 650 1005 683 conventui
1018 655 1140 683 contra
1154 661 1275 682 omnes
1294 649 1453 683 homines
1467 655 1501 683 et
1516 649 1659 683 feminas

178 707 491 747 warantizabimus,
511 706 789 752 adquietabimus
808 712 841 740 et
860 707 1118 753 imperpetuum
1138 707 1374 741 defendemus.
1428 706 1473 740 Et
1492 707 1534 740 ad
1554 708 1661 752 majo-

179 778 253 799 rem
271 763 501 802 seeuritatem,
522 762 683 809 subposui
703 767 737 796 et
755 761 910 808 subpono
929 775 996 802 me,
1027 762 1173 796 heredes
1197 775 1292 796 meos
1310 768 1345 796 et
1363 761 1567 797 successores
1585 776 1661 809 per-

178 826 283 867 petue
296 818 532 866 jurisdi&ioni
552 824 586 851 et
605 818 804 851 cohercioni
824 817 955 851 domini
976 817 1136 865 Episcopi
1156 817 1377 863 Glaliguensis
1401 819 1459 864 qui
1485 831 1549 865 pro
1575 825 1661 853 tem-

179 891 264 924 pore
282 877 398 916 fuerit,
419 882 453 910 et
468 875 610 922 capituli
628 875 649 908 fi
669 874 764 909 sedes
778 874 964 914 vacaverit,
985 880 1024 908 ut
1037 874 1125 908 alter
1141 873 1291 920 ipsorum
1307 872 1406 920 possit
1421 887 1483 908 nos
1496 880 1530 908 et
1544 887 1661 920 quem-

180 934 264 967 libet
282 932 436 967 nostrum
455 938 524 965 tam
545 931 587 964 ad
606 931 813 965 solutionem
832 931 978 977 pecunie
997 930 1183 977 prescripte
1201 931 1391 964 faciendam
1419 943 1522 976 quam
1541 931 1584 964 ad
1604 931 1662 964 ob-

180 989 409 1023 servationem
418 987 519 1033 hujus
528 986 642 1033 scripti
659 987 691 1020 in
708 987 863 1032 quolibet
877 986 1024 1020 articulo
1039 999 1100 1032 per
1113 986 1348 1019 omnimodam
1362 985 1539 1020 censuram
1554 986 1661 1020 eccle·

180 1044 341 1078 liasticam
360 1043 580 1089 compellere,
595 1056 638 1076 ex
652 1043 724 1076 sola
736 1042 950 1088 inspeetione
962 1042 1065 1088 hujus
1077 1041 1305 1081 instrumenti,
1321 1040 1391 1075 line
1406 1042 1548 1076 alterius
1563 1042 1660 1076 cause

181 1100 393 1146 cognitione,
414 1099 513 1133 nullo
532 1099 717 1145 impetrato
734 1098 788 1132 vel
804 1098 1033 1144 proponendo
1049 1096 1202 1131 obstante
1221 1097 1276 1131 vel
1291 1097 1453 1131 valituro.
1506 1097 1549 1131 In
1564 1098 1661 1144 cujus

181 1157 231 1191 rei
250 1155 482 1190 testimonium
502 1153 642 1201 presens
660 1153 823 1200 seriptum
842 1152 951 1199 sigillo
978 1166 1056 1187 meo
1084 1165 1232 1186 unacum
1252 1151 1362 1198 figillo
1380 1153 1587 1187 venerabilis
1605 1167 1661 1200 pa-

181 1213 243 1246 tris
262 1211 394 1245 domini
414 1210 562 1244 Roberti
584 1210 653 1243 Dei
684 1210 797 1255 gratia
829 1207 1050 1255 Glasguenfis
1080 1207 1229 1255 episcopi
1261 1209 1326 1242 feci
1358 1208 1527 1242 roborari.
1581 1208 1661 1242 Hiis

183 1267 331 1307 testibus,
364 1266 508 1300 domino
539 1265 702 1300 Johanue
731 1271 764 1299 et
794 1265 1011 1305 Alexandm,
1032 1265 1194 1298 fratribus
1213 1265 1308 1304 meis,
1329 1264 1478 1298 dominis
1498 1264 1661 1299 W'ilelmo

183 1330 217 1357 et
237 1322 353 1356 Bricio
372 1321 559 1368 capellanis
578 1321 620 1355 de
642 1320 786 1360 Passeto,
815 1320 978 1355 Johanne
1006 1320 1101 1354 dicito
1131 1320 1213 1354 Prid
1242 1318 1400 1366 burgensi
1429 1320 1472 1354 de
1501 1320 1660 1360 Renfrw,

185 1379 303 1414 ,Alano
323 1378 364 1412 de
385 1377 527 1417 Fulton,
550 1376 714 1411 Wilelmo
734 1377 776 1410 de
799 1376 912 1416 Knoe,
932 1382 966 1410 et
984 1375 1070 1410 aliis.

184 1549 291 1583 Carta
308 1547 423 1581 nostra
441 1547 483 1581 de
505 1546 739 1581 Stewardton.

185 1658 424 1695 OMNIBUS
443 1657 560 1692 sancite
579 1657 698 1691 matris
717 1655 856 1690 ecclesie
873 1657 951 1690 filiis
971 1663 1039 1691 tam
1059 1658 1273 1704 presentibus
1284 1671 1385 1703 quam
1398 1658 1523 1692 futuris
1543 1658 1661 1693 Gode-

183 1716 293 1750 fridus
311 1715 354 1749 de
375 1715 449 1748 Ros
468 1714 566 1748 miles
583 1713 676 1747 filius
695 1718 729 1747 et
747 1713 847 1747 heres
866 1713 997 1746 domini
1013 1713 1199 1748 Godefridi
1218 1714 1260 1747 de
1281 1713 1355 1747 Ros
1369 1712 1512 1748 salutem
1532 1715 1567 1748 iu
1587 1714 1661 1748 Do-

183 1773 279 1805 mino
298 1770 553 1817 sempiternam.
606 1769 756 1802 Noverit
774 1767 977 1802 universitas
1003 1769 1113 1803 vestra
1143 1782 1197 1803 me
1224 1768 1416 1804 eoncessifl'e
1447 1775 1482 1804 et
1511 1770 1661 1816 presenti

184 1833 278 1861 carta
295 1839 373 1860 mea
390 1823 606 1859 confirmaffe
626 1824 706 1858 Deo
737 1830 772 1858 et
799 1824 929 1858 &aufto
948 1825 1080 1860 Jacobo
1108 1832 1142 1859 et
1161 1826 1290 1859 83ῃὸὶο
1312 1825 1446 1859 Mirino
1466 1826 1507 1860 de
1527 1826 1660 1861 Passeto

184 1890 219 1917 et
237 1882 415 1916 monachis
429 1882 557 1915 ibidem
572 1880 652 1914 Deo
666 1879 892 1914 servientibus
906 1886 941 1914 et
955 1881 1210 1928 imperpetuum
1224 1881 1410 1921 servituris,
1424 1881 1516 1915 illam
1530 1888 1659 1916 terram

182 1940 218 1972 in
237 1938 320 1972 villa
338 1938 380 1972 de
400 1937 623 1972 Stewardton
642 1949 744 1982 quam
764 1948 805 1969 ex
825 1936 1010 1971 collatione
1028 1938 1119 1971 bone
1138 1938 1306 1971 memorie
1325 1938 1456 1971 domini
1475 1938 1597 1973 Jacobi
1616 1939 1658 1973 de

185 1995 259 2029 Ros
277 2000 400 2029 tenent
418 1999 452 2027 et
470 1991 640 2040 possident
656 2006 666 2034 3
696 1991 902 2025 Tenendam
923 1999 957 2026 et
976 1993 1169 2027 habendam
1201 1994 1248 2027 eis
1279 1993 1322 2027 de
1348 2006 1403 2027 me
1422 2000 1456 2027 et
1475 1994 1659 2028 heredibus

183 2051 268 2085 meis
286 2051 322 2084 in
340 2050 494 2089 liberam,
515 2061 638 2095 puram
657 2054 691 2082 et
709 2054 913 2094 perpetuam
928 2048 1146 2083 elemosinam
1161 2049 1429 2095 imperpetuum,
1449 2062 1511 2095 per
1523 2049 1656 2084 easdem

184 2106 304 2141 divisas
322 2119 384 2153 per
402 2119 487 2152 quas
505 2106 697 2152 predifi'fflm
716 2111 844 2139 terram
863 2104 1038 2150 hucusque
1064 2110 1254 2139 tenuerunt
1273 2111 1307 2139 et
1324 2103 1549 2151 possiderunt,
1578 2118 1657 2140 cum

185 2163 344 2196 omnibus
363 2162 581 2208 pertinentiis
599 2160 676 2201 suis,
710 2167 744 2195 et
774 2173 853 2194 cum
872 2160 981 2194 libero
1000 2161 1147 2194 introitu
1165 2166 1200 2194 et
1218 2160 1312 2194 exitu
1331 2159 1389 2194 fibi
1408 2166 1442 2194 et
1460 2160 1657 2195 hominibus

182 2219 250 2252 suis
269 2217 577 2261 [inhabitantibus]
597 2216 789 2263 predie'mln
809 2222 937 2250 terram
955 2214 1093 2262 lingulis
1111 2217 1210 2250 annis
1228 2217 1264 2250 in
1281 2216 1414 2263 petaria
1428 2216 1485 2249 ubi
1500 2216 1656 2251 homines

185 2274 228 2307 de
246 2272 390 2306 Neutou
409 2278 505 2318 petas
522 2272 596 2306 suas
614 2272 762 2305 fodiunt.
815 2271 862 2305 Et
879 2278 918 2305 ut
933 2272 995 2306 hec
1014 2285 1090 2306 mea
1108 2271 1276 2306 concessio
1295 2279 1328 2305 et
1346 2271 1564 2305 confirmatio
1580 2284 1656 2318 per-

184 2334 288 2377 petue
307 2327 478 2362 firmitatis
496 2327 603 2361 robur
621 2327 788 2373 optineat,
807 2327 1001 2374 presentem
1020 2333 1149 2362 cartam
1169 2340 1281 2362 meam
1298 2326 1407 2373 figillo
1426 2339 1504 2361 meo
1519 2327 1583 2361 feci
1602 2339 1655 2360 ro,-
