<?xml version="1.0" encoding="UTF-8"?>
<!DOCTYPE html PUBLIC "-//W3C//DTD XHTML 1.0 Transitional//EN"
    "http://www.w3.org/TR/xhtml1/DTD/xhtml1-transitional.dtd">
<html xmlns="http://www.w3.org/1999/xhtml" xml:lang="en" lang="en">
 <head>
  <title>
</title>
<meta http-equiv="Content-Type" content="text/html;charset=utf-8" />
  <meta name='ocr-system' content='tesseract 3.04.00' />
  <meta name='ocr-capabilities' content='ocr_page ocr_carea ocr_par ocr_line ocrx_word'/>
</head>
<body>
  <div class='ocr_page' id='page_1' title='image "./registrummonaste00mait_0485.png"; bbox 0 0 1870 2683; ppageno 0'>
   <div class='ocr_carea' id='block_1_1' title="bbox 789 246 1694 284">
    <p class='ocr_par' dir='ltr' id='par_1_1' title="bbox 789 246 1694 284">
     <span class='ocr_line' id='line_1_1' title="bbox 789 246 1694 284; baseline 0.003 -3"><span class='ocrx_word' id='word_1_1' title='bbox 789 246 859 281; x_wconf 89' lang='lat' dir='ltr'>DE</span> <span class='ocrx_word' id='word_1_2' title='bbox 887 246 1157 282; x_wconf 90' lang='lat' dir='ltr'>PASSELET.</span> <span class='ocrx_word' id='word_1_3' title='bbox 1620 253 1694 284; x_wconf 67' lang='lat'>425</span> 
     </span>
    </p>
   </div>
   <div class='ocr_carea' id='block_1_2' title="bbox 194 340 1691 1507">
    <p class='ocr_par' dir='ltr' id='par_1_2' title="bbox 194 340 1691 1507">
     <span class='ocr_line' id='line_1_2' title="bbox 213 340 1691 390; baseline 0.003 -16"><span class='ocrx_word' id='word_1_4' title='bbox 213 340 288 375; x_wconf 84' lang='lat' dir='ltr'>aliis</span> <span class='ocrx_word' id='word_1_5' title='bbox 305 340 523 387; x_wconf 81' lang='lat' dir='ltr'>regularibus</span> <span class='ocrx_word' id='word_1_6' title='bbox 541 340 765 376; x_wconf 80' lang='lat' dir='ltr'>observantiis</span> <span class='ocrx_word' id='word_1_7' title='bbox 784 342 904 377; x_wconf 90' lang='lat' dir='ltr'>domui</span> <span class='ocrx_word' id='word_1_8' title='bbox 923 343 965 377; x_wconf 90' lang='lat' dir='ltr'>de</span> <span class='ocrx_word' id='word_1_9' title='bbox 983 342 1128 378; x_wconf 76' lang='lat' dir='ltr'>Pafl&#39;elet</span> <span class='ocrx_word' id='word_1_10' title='bbox 1145 344 1284 390; x_wconf 84' lang='lat' dir='ltr'>penitus</span> <span class='ocrx_word' id='word_1_11' title='bbox 1302 344 1578 384; x_wconf 84' lang='lat' dir='ltr'>conformentur,</span> <span class='ocrx_word' id='word_1_12' title='bbox 1599 349 1634 379; x_wconf 90' lang='lat' dir='ltr'>et</span> <span class='ocrx_word' id='word_1_13' title='bbox 1651 351 1691 380; x_wconf 90' lang='lat' dir='ltr'>ut</span> 
     </span>
     <span class='ocr_line' id='line_1_3' title="bbox 214 395 1689 447; baseline 0.003 -17"><span class='ocrx_word' id='word_1_14' title='bbox 214 396 333 431; x_wconf 89' lang='lat' dir='ltr'>Abbas</span> <span class='ocrx_word' id='word_1_15' title='bbox 352 397 394 431; x_wconf 91' lang='lat' dir='ltr'>de</span> <span class='ocrx_word' id='word_1_16' title='bbox 415 395 560 431; x_wconf 82' lang='lat' dir='ltr'>Paffelet</span> <span class='ocrx_word' id='word_1_17' title='bbox 578 398 636 443; x_wconf 90' lang='lat' dir='ltr'>qui</span> <span class='ocrx_word' id='word_1_18' title='bbox 662 410 726 444; x_wconf 90' lang='lat' dir='ltr'>pro</span> <span class='ocrx_word' id='word_1_19' title='bbox 745 404 902 445; x_wconf 89' lang='lat' dir='ltr'>tempore</span> <span class='ocrx_word' id='word_1_20' title='bbox 933 399 1039 433; x_wconf 87' lang='lat' dir='ltr'>fuerit</span> <span class='ocrx_word' id='word_1_21' title='bbox 1070 399 1199 433; x_wconf 57' lang='lat' dir='ltr'>dietam</span> <span class='ocrx_word' id='word_1_22' title='bbox 1219 399 1361 433; x_wconf 88' lang='lat' dir='ltr'>domum</span> <span class='ocrx_word' id='word_1_23' title='bbox 1391 400 1433 434; x_wconf 93' lang='lat' dir='ltr'>de</span> <span class='ocrx_word' id='word_1_24' title='bbox 1465 399 1689 447; x_wconf 85' lang='lat' dir='ltr'>Corsragmol</span> 
     </span>
     <span class='ocr_line' id='line_1_4' title="bbox 211 451 1689 502; baseline 0.003 -16"><span class='ocrx_word' id='word_1_25' title='bbox 211 451 323 487; x_wconf 87' lang='lat' dir='ltr'>vifitet</span> <span class='ocrx_word' id='word_1_26' title='bbox 339 453 442 487; x_wconf 90' lang='lat' dir='ltr'>semel</span> <span class='ocrx_word' id='word_1_27' title='bbox 459 466 522 500; x_wconf 88' lang='lat' dir='ltr'>per</span> <span class='ocrx_word' id='word_1_28' title='bbox 540 465 671 487; x_wconf 91' lang='lat' dir='ltr'>annum</span> <span class='ocrx_word' id='word_1_29' title='bbox 703 466 782 488; x_wconf 90' lang='lat' dir='ltr'>cum</span> <span class='ocrx_word' id='word_1_30' title='bbox 811 454 992 488; x_wconf 89' lang='lat' dir='ltr'>moderata</span> <span class='ocrx_word' id='word_1_31' title='bbox 1008 455 1138 489; x_wconf 89' lang='lat' dir='ltr'>familia</span> <span class='ocrx_word' id='word_1_32' title='bbox 1168 461 1202 489; x_wconf 91' lang='lat' dir='ltr'>et</span> <span class='ocrx_word' id='word_1_33' title='bbox 1232 454 1301 489; x_wconf 89' lang='lat' dir='ltr'>fine</span> <span class='ocrx_word' id='word_1_34' title='bbox 1321 455 1549 502; x_wconf 84' lang='lat' dir='ltr'>expensarum</span> <span class='ocrx_word' id='word_1_35' title='bbox 1567 469 1689 502; x_wconf 84' lang='lat' dir='ltr'>grava-</span> 
     </span>
     <span class='ocr_line' id='line_1_5' title="bbox 210 508 1686 558; baseline 0.003 -16"><span class='ocrx_word' id='word_1_36' title='bbox 210 509 303 542; x_wconf 87' lang='lat' dir='ltr'>mine</span> <span class='ocrx_word' id='word_1_37' title='bbox 319 522 329 550; x_wconf 90' lang='lat'>;</span> <span class='ocrx_word' id='word_1_38' title='bbox 358 509 393 542; x_wconf 91' lang='lat' dir='ltr'>in</span> <span class='ocrx_word' id='word_1_39' title='bbox 411 521 480 554; x_wconf 84' lang='lat' dir='ltr'>qua</span> <span class='ocrx_word' id='word_1_40' title='bbox 496 508 688 543; x_wconf 76' lang='lat' dir='ltr'>visitatione</span> <span class='ocrx_word' id='word_1_41' title='bbox 715 508 738 542; x_wconf 89' lang='lat' dir='ltr'>sl</span> <span class='ocrx_word' id='word_1_42' title='bbox 764 509 848 555; x_wconf 91' lang='lat' dir='ltr'>quid</span> <span class='ocrx_word' id='word_1_43' title='bbox 865 510 1014 544; x_wconf 89' lang='lat' dir='ltr'>arduum</span> <span class='ocrx_word' id='word_1_44' title='bbox 1032 511 1089 546; x_wconf 87' lang='lat' dir='ltr'>vel</span> <span class='ocrx_word' id='word_1_45' title='bbox 1107 524 1214 558; x_wconf 86' lang='lat' dir='ltr'>grave</span> <span class='ocrx_word' id='word_1_46' title='bbox 1232 512 1407 546; x_wconf 88' lang='lat' dir='ltr'>invenerit</span> <span class='ocrx_word' id='word_1_47' title='bbox 1425 512 1686 558; x_wconf 83' lang='lat' dir='ltr'>corrigendum,</span> 
     </span>
     <span class='ocr_line' id='line_1_6' title="bbox 209 564 1688 613; baseline 0.003 -16"><span class='ocrx_word' id='word_1_48' title='bbox 209 569 249 598; x_wconf 91' lang='lat' dir='ltr'>ut</span> <span class='ocrx_word' id='word_1_49' title='bbox 266 564 437 598; x_wconf 86' lang='lat' dir='ltr'>maturius</span> <span class='ocrx_word' id='word_1_50' title='bbox 455 569 490 598; x_wconf 89' lang='lat' dir='ltr'>et</span> <span class='ocrx_word' id='word_1_51' title='bbox 508 564 698 598; x_wconf 81' lang='lat' dir='ltr'>consultius</span> <span class='ocrx_word' id='word_1_52' title='bbox 716 565 845 599; x_wconf 65' lang='lat' dir='ltr'>cuncta</span> <span class='ocrx_word' id='word_1_53' title='bbox 861 566 1064 611; x_wconf 84' lang='lat' dir='ltr'>procedant,</span> <span class='ocrx_word' id='word_1_54' title='bbox 1092 579 1155 613; x_wconf 90' lang='lat' dir='ltr'>per</span> <span class='ocrx_word' id='word_1_55' title='bbox 1173 580 1237 601; x_wconf 88' lang='lat' dir='ltr'>nos</span> <span class='ocrx_word' id='word_1_56' title='bbox 1268 572 1302 601; x_wconf 91' lang='lat' dir='ltr'>et</span> <span class='ocrx_word' id='word_1_57' title='bbox 1332 566 1537 602; x_wconf 84' lang='lat' dir='ltr'>successores</span> <span class='ocrx_word' id='word_1_58' title='bbox 1555 568 1688 602; x_wconf 86' lang='lat' dir='ltr'>nostros</span> 
     </span>
     <span class='ocr_line' id='line_1_7' title="bbox 208 618 1688 668; baseline 0.004 -16"><span class='ocrx_word' id='word_1_59' title='bbox 208 632 279 653; x_wconf 89' lang='lat' dir='ltr'>una</span> <span class='ocrx_word' id='word_1_60' title='bbox 296 631 375 653; x_wconf 91' lang='lat' dir='ltr'>cum</span> <span class='ocrx_word' id='word_1_61' title='bbox 394 618 466 666; x_wconf 88' lang='lat' dir='ltr'>ipso</span> <span class='ocrx_word' id='word_1_62' title='bbox 486 618 658 653; x_wconf 86' lang='lat' dir='ltr'>vifitatore</span> <span class='ocrx_word' id='word_1_63' title='bbox 677 620 843 654; x_wconf 88' lang='lat' dir='ltr'>canonice</span> <span class='ocrx_word' id='word_1_64' title='bbox 863 622 1069 668; x_wconf 83' lang='lat' dir='ltr'>corrigatur.</span> <span class='ocrx_word' id='word_1_65' title='bbox 1121 622 1373 657; x_wconf 80' lang='lat' dir='ltr'>ordinavimus</span> <span class='ocrx_word' id='word_1_66' title='bbox 1392 624 1496 657; x_wconf 89' lang='lat' dir='ltr'>etiam</span> <span class='ocrx_word' id='word_1_67' title='bbox 1512 629 1552 658; x_wconf 91' lang='lat' dir='ltr'>ut</span> <span class='ocrx_word' id='word_1_68' title='bbox 1571 624 1688 658; x_wconf 89' lang='lat' dir='ltr'>omnia</span> 
     </span>
     <span class='ocr_line' id='line_1_8' title="bbox 206 674 1686 727; baseline 0.003 -18"><span class='ocrx_word' id='word_1_69' title='bbox 206 676 302 710; x_wconf 62' lang='lat' dir='ltr'>dicta</span> <span class='ocrx_word' id='word_1_70' title='bbox 318 675 411 709; x_wconf 89' lang='lat' dir='ltr'>bona</span> <span class='ocrx_word' id='word_1_71' title='bbox 428 689 495 721; x_wconf 91' lang='lat' dir='ltr'>que</span> <span class='ocrx_word' id='word_1_72' title='bbox 513 676 699 721; x_wconf 88' lang='lat' dir='ltr'>aliquando</span> <span class='ocrx_word' id='word_1_73' title='bbox 717 677 753 710; x_wconf 89' lang='lat' dir='ltr'>in</span> <span class='ocrx_word' id='word_1_74' title='bbox 774 677 909 712; x_wconf 86' lang='lat' dir='ltr'>Karrec</span> <span class='ocrx_word' id='word_1_75' title='bbox 928 674 1048 712; x_wconf 87' lang='lat' dir='ltr'>Abbas</span> <span class='ocrx_word' id='word_1_76' title='bbox 1067 684 1101 713; x_wconf 88' lang='lat' dir='ltr'>et</span> <span class='ocrx_word' id='word_1_77' title='bbox 1119 684 1313 713; x_wconf 88' lang='lat' dir='ltr'>conventus</span> <span class='ocrx_word' id='word_1_78' title='bbox 1345 679 1387 713; x_wconf 87' lang='lat' dir='ltr'>de</span> <span class='ocrx_word' id='word_1_79' title='bbox 1414 678 1561 714; x_wconf 83' lang='lat' dir='ltr'>Paffelet</span> <span class='ocrx_word' id='word_1_80' title='bbox 1578 679 1686 727; x_wconf 85' lang='lat' dir='ltr'>poffe-</span> 
     </span>
     <span class='ocr_line' id='line_1_9' title="bbox 206 731 1686 782; baseline 0.004 -17"><span class='ocrx_word' id='word_1_81' title='bbox 206 732 336 766; x_wconf 87' lang='lat' dir='ltr'>derunt</span> <span class='ocrx_word' id='word_1_82' title='bbox 353 732 390 765; x_wconf 91' lang='lat' dir='ltr'>in</span> <span class='ocrx_word' id='word_1_83' title='bbox 407 731 487 766; x_wconf 87' lang='lat' dir='ltr'>usus</span> <span class='ocrx_word' id='word_1_84' title='bbox 505 732 599 766; x_wconf 61' lang='lat' dir='ltr'>dieite</span> <span class='ocrx_word' id='word_1_85' title='bbox 617 732 742 766; x_wconf 85' lang='lat' dir='ltr'>domus</span> <span class='ocrx_word' id='word_1_86' title='bbox 761 733 803 767; x_wconf 93' lang='lat' dir='ltr'>de</span> <span class='ocrx_word' id='word_1_87' title='bbox 824 733 1047 779; x_wconf 84' lang='lat' dir='ltr'>Corsragmol</span> <span class='ocrx_word' id='word_1_88' title='bbox 1066 735 1191 769; x_wconf 83' lang='lat' dir='ltr'>cedant</span> <span class='ocrx_word' id='word_1_89' title='bbox 1208 741 1379 782; x_wconf 91' lang='lat' dir='ltr'>perpetuo</span> <span class='ocrx_word' id='word_1_90' title='bbox 1394 749 1403 777; x_wconf 88' lang='lat'>;</span> <span class='ocrx_word' id='word_1_91' title='bbox 1430 735 1606 770; x_wconf 89' lang='lat' dir='ltr'>Solvendo</span> <span class='ocrx_word' id='word_1_92' title='bbox 1626 737 1686 771; x_wconf 91' lang='lat' dir='ltr'>do-</span> 
     </span>
     <span class='ocr_line' id='line_1_10' title="bbox 205 786 1685 836; baseline 0.003 -14"><span class='ocrx_word' id='word_1_93' title='bbox 205 788 279 822; x_wconf 86' lang='lat' dir='ltr'>mui</span> <span class='ocrx_word' id='word_1_94' title='bbox 306 788 348 822; x_wconf 92' lang='lat' dir='ltr'>de</span> <span class='ocrx_word' id='word_1_95' title='bbox 381 786 529 822; x_wconf 83' lang='lat' dir='ltr'>Paffelet</span> <span class='ocrx_word' id='word_1_96' title='bbox 548 788 669 822; x_wconf 90' lang='lat' dir='ltr'>decem</span> <span class='ocrx_word' id='word_1_97' title='bbox 698 802 829 824; x_wconf 89' lang='lat' dir='ltr'>marcas</span> <span class='ocrx_word' id='word_1_98' title='bbox 857 790 992 836; x_wconf 79' lang='lat' dir='ltr'>argenti</span> <span class='ocrx_word' id='word_1_99' title='bbox 1020 791 1201 825; x_wconf 83' lang='lat' dir='ltr'>annuatim</span> <span class='ocrx_word' id='word_1_100' title='bbox 1229 791 1273 825; x_wconf 90' lang='lat' dir='ltr'>ad</span> <span class='ocrx_word' id='word_1_101' title='bbox 1305 791 1543 826; x_wconf 85' lang='lat' dir='ltr'>Pentecosten.</span> <span class='ocrx_word' id='word_1_102' title='bbox 1596 792 1644 826; x_wconf 90' lang='lat' dir='ltr'>Et</span> <span class='ocrx_word' id='word_1_103' title='bbox 1661 791 1685 826; x_wconf 91' lang='lat' dir='ltr'><strong>fi</strong></span> 
     </span>
     <span class='ocr_line' id='line_1_11' title="bbox 204 843 1683 890; baseline 0.003 -12"><span class='ocrx_word' id='word_1_104' title='bbox 204 843 320 890; x_wconf 90' lang='lat' dir='ltr'>aliquo</span> <span class='ocrx_word' id='word_1_105' title='bbox 338 848 497 890; x_wconf 88' lang='lat' dir='ltr'>tempore</span> <span class='ocrx_word' id='word_1_106' title='bbox 516 843 601 877; x_wconf 65' lang='lat' dir='ltr'>dieti</span> <span class='ocrx_word' id='word_1_107' title='bbox 622 843 741 878; x_wconf 89' lang='lat' dir='ltr'>Abbas</span> <span class='ocrx_word' id='word_1_108' title='bbox 771 850 806 879; x_wconf 88' lang='lat' dir='ltr'>et</span> <span class='ocrx_word' id='word_1_109' title='bbox 831 846 992 880; x_wconf 85' lang='lat' dir='ltr'>monachi</span> <span class='ocrx_word' id='word_1_110' title='bbox 1024 846 1067 880; x_wconf 90' lang='lat' dir='ltr'>de</span> <span class='ocrx_word' id='word_1_111' title='bbox 1096 845 1244 881; x_wconf 88' lang='lat' dir='ltr'>Passelet</span> <span class='ocrx_word' id='word_1_112' title='bbox 1260 847 1318 882; x_wconf 91' lang='lat' dir='ltr'>vel</span> <span class='ocrx_word' id='word_1_113' title='bbox 1336 847 1451 882; x_wconf 58' lang='lat' dir='ltr'>dictus</span> <span class='ocrx_word' id='word_1_114' title='bbox 1470 847 1598 882; x_wconf 84' lang='lat' dir='ltr'>Comes</span> <span class='ocrx_word' id='word_1_115' title='bbox 1624 847 1683 882; x_wconf 90' lang='lat' dir='ltr'>seu</span> 
     </span>
     <span class='ocr_line' id='line_1_12' title="bbox 203 898 1683 948; baseline 0.002 -14"><span class='ocrx_word' id='word_1_116' title='bbox 203 899 349 934; x_wconf 86' lang='lat' dir='ltr'>heredes</span> <span class='ocrx_word' id='word_1_117' title='bbox 366 898 416 933; x_wconf 91' lang='lat' dir='ltr'>sui</span> <span class='ocrx_word' id='word_1_118' title='bbox 434 899 490 933; x_wconf 90' lang='lat' dir='ltr'>vel</span> <span class='ocrx_word' id='word_1_119' title='bbox 510 898 630 933; x_wconf 89' lang='lat' dir='ltr'>Abbas</span> <span class='ocrx_word' id='word_1_120' title='bbox 649 905 682 933; x_wconf 89' lang='lat' dir='ltr'>et</span> <span class='ocrx_word' id='word_1_121' title='bbox 700 901 861 934; x_wconf 88' lang='lat' dir='ltr'>monachi</span> <span class='ocrx_word' id='word_1_122' title='bbox 882 902 924 935; x_wconf 90' lang='lat' dir='ltr'>de</span> <span class='ocrx_word' id='word_1_123' title='bbox 944 901 1167 948; x_wconf 83' lang='lat' dir='ltr'>Corsragmol</span> <span class='ocrx_word' id='word_1_124' title='bbox 1190 908 1314 937; x_wconf 90' lang='lat' dir='ltr'>contra</span> <span class='ocrx_word' id='word_1_125' title='bbox 1331 903 1589 937; x_wconf 87' lang='lat' dir='ltr'>ordinationem</span> <span class='ocrx_word' id='word_1_126' title='bbox 1608 903 1683 938; x_wconf 90' lang='lat' dir='ltr'>nos-</span> 
     </span>
     <span class='ocr_line' id='line_1_13' title="bbox 202 955 1682 1005; baseline 0.002 -15"><span class='ocrx_word' id='word_1_127' title='bbox 202 960 292 990; x_wconf 82' lang='lat' dir='ltr'>tram</span> <span class='ocrx_word' id='word_1_128' title='bbox 310 956 347 989; x_wconf 89' lang='lat' dir='ltr'>in</span> <span class='ocrx_word' id='word_1_129' title='bbox 365 955 480 1000; x_wconf 89' lang='lat' dir='ltr'>aliquo</span> <span class='ocrx_word' id='word_1_130' title='bbox 500 955 620 990; x_wconf 85' lang='lat' dir='ltr'>venire</span> <span class='ocrx_word' id='word_1_131' title='bbox 638 955 827 996; x_wconf 88' lang='lat' dir='ltr'>voluerint,</span> <span class='ocrx_word' id='word_1_132' title='bbox 856 969 920 990; x_wconf 86' lang='lat' dir='ltr'>nos</span> <span class='ocrx_word' id='word_1_133' title='bbox 939 963 973 991; x_wconf 92' lang='lat' dir='ltr'>et</span> <span class='ocrx_word' id='word_1_134' title='bbox 990 956 1196 992; x_wconf 82' lang='lat' dir='ltr'>succeffores</span> <span class='ocrx_word' id='word_1_135' title='bbox 1214 958 1320 992; x_wconf 89' lang='lat' dir='ltr'>nostri</span> <span class='ocrx_word' id='word_1_136' title='bbox 1337 958 1427 1005; x_wconf 89' lang='lat' dir='ltr'>ipsos</span> <span class='ocrx_word' id='word_1_137' title='bbox 1455 958 1499 992; x_wconf 89' lang='lat' dir='ltr'>ad</span> <span class='ocrx_word' id='word_1_138' title='bbox 1525 958 1682 993; x_wconf 89' lang='lat' dir='ltr'>observa-</span> 
     </span>
     <span class='ocr_line' id='line_1_14' title="bbox 199 1011 1681 1061; baseline 0.002 -16"><span class='ocrx_word' id='word_1_139' title='bbox 199 1012 333 1046; x_wconf 90' lang='lat' dir='ltr'>tionem</span> <span class='ocrx_word' id='word_1_140' title='bbox 352 1012 509 1045; x_wconf 88' lang='lat' dir='ltr'>omnium</span> <span class='ocrx_word' id='word_1_141' title='bbox 526 1011 779 1058; x_wconf 60' lang='lat' dir='ltr'>predfflmrum,</span> <span class='ocrx_word' id='word_1_142' title='bbox 800 1012 843 1046; x_wconf 91' lang='lat' dir='ltr'>de</span> <span class='ocrx_word' id='word_1_143' title='bbox 860 1012 966 1058; x_wconf 89' lang='lat' dir='ltr'>plano</span> <span class='ocrx_word' id='word_1_144' title='bbox 985 1018 1020 1047; x_wconf 89' lang='lat' dir='ltr'>et</span> <span class='ocrx_word' id='word_1_145' title='bbox 1037 1012 1161 1059; x_wconf 87' lang='lat' dir='ltr'>absque</span> <span class='ocrx_word' id='word_1_146' title='bbox 1179 1013 1322 1060; x_wconf 87' lang='lat' dir='ltr'>strepitu</span> <span class='ocrx_word' id='word_1_147' title='bbox 1333 1014 1470 1061; x_wconf 89' lang='lat' dir='ltr'>judicii,</span> <span class='ocrx_word' id='word_1_148' title='bbox 1486 1015 1681 1049; x_wconf 88' lang='lat' dir='ltr'>monitione</span> 
     </span>
     <span class='ocr_line' id='line_1_15' title="bbox 199 1066 1681 1116; baseline 0.002 -14"><span class='ocrx_word' id='word_1_149' title='bbox 199 1066 370 1115; x_wconf 79' lang='lat' dir='ltr'>premifl&#39;a,</span> <span class='ocrx_word' id='word_1_150' title='bbox 400 1068 705 1102; x_wconf 82' lang='lat' dir='ltr'>contravenientes</span> <span class='ocrx_word' id='word_1_151' title='bbox 735 1081 797 1115; x_wconf 92' lang='lat' dir='ltr'>per</span> <span class='ocrx_word' id='word_1_152' title='bbox 828 1068 1008 1103; x_wconf 85' lang='lat' dir='ltr'>censuram</span> <span class='ocrx_word' id='word_1_153' title='bbox 1035 1068 1292 1104; x_wconf 86' lang='lat' dir='ltr'>ecclefiasticam</span> <span class='ocrx_word' id='word_1_154' title='bbox 1310 1070 1571 1116; x_wconf 83' lang='lat' dir='ltr'>compellamus.</span> <span class='ocrx_word' id='word_1_155' title='bbox 1625 1070 1681 1105; x_wconf 86' lang='lat' dir='ltr'>Ita</span> 
     </span>
     <span class='ocr_line' id='line_1_16' title="bbox 199 1123 1677 1173; baseline 0.003 -16"><span class='ocrx_word' id='word_1_156' title='bbox 199 1124 293 1169; x_wconf 91' lang='lat' dir='ltr'>quod</span> <span class='ocrx_word' id='word_1_157' title='bbox 312 1124 360 1158; x_wconf 87' lang='lat' dir='ltr'>eis</span> <span class='ocrx_word' id='word_1_158' title='bbox 378 1136 450 1157; x_wconf 91' lang='lat' dir='ltr'>non</span> <span class='ocrx_word' id='word_1_159' title='bbox 469 1123 584 1157; x_wconf 83' lang='lat' dir='ltr'>valeat</span> <span class='ocrx_word' id='word_1_160' title='bbox 602 1129 772 1169; x_wconf 88' lang='lat' dir='ltr'>quantum</span> <span class='ocrx_word' id='word_1_161' title='bbox 791 1124 834 1158; x_wconf 88' lang='lat' dir='ltr'>ad</span> <span class='ocrx_word' id='word_1_162' title='bbox 852 1124 1050 1171; x_wconf 64' lang='lat' dir='ltr'>supradicta</span> <span class='ocrx_word' id='word_1_163' title='bbox 1068 1125 1278 1160; x_wconf 85' lang='lat' dir='ltr'>infirmanda</span> <span class='ocrx_word' id='word_1_164' title='bbox 1295 1125 1435 1172; x_wconf 84' lang='lat' dir='ltr'>aliquod</span> <span class='ocrx_word' id='word_1_165' title='bbox 1453 1126 1677 1173; x_wconf 89' lang='lat' dir='ltr'>impetratum</span> 
     </span>
     <span class='ocr_line' id='line_1_17' title="bbox 198 1179 1679 1226; baseline 0.003 -14"><span class='ocrx_word' id='word_1_166' title='bbox 198 1179 255 1213; x_wconf 84' lang='lat' dir='ltr'>vel</span> <span class='ocrx_word' id='word_1_167' title='bbox 273 1179 544 1225; x_wconf 89' lang='lat' dir='ltr'>impetrandum,</span> <span class='ocrx_word' id='word_1_168' title='bbox 573 1179 630 1213; x_wconf 87' lang='lat' dir='ltr'>vel</span> <span class='ocrx_word' id='word_1_169' title='bbox 648 1179 789 1225; x_wconf 87' lang='lat' dir='ltr'>aliquod</span> <span class='ocrx_word' id='word_1_170' title='bbox 814 1180 904 1226; x_wconf 83' lang='lat' dir='ltr'>juris</span> <span class='ocrx_word' id='word_1_171' title='bbox 933 1181 1092 1214; x_wconf 88' lang='lat' dir='ltr'>canonici</span> <span class='ocrx_word' id='word_1_172' title='bbox 1109 1180 1166 1214; x_wconf 90' lang='lat' dir='ltr'>vel</span> <span class='ocrx_word' id='word_1_173' title='bbox 1184 1181 1294 1215; x_wconf 89' lang='lat' dir='ltr'>civilis</span> <span class='ocrx_word' id='word_1_174' title='bbox 1311 1182 1517 1222; x_wconf 88' lang='lat' dir='ltr'>remedium,</span> <span class='ocrx_word' id='word_1_175' title='bbox 1545 1182 1601 1216; x_wconf 92' lang='lat' dir='ltr'>vel</span> <span class='ocrx_word' id='word_1_176' title='bbox 1619 1182 1679 1216; x_wconf 92' lang='lat' dir='ltr'>ali-</span> 
     </span>
     <span class='ocr_line' id='line_1_18' title="bbox 197 1235 1676 1284; baseline 0.003 -16"><span class='ocrx_word' id='word_1_177' title='bbox 197 1235 292 1281; x_wconf 91' lang='lat' dir='ltr'>quod</span> <span class='ocrx_word' id='word_1_178' title='bbox 310 1235 533 1282; x_wconf 85' lang='lat' dir='ltr'>privilegium</span> <span class='ocrx_word' id='word_1_179' title='bbox 564 1235 697 1269; x_wconf 89' lang='lat' dir='ltr'>ordinis</span> <span class='ocrx_word' id='word_1_180' title='bbox 726 1235 962 1270; x_wconf 85' lang='lat' dir='ltr'>Cluniacenfis</span> <span class='ocrx_word' id='word_1_181' title='bbox 991 1242 1193 1283; x_wconf 84' lang='lat' dir='ltr'>competens</span> <span class='ocrx_word' id='word_1_182' title='bbox 1222 1237 1279 1271; x_wconf 90' lang='lat' dir='ltr'>vel</span> <span class='ocrx_word' id='word_1_183' title='bbox 1308 1238 1593 1284; x_wconf 85' lang='lat' dir='ltr'>competiturum,</span> <span class='ocrx_word' id='word_1_184' title='bbox 1619 1239 1676 1273; x_wconf 89' lang='lat' dir='ltr'>vel</span> 
     </span>
     <span class='ocr_line' id='line_1_19' title="bbox 196 1291 1674 1339; baseline 0.003 -14"><span class='ocrx_word' id='word_1_185' title='bbox 196 1291 388 1338; x_wconf 86' lang='lat' dir='ltr'>specialiter</span> <span class='ocrx_word' id='word_1_186' title='bbox 415 1291 623 1325; x_wconf 90' lang='lat' dir='ltr'>beneficium</span> <span class='ocrx_word' id='word_1_187' title='bbox 654 1291 879 1326; x_wconf 85' lang='lat' dir='ltr'>restitutionis</span> <span class='ocrx_word' id='word_1_188' title='bbox 898 1293 934 1326; x_wconf 90' lang='lat' dir='ltr'>in</span> <span class='ocrx_word' id='word_1_189' title='bbox 952 1293 1140 1339; x_wconf 82' lang='lat' dir='ltr'>integrum,</span> <span class='ocrx_word' id='word_1_190' title='bbox 1173 1293 1229 1327; x_wconf 92' lang='lat' dir='ltr'>vel</span> <span class='ocrx_word' id='word_1_191' title='bbox 1256 1293 1398 1339; x_wconf 85' lang='lat' dir='ltr'>aliquod</span> <span class='ocrx_word' id='word_1_192' title='bbox 1426 1294 1591 1330; x_wconf 85' lang='lat' dir='ltr'>statutum</span> <span class='ocrx_word' id='word_1_193' title='bbox 1618 1295 1674 1329; x_wconf 91' lang='lat' dir='ltr'>vel</span> 
     </span>
     <span class='ocr_line' id='line_1_20' title="bbox 196 1346 1675 1395; baseline 0.003 -14"><span class='ocrx_word' id='word_1_194' title='bbox 196 1347 428 1382; x_wconf 87' lang='lat' dir='ltr'>statuendum.</span> <span class='ocrx_word' id='word_1_195' title='bbox 481 1346 529 1381; x_wconf 89' lang='lat' dir='ltr'>Et</span> <span class='ocrx_word' id='word_1_196' title='bbox 545 1348 583 1381; x_wconf 85' lang='lat' dir='ltr'>in</span> <span class='ocrx_word' id='word_1_197' title='bbox 602 1347 705 1394; x_wconf 89' lang='lat' dir='ltr'>hujus</span> <span class='ocrx_word' id='word_1_198' title='bbox 723 1349 774 1382; x_wconf 89' lang='lat' dir='ltr'>rei</span> <span class='ocrx_word' id='word_1_199' title='bbox 793 1347 1026 1382; x_wconf 85' lang='lat' dir='ltr'>testimonium</span> <span class='ocrx_word' id='word_1_200' title='bbox 1046 1361 1109 1382; x_wconf 89' lang='lat' dir='ltr'>nos</span> <span class='ocrx_word' id='word_1_201' title='bbox 1127 1353 1162 1382; x_wconf 91' lang='lat' dir='ltr'>et</span> <span class='ocrx_word' id='word_1_202' title='bbox 1187 1349 1378 1395; x_wconf 87' lang='lat' dir='ltr'>capitulum</span> <span class='ocrx_word' id='word_1_203' title='bbox 1398 1348 1613 1395; x_wconf 73' lang='lat' dir='ltr'>Glasguense</span> <span class='ocrx_word' id='word_1_204' title='bbox 1640 1357 1675 1385; x_wconf 91' lang='lat' dir='ltr'>et</span> 
     </span>
     <span class='ocr_line' id='line_1_21' title="bbox 196 1402 1674 1450; baseline 0.003 -12"><span class='ocrx_word' id='word_1_205' title='bbox 196 1404 310 1438; x_wconf 65' lang='lat' dir='ltr'>dietus</span> <span class='ocrx_word' id='word_1_206' title='bbox 330 1403 459 1438; x_wconf 88' lang='lat' dir='ltr'>Comes</span> <span class='ocrx_word' id='word_1_207' title='bbox 478 1403 521 1437; x_wconf 89' lang='lat' dir='ltr'>de</span> <span class='ocrx_word' id='word_1_208' title='bbox 540 1402 675 1437; x_wconf 90' lang='lat' dir='ltr'>Carrek</span> <span class='ocrx_word' id='word_1_209' title='bbox 693 1403 831 1450; x_wconf 84' lang='lat' dir='ltr'>presens</span> <span class='ocrx_word' id='word_1_210' title='bbox 849 1403 1013 1450; x_wconf 86' lang='lat' dir='ltr'>scriptum</span> <span class='ocrx_word' id='word_1_211' title='bbox 1031 1403 1147 1450; x_wconf 81' lang='lat' dir='ltr'>sigillis</span> <span class='ocrx_word' id='word_1_212' title='bbox 1161 1404 1284 1438; x_wconf 89' lang='lat' dir='ltr'>nostris</span> <span class='ocrx_word' id='word_1_213' title='bbox 1298 1405 1551 1441; x_wconf 86' lang='lat' dir='ltr'>roboravimus.</span> <span class='ocrx_word' id='word_1_214' title='bbox 1603 1407 1674 1442; x_wconf 87' lang='lat' dir='ltr'>Ac-</span> 
     </span>
     <span class='ocr_line' id='line_1_22' title="bbox 194 1458 1671 1507; baseline 0.001 -13"><span class='ocrx_word' id='word_1_215' title='bbox 194 1466 269 1494; x_wconf 89' lang='lat' dir='ltr'>tum</span> <span class='ocrx_word' id='word_1_216' title='bbox 288 1460 380 1507; x_wconf 89' lang='lat' dir='ltr'>apud</span> <span class='ocrx_word' id='word_1_217' title='bbox 400 1458 543 1505; x_wconf 60' lang='lat' dir='ltr'>Glaigw</span> <span class='ocrx_word' id='word_1_218' title='bbox 561 1459 822 1505; x_wconf 87' lang='lat' dir='ltr'>quintodecimo</span> <span class='ocrx_word' id='word_1_219' title='bbox 844 1460 1020 1495; x_wconf 82' lang='lat' dir='ltr'>Kalendas</span> <span class='ocrx_word' id='word_1_220' title='bbox 1036 1460 1184 1506; x_wconf 82' lang='lat' dir='ltr'>Augusti</span> <span class='ocrx_word' id='word_1_221' title='bbox 1200 1473 1293 1495; x_wconf 86' lang='lat' dir='ltr'>anno</span> <span class='ocrx_word' id='word_1_222' title='bbox 1306 1462 1417 1507; x_wconf 85' lang='lat' dir='ltr'>gratie</span> <span class='ocrx_word' id='word_1_223' title='bbox 1433 1466 1477 1496; x_wconf 80' lang='lat' dir='ltr'>M⁰</span> <span class='ocrx_word' id='word_1_224' title='bbox 1491 1467 1551 1497; x_wconf 86' lang='lat' dir='ltr'>cc⁰</span> <span class='ocrx_word' id='word_1_225' title='bbox 1562 1462 1671 1497; x_wconf 83' lang='lat' dir='ltr'>xliiii0.</span> 
     </span>
    </p>
   </div>
   <div class='ocr_carea' id='block_1_3' title="bbox 194 1627 1476 1677">
    <p class='ocr_par' dir='ltr' id='par_1_3' title="bbox 194 1627 1476 1677">
     <span class='ocr_line' id='line_1_23' title="bbox 194 1627 1476 1677; baseline 0.002 -14"><span class='ocrx_word' id='word_1_226' title='bbox 194 1628 471 1663; x_wconf 86' lang='lat' dir='ltr'>Instrumentum</span> <span class='ocrx_word' id='word_1_227' title='bbox 488 1627 691 1664; x_wconf 79' lang='lat' dir='ltr'>visitationis</span> <span class='ocrx_word' id='word_1_228' title='bbox 709 1635 744 1664; x_wconf 88' lang='lat' dir='ltr'>et</span> <span class='ocrx_word' id='word_1_229' title='bbox 761 1628 1000 1676; x_wconf 74' lang='lat' dir='ltr'>resignationis</span> <span class='ocrx_word' id='word_1_230' title='bbox 1017 1629 1152 1664; x_wconf 86' lang='lat' dir='ltr'>abbatie</span> <span class='ocrx_word' id='word_1_231' title='bbox 1179 1630 1222 1665; x_wconf 93' lang='lat' dir='ltr'>de</span> <span class='ocrx_word' id='word_1_232' title='bbox 1241 1630 1476 1677; x_wconf 81' lang='lat' dir='ltr'>Crosragmol.</span> 
     </span>
    </p>
   </div>
   <div class='ocr_carea' id='block_1_4' title="bbox 186 1739 1669 2388">
    <p class='ocr_par' dir='ltr' id='par_1_4' title="bbox 186 1739 1669 2388">
     <span class='ocr_line' id='line_1_24' title="bbox 193 1739 1667 1788; baseline 0.003 -13"><span class='ocrx_word' id='word_1_233' title='bbox 193 1740 250 1775; x_wconf 93' lang='lat' dir='ltr'>IN</span> <span class='ocrx_word' id='word_1_234' title='bbox 278 1740 371 1774; x_wconf 93' lang='lat' dir='ltr'>DEI</span> <span class='ocrx_word' id='word_1_235' title='bbox 398 1739 614 1775; x_wconf 90' lang='lat' dir='ltr'>NOMINE</span> <span class='ocrx_word' id='word_1_236' title='bbox 634 1740 763 1776; x_wconf 87' lang='lat' dir='ltr'>Amen.</span> <span class='ocrx_word' id='word_1_237' title='bbox 818 1741 927 1775; x_wconf 91' lang='lat' dir='ltr'>Anno</span> <span class='ocrx_word' id='word_1_238' title='bbox 942 1754 962 1775; x_wconf 87' lang='lat' dir='ltr'>a</span> <span class='ocrx_word' id='word_1_239' title='bbox 976 1741 1156 1776; x_wconf 83' lang='lat' dir='ltr'>nativitate</span> <span class='ocrx_word' id='word_1_240' title='bbox 1175 1741 1326 1788; x_wconf 88' lang='lat' dir='ltr'>ejusdem</span> <span class='ocrx_word' id='word_1_241' title='bbox 1346 1747 1391 1776; x_wconf 76' lang='grc' dir='ltr'>Μο</span> <span class='ocrx_word' id='word_1_242' title='bbox 1409 1744 1492 1778; x_wconf 84' lang='lat' dir='ltr'>ecc⁰</span> <span class='ocrx_word' id='word_1_243' title='bbox 1509 1744 1592 1785; x_wconf 79' lang='lat' dir='ltr'>lxx⁰‚</span> <span class='ocrx_word' id='word_1_244' title='bbox 1612 1746 1667 1780; x_wconf 92' lang='lat' dir='ltr'>die</span> 
     </span>
     <span class='ocr_line' id='line_1_25' title="bbox 190 1795 1669 1844; baseline 0.003 -15"><span class='ocrx_word' id='word_1_245' title='bbox 190 1808 275 1830; x_wconf 87' lang='lat' dir='ltr'>vero</span> <span class='ocrx_word' id='word_1_246' title='bbox 293 1800 353 1829; x_wconf 81' lang='lat' dir='ltr'>xx⁰</span> <span class='ocrx_word' id='word_1_247' title='bbox 370 1795 430 1829; x_wconf 87' lang='lat' dir='ltr'>vii⁰</span> <span class='ocrx_word' id='word_1_248' title='bbox 447 1795 569 1830; x_wconf 87' lang='lat' dir='ltr'>menfis</span> <span class='ocrx_word' id='word_1_249' title='bbox 588 1796 811 1843; x_wconf 86' lang='lat' dir='ltr'>Septembris,</span> <span class='ocrx_word' id='word_1_250' title='bbox 839 1797 1033 1831; x_wconf 69' lang='lat' dir='ltr'>indictione</span> <span class='ocrx_word' id='word_1_251' title='bbox 1060 1797 1195 1838; x_wconf 60' lang='lat' dir='ltr'>ofitava,</span> <span class='ocrx_word' id='word_1_252' title='bbox 1223 1798 1445 1844; x_wconf 86' lang='lat' dir='ltr'>pontificatus</span> <span class='ocrx_word' id='word_1_253' title='bbox 1473 1798 1669 1835; x_wconf 61' lang='lat' dir='ltr'>sanfififfimi</span> 
     </span>
     <span class='ocr_line' id='line_1_26' title="bbox 191 1850 1667 1901; baseline 0.004 -15"><span class='ocrx_word' id='word_1_254' title='bbox 191 1853 228 1886; x_wconf 88' lang='lat' dir='ltr'>in</span> <span class='ocrx_word' id='word_1_255' title='bbox 247 1850 384 1886; x_wconf 89' lang='lat' dir='ltr'>Christo</span> <span class='ocrx_word' id='word_1_256' title='bbox 402 1852 509 1898; x_wconf 85' lang='lat' dir='ltr'>patris</span> <span class='ocrx_word' id='word_1_257' title='bbox 536 1857 571 1886; x_wconf 92' lang='lat' dir='ltr'>et</span> <span class='ocrx_word' id='word_1_258' title='bbox 601 1852 734 1886; x_wconf 90' lang='lat' dir='ltr'>domini</span> <span class='ocrx_word' id='word_1_259' title='bbox 762 1851 868 1886; x_wconf 88' lang='lat' dir='ltr'>nostri</span> <span class='ocrx_word' id='word_1_260' title='bbox 899 1853 1030 1886; x_wconf 85' lang='lat' dir='ltr'>domini</span> <span class='ocrx_word' id='word_1_261' title='bbox 1063 1852 1198 1887; x_wconf 86' lang='lat' dir='ltr'>Urbani</span> <span class='ocrx_word' id='word_1_262' title='bbox 1229 1854 1346 1888; x_wconf 90' lang='lat' dir='ltr'>divina</span> <span class='ocrx_word' id='word_1_263' title='bbox 1374 1856 1583 1901; x_wconf 88' lang='lat' dir='ltr'>providente</span> <span class='ocrx_word' id='word_1_264' title='bbox 1601 1857 1667 1892; x_wconf 92' lang='lat' dir='ltr'>cle-</span> 
     </span>
     <span class='ocr_line' id='line_1_27' title="bbox 190 1907 1666 1957; baseline 0.004 -16"><span class='ocrx_word' id='word_1_265' title='bbox 190 1907 321 1942; x_wconf 90' lang='lat' dir='ltr'>mentia</span> <span class='ocrx_word' id='word_1_266' title='bbox 350 1919 438 1954; x_wconf 90' lang='lat' dir='ltr'>pape</span> <span class='ocrx_word' id='word_1_267' title='bbox 457 1907 569 1953; x_wconf 89' lang='lat' dir='ltr'>quinti</span> <span class='ocrx_word' id='word_1_268' title='bbox 587 1920 681 1941; x_wconf 88' lang='lat' dir='ltr'>anno</span> <span class='ocrx_word' id='word_1_269' title='bbox 709 1908 847 1948; x_wconf 62' lang='lat' dir='ltr'>oetavo,</span> <span class='ocrx_word' id='word_1_270' title='bbox 876 1908 970 1955; x_wconf 92' lang='lat' dir='ltr'>apud</span> <span class='ocrx_word' id='word_1_271' title='bbox 996 1908 1166 1942; x_wconf 89' lang='lat' dir='ltr'>abbatiam</span> <span class='ocrx_word' id='word_1_272' title='bbox 1198 1909 1241 1943; x_wconf 86' lang='lat' dir='ltr'>de</span> <span class='ocrx_word' id='word_1_273' title='bbox 1271 1909 1505 1957; x_wconf 77' lang='lat' dir='ltr'>Crosragniol,</span> <span class='ocrx_word' id='word_1_274' title='bbox 1535 1913 1666 1948; x_wconf 89' lang='lat' dir='ltr'>ordinis</span> 
     </span>
     <span class='ocr_line' id='line_1_28' title="bbox 191 1961 1665 2011; baseline 0.003 -13"><span class='ocrx_word' id='word_1_275' title='bbox 191 1961 439 2002; x_wconf 81' lang='lat' dir='ltr'>Cluniacenfis,</span> <span class='ocrx_word' id='word_1_276' title='bbox 468 1961 689 2009; x_wconf 81' lang='lat' dir='ltr'>Glasguenfis</span> <span class='ocrx_word' id='word_1_277' title='bbox 708 1962 859 2004; x_wconf 81' lang='lat' dir='ltr'>dioeefis,</span> <span class='ocrx_word' id='word_1_278' title='bbox 889 1964 924 1997; x_wconf 89' lang='lat' dir='ltr'>in</span> <span class='ocrx_word' id='word_1_279' title='bbox 943 1964 1011 1997; x_wconf 87' lang='lat' dir='ltr'>mei</span> <span class='ocrx_word' id='word_1_280' title='bbox 1037 1965 1165 1998; x_wconf 84' lang='lat' dir='ltr'>notarii</span> <span class='ocrx_word' id='word_1_281' title='bbox 1182 1965 1311 2011; x_wconf 88' lang='lat' dir='ltr'>publici</span> <span class='ocrx_word' id='word_1_282' title='bbox 1342 1972 1376 2000; x_wconf 89' lang='lat' dir='ltr'>et</span> <span class='ocrx_word' id='word_1_283' title='bbox 1407 1967 1542 2002; x_wconf 85' lang='lat' dir='ltr'>testium</span> <span class='ocrx_word' id='word_1_284' title='bbox 1561 1969 1665 2004; x_wconf 88' lang='lat' dir='ltr'>infra-</span> 
     </span>
     <span class='ocr_line' id='line_1_29' title="bbox 188 2017 1665 2068; baseline 0.005 -16"><span class='ocrx_word' id='word_1_285' title='bbox 188 2017 395 2065; x_wconf 86' lang='lat' dir='ltr'>scriptorum</span> <span class='ocrx_word' id='word_1_286' title='bbox 413 2017 596 2064; x_wconf 89' lang='lat' dir='ltr'>presentia,</span> <span class='ocrx_word' id='word_1_287' title='bbox 625 2017 774 2065; x_wconf 85' lang='lat' dir='ltr'>religiofi</span> <span class='ocrx_word' id='word_1_288' title='bbox 804 2019 869 2052; x_wconf 90' lang='lat' dir='ltr'>viri</span> <span class='ocrx_word' id='word_1_289' title='bbox 900 2019 1033 2053; x_wconf 90' lang='lat' dir='ltr'>domini</span> <span class='ocrx_word' id='word_1_290' title='bbox 1060 2019 1240 2055; x_wconf 80' lang='lat' dir='ltr'>Johannes</span> <span class='ocrx_word' id='word_1_291' title='bbox 1269 2027 1303 2055; x_wconf 92' lang='lat' dir='ltr'>et</span> <span class='ocrx_word' id='word_1_292' title='bbox 1335 2022 1499 2068; x_wconf 82' lang='lat' dir='ltr'>Rogerus</span> <span class='ocrx_word' id='word_1_293' title='bbox 1526 2024 1665 2060; x_wconf 85' lang='lat' dir='ltr'>abbates</span> 
     </span>
     <span class='ocr_line' id='line_1_30' title="bbox 187 2072 1664 2121; baseline 0.005 -14"><span class='ocrx_word' id='word_1_294' title='bbox 187 2073 478 2108; x_wconf 83' lang='lat' dir='ltr'>monasteriorum</span> <span class='ocrx_word' id='word_1_295' title='bbox 505 2074 548 2108; x_wconf 91' lang='lat' dir='ltr'>de</span> <span class='ocrx_word' id='word_1_296' title='bbox 577 2072 724 2108; x_wconf 77' lang='lat' dir='ltr'>Pafl&#39;elet</span> <span class='ocrx_word' id='word_1_297' title='bbox 752 2079 787 2108; x_wconf 90' lang='lat' dir='ltr'>et</span> <span class='ocrx_word' id='word_1_298' title='bbox 829 2073 1052 2121; x_wconf 77' lang='lat' dir='ltr'>Crostagmol</span> <span class='ocrx_word' id='word_1_299' title='bbox 1091 2077 1223 2110; x_wconf 90' lang='lat' dir='ltr'>ordinis</span> <span class='ocrx_word' id='word_1_300' title='bbox 1252 2077 1487 2112; x_wconf 84' lang='lat' dir='ltr'>Cluniacenfis</span> <span class='ocrx_word' id='word_1_301' title='bbox 1514 2086 1552 2114; x_wconf 90' lang='lat' dir='ltr'>ut</span> <span class='ocrx_word' id='word_1_302' title='bbox 1582 2080 1664 2116; x_wconf 83' lang='lat' dir='ltr'>affe-</span> 
     </span>
     <span class='ocr_line' id='line_1_31' title="bbox 188 2129 1662 2180; baseline 0.005 -15"><span class='ocrx_word' id='word_1_303' title='bbox 188 2136 283 2170; x_wconf 88' lang='lat' dir='ltr'>runt,</span> <span class='ocrx_word' id='word_1_304' title='bbox 313 2130 406 2164; x_wconf 66' lang='lat' dir='ltr'>dicte</span> <span class='ocrx_word' id='word_1_305' title='bbox 426 2129 648 2176; x_wconf 87' lang='lat' dir='ltr'>Glasguenfis</span> <span class='ocrx_word' id='word_1_306' title='bbox 666 2129 816 2170; x_wconf 90' lang='lat' dir='ltr'>diocefis,</span> <span class='ocrx_word' id='word_1_307' title='bbox 845 2130 1073 2177; x_wconf 86' lang='lat' dir='ltr'>personaliter</span> <span class='ocrx_word' id='word_1_308' title='bbox 1103 2132 1288 2173; x_wconf 86' lang='lat' dir='ltr'>constituti,</span> <span class='ocrx_word' id='word_1_309' title='bbox 1316 2134 1471 2180; x_wconf 83' lang='lat' dir='ltr'>prefatus</span> <span class='ocrx_word' id='word_1_310' title='bbox 1500 2136 1662 2172; x_wconf 86' lang='lat' dir='ltr'>dominus</span> 
     </span>
     <span class='ocr_line' id='line_1_32' title="bbox 186 2184 1661 2233; baseline 0.005 -12"><span class='ocrx_word' id='word_1_311' title='bbox 186 2187 367 2222; x_wconf 86' lang='lat' dir='ltr'>Johannes</span> <span class='ocrx_word' id='word_1_312' title='bbox 386 2185 489 2220; x_wconf 88' lang='lat' dir='ltr'>abbas</span> <span class='ocrx_word' id='word_1_313' title='bbox 508 2187 550 2220; x_wconf 92' lang='lat' dir='ltr'>de</span> <span class='ocrx_word' id='word_1_314' title='bbox 570 2184 717 2221; x_wconf 84' lang='lat' dir='ltr'>Pafl&#39;elet</span> <span class='ocrx_word' id='word_1_315' title='bbox 734 2187 833 2233; x_wconf 91' lang='lat' dir='ltr'>petiit</span> <span class='ocrx_word' id='word_1_316' title='bbox 847 2186 904 2220; x_wconf 88' lang='lat' dir='ltr'>fibi</span> <span class='ocrx_word' id='word_1_317' title='bbox 919 2187 1074 2221; x_wconf 83' lang='lat' dir='ltr'>exhiberi</span> <span class='ocrx_word' id='word_1_318' title='bbox 1092 2188 1277 2233; x_wconf 87' lang='lat' dir='ltr'>quamdam</span> <span class='ocrx_word' id='word_1_319' title='bbox 1296 2188 1445 2223; x_wconf 85' lang='lat' dir='ltr'>litteram</span> <span class='ocrx_word' id='word_1_320' title='bbox 1467 2191 1661 2228; x_wconf 87' lang='lat' dir='ltr'>citatoriam</span> 
     </span>
     <span class='ocr_line' id='line_1_33' title="bbox 186 2241 1660 2291; baseline 0.004 -14"><span class='ocrx_word' id='word_1_321' title='bbox 186 2243 282 2277; x_wconf 73' lang='lat' dir='ltr'>dic‘to</span> <span class='ocrx_word' id='word_1_322' title='bbox 303 2241 434 2276; x_wconf 88' lang='lat' dir='ltr'>Abbati</span> <span class='ocrx_word' id='word_1_323' title='bbox 456 2242 498 2276; x_wconf 92' lang='lat' dir='ltr'>de</span> <span class='ocrx_word' id='word_1_324' title='bbox 518 2241 742 2288; x_wconf 87' lang='lat' dir='ltr'>Crosragmol</span> <span class='ocrx_word' id='word_1_325' title='bbox 760 2255 822 2289; x_wconf 89' lang='lat' dir='ltr'>per</span> <span class='ocrx_word' id='word_1_326' title='bbox 839 2242 948 2289; x_wconf 85' lang='lat' dir='ltr'>ipsum</span> <span class='ocrx_word' id='word_1_327' title='bbox 967 2243 1128 2289; x_wconf 86' lang='lat' dir='ltr'>primitus</span> <span class='ocrx_word' id='word_1_328' title='bbox 1142 2243 1343 2278; x_wconf 89' lang='lat' dir='ltr'>destinatam</span> <span class='ocrx_word' id='word_1_329' title='bbox 1358 2259 1368 2287; x_wconf 80' lang='lat'><em>3</em></span> <span class='ocrx_word' id='word_1_330' title='bbox 1388 2258 1491 2291; x_wconf 88' lang='lat' dir='ltr'>quam</span> <span class='ocrx_word' id='word_1_331' title='bbox 1509 2246 1660 2283; x_wconf 87' lang='lat' dir='ltr'>litteram</span> 
     </span>
     <span class='ocr_line' id='line_1_34' title="bbox 186 2297 1656 2346; baseline 0.005 -15"><span class='ocrx_word' id='word_1_332' title='bbox 186 2297 229 2332; x_wconf 88' lang='lat' dir='ltr'>fic</span> <span class='ocrx_word' id='word_1_333' title='bbox 246 2297 304 2332; x_wconf 91' lang='lat' dir='ltr'>fibi</span> <span class='ocrx_word' id='word_1_334' title='bbox 323 2297 486 2332; x_wconf 81' lang='lat' dir='ltr'>traditam</span> <span class='ocrx_word' id='word_1_335' title='bbox 505 2297 632 2332; x_wconf 88' lang='lat' dir='ltr'>ibidem</span> <span class='ocrx_word' id='word_1_336' title='bbox 652 2297 790 2344; x_wconf 89' lang='lat' dir='ltr'>publice</span> <span class='ocrx_word' id='word_1_337' title='bbox 808 2298 876 2344; x_wconf 79' lang='lat' dir='ltr'>legi</span> <span class='ocrx_word' id='word_1_338' title='bbox 895 2298 976 2332; x_wconf 82' lang='lat' dir='ltr'>fecit</span> <span class='ocrx_word' id='word_1_339' title='bbox 992 2313 1001 2341; x_wconf 65' lang='grc' dir='ltr'><strong><em>ς</em></strong></span> <span class='ocrx_word' id='word_1_340' title='bbox 1031 2299 1128 2346; x_wconf 87' lang='lat' dir='ltr'>cujus</span> <span class='ocrx_word' id='word_1_341' title='bbox 1146 2305 1249 2334; x_wconf 85' lang='lat' dir='ltr'>tenor</span> <span class='ocrx_word' id='word_1_342' title='bbox 1272 2301 1349 2335; x_wconf 87' lang='lat' dir='ltr'>talis</span> <span class='ocrx_word' id='word_1_343' title='bbox 1373 2300 1438 2336; x_wconf 76' lang='lat' dir='ltr'>eil&#39;e</span> <span class='ocrx_word' id='word_1_344' title='bbox 1457 2302 1656 2340; x_wconf 86' lang='lat' dir='ltr'>dinoscitur.</span> 
     </span>
     <span class='ocr_line' id='line_1_35' title="bbox 890 2357 957 2388; baseline -0.015 0"><span class='ocrx_word' id='word_1_345' title='bbox 890 2357 913 2388; x_wconf 82' lang='lat'>3</span> <span class='ocrx_word' id='word_1_346' title='bbox 932 2365 957 2387; x_wconf 87' lang='lat' dir='ltr'>H</span> 
     </span>
    </p>
   </div>
  </div>
 </body>
</html>
