1839 2652
733 273 803 307 DE
837 273 1107 309 PASSELET.
1592 284 1662 319 ‘277

176 373 327 402 remotas
345 368 467 402 mundi
485 375 612 415 parteS,
641 370 803 415 exigente
822 369 922 417 ipfius
943 370 1073 405 Prioris
1091 377 1125 406 et
1144 372 1275 406 ordinis
1294 370 1529 406 Cluniacenfis
1546 371 1659 419 fingu-

176 423 370 470 lariumque
389 423 614 471 personarum
631 425 785 472 ejusdem
802 427 951 461 utilitate
964 425 1021 461 seu
1034 426 1241 468 necestitate,
1262 428 1386 462 habeat
1400 428 1512 463 facere
1525 430 1657 475 portari

176 486 210 514 et
227 480 408 527 publicari,
442 486 476 515 et
496 481 532 514 in
550 481 732 528 portandis
750 482 808 516 seu
826 483 1005 516 mittendis
1023 483 1124 517 dietis
1142 484 1267 518 litteris
1284 484 1464 531 papalibus
1483 485 1658 531 originali-

176 535 239 570 bus
265 541 304 570 ut
323 537 548 583 premittitur,
577 542 722 583 propter
741 538 876 572 viarum
895 537 1102 579 discrimina,
1123 539 1279 574 incursus
1305 540 1514 587 predonum,
1543 548 1658 588 rapto-

176 604 264 632 rum,
295 605 463 638 aquarum
482 592 539 627 seu
557 593 705 627 fluvium
724 593 884 640 impetus,
904 593 962 628 seu
982 595 1066 628 alios
1085 594 1179 629 casus
1196 596 1361 630 fortuitos
1380 601 1414 630 et
1432 597 1655 643 periculosos,

175 647 276 695 super
295 649 503 695 perditione,
525 649 760 683 destructione
778 649 836 683 seu
855 648 1031 684 amiffione
1050 651 1223 685 dictarum
1243 652 1505 699 apostolicarum
1527 653 1657 688 littera-

175 717 253 738 rum
272 705 392 739 timeat
409 704 467 738 fibi
495 710 529 738 et
555 705 650 738 dic'to
670 705 784 738 ordini
804 704 1024 739 Cluuiacenfi
1042 719 1081 740 ac
1098 706 1238 753 :lingulis
1256 707 1410 754 personis
1429 708 1592 755 ejusdem,
1622 716 1656 744 et

174 772 247 793 nou
266 760 440 794 immerito
468 760 633 794 formidet
653 760 734 794 inde
752 759 811 793 fibi
831 766 865 794 et
884 761 999 794 ordini
1018 775 1144 808 magna
1175 768 1209 796 et
1237 763 1371 797 diversa
1396 765 1552 810 pericula
1577 778 1656 812 pro-

174 816 294 849 venire
310 830 319 858 3
349 816 448 849 nobis
466 821 505 849 ut
524 814 716 850 Ordinario
734 815 818 850 ville
849 821 883 849 et
912 816 1052 851 diocefis
1084 816 1275 852 Parifienfis
1293 819 1472 853 humiliter
1489 819 1656 867 supplica-

173 872 233 912 vit,
254 877 292 905 ut
311 872 422 906 eidem
442 871 543 918 super
561 872 625 905 hiis
656 872 698 905 de
727 876 904 917 oportuno
923 873 1078 907 remedio
1105 874 1341 920 providentes,
1371 875 1512 921 prefatis
1532 876 1655 910 litteris

172 927 364 973 apostolicis
387 928 483 974 prius
501 940 564 974 per
583 940 645 961 nos
665 925 749 967 vifis,
770 927 916 974 palpatis
935 933 970 962 et
988 928 1175 974 diligenter
1194 931 1407 970 examinatis,
1428 931 1654 976 dignaremur

172 997 228 1018 eas
258 997 301 1018 ex
330 983 434 1018 caufis
462 984 630 1031 prediEtis
660 984 826 1018 mandare
857 984 1067 1018 auctoritate
1098 985 1275 1019 ordinaria
1293 986 1494 1032 exemplari,
1528 992 1561 1021 et
1592 1000 1654 1034 per

171 1039 396 1074 tabellionem
414 1040 591 1087 publicum
610 1040 646 1074 in
664 1040 811 1073 formam
830 1040 1005 1086 publicam
1021 1046 1055 1074 et
1070 1040 1130 1074 sub
1148 1039 1258 1087 figillo
1277 1042 1372 1076 curie
1390 1042 1581 1076 Parilienfis
1601 1056 1651 1078 re-

171 1096 252 1143 digi,
283 1102 323 1131 ut
350 1109 412 1143 per
430 1097 493 1130 hec
519 1096 665 1131 eandem
697 1096 944 1130 auctoritatem
975 1096 1044 1143 ipsa
1072 1097 1284 1144 exemplaria
1314 1111 1392 1131 cum
1425 1099 1652 1145 originalibus

171 1152 381 1186 obtinerent.
435 1152 511 1186 Nos
536 1165 622 1186 vero
648 1152 869 1186 attendentes
896 1153 1100 1198 petitionem
1133 1159 1167 1187 et
1197 1153 1484 1200 supplicationem
1503 1156 1652 1201 prefatas

171 1208 237 1244 effe
256 1209 423 1244 consonas
440 1210 580 1250 rationi,
598 1210 740 1257 prefatis
758 1210 882 1243 litteris
900 1208 1093 1256 apostolicis
1111 1222 1173 1255 per
1184 1222 1248 1243 nos
1262 1223 1341 1243 cum
1361 1210 1539 1256 diligentia
1557 1212 1652 1258 prius

170 1264 255 1306 vifis,
276 1266 422 1312 palpatis
442 1271 476 1300 et
495 1266 709 1306 examinatis,
731 1265 844 1311 eisque
864 1265 1103 1299 indubitanter
1122 1266 1267 1312 repertis
1282 1266 1383 1305 veris,
1403 1266 1558 1312 integris,
1580 1280 1651 1300 non

169 1322 307 1362 vitiatis,
340 1334 412 1355 non
430 1322 577 1362 abolitis,
606 1334 679 1355 non
699 1322 882 1368 corruptis,
902 1334 967 1355 nec
986 1321 1022 1354 in
1040 1321 1154 1367 aliqua
1172 1321 1221 1355 sui
1239 1328 1336 1368 parte
1363 1321 1537 1368 suspectis,
1565 1322 1651 1369 ipsas

170 1379 302 1413 litteras
321 1378 532 1425 apostolicas,
561 1378 659 1413 cause
678 1378 879 1424 cognitione
905 1377 1007 1423 super
1025 1377 1087 1411 hac
1105 1377 1326 1423 precedente,
1357 1378 1598 1412 mandavimus
1617 1385 1651 1413 et

169 1436 313 1469 fecimus
331 1435 542 1470 auctoritate
561 1435 737 1468 ordinaria
755 1439 790 1468 et
807 1433 868 1468 sub
886 1433 994 1480 figillo
1014 1434 1109 1468 curie
1139 1433 1330 1468 Parifienfis
1347 1446 1411 1480 per
1430 1433 1650 1468 Guilelmum

170 1490 359 1538 Marpaudi
379 1491 555 1531 clericum,
586 1491 762 1524 notarium
780 1490 970 1536 publicum,
1000 1488 1225 1536 solempniter
1244 1489 1433 1536 exemplari
1460 1496 1494 1523 et
1520 1491 1555 1523 in
1582 1491 1650 1524 for-

168 1560 260 1581 mam
290 1547 465 1594 publicam
496 1546 618 1592 redigi.
672 1546 781 1587 Quod
811 1546 952 1592 quidem
981 1545 1159 1592 exemplar
1189 1546 1335 1581 eandem
1367 1551 1407 1579 ut
1436 1547 1650 1592 premittitur

168 1603 413 1637 auctoritatem
433 1608 467 1637 et
484 1603 683 1636 firmitatem
704 1607 909 1648 perpetuam
927 1614 990 1648 per
1008 1601 1072 1635 hec
1091 1614 1171 1635 cum
1190 1601 1417 1647 originalibus
1437 1602 1595 1637 obtinere
1615 1609 1648 1636 et

167 1659 294 1694 habere
313 1659 541 1699 decrevimus,
574 1658 784 1692 auctoritate
803 1657 980 1691 ordinaria
1005 1658 1041 1691 in
1068 1657 1132 1691 hiis
1149 1656 1292 1704 scriptis.
1346 1658 1390 1692 In
1409 1671 1558 1704 quorum
1578 1672 1649 1693 om-

167 1715 263 1749 nium
283 1714 528 1755 testimonium,
558 1714 733 1761 predififfls
751 1713 884 1747 litteras
902 1713 1102 1760 apostolicas
1128 1726 1190 1760 per
1218 1714 1437 1748 Guilelmum
1459 1714 1649 1762 Marpaudi

168 1771 343 1804 notarium
374 1771 551 1817 publicum
583 1770 837 1817 infrascriptum
869 1770 1059 1816 exemplari
1088 1775 1122 1804 et
1151 1769 1331 1804 transcribi
1361 1776 1401 1804 ut
1434 1772 1649 1817 premittitur

167 1826 418 1866 mandavimus,
439 1832 473 1860 et
491 1825 589 1872 figilli
608 1826 702 1860 curie
718 1825 831 1860 nostre
846 1824 1050 1866 Parifienfis,
1070 1838 1141 1859 una
1153 1838 1231 1860 cum
1246 1824 1341 1872 ligno
1354 1832 1388 1860 et
1400 1825 1648 1873 subscriptione

167 1882 252 1916 dicti
270 1882 408 1921 notarii,
428 1881 571 1915 fecimus
590 1880 797 1928 appenfione
812 1881 952 1916 muniri.
1007 1882 1102 1916 Afim
1115 1882 1260 1916 fuerunt
1274 1882 1337 1916 hec
1354 1881 1497 1921 Parifiis,
1519 1883 1554 1916 in
1569 1882 1647 1916 loco

167 1936 226 1971 ubi
260 1935 376 1971 causas
404 1936 479 1983 post
508 1937 693 1983 prandium
724 1937 845 1971 audire
876 1937 1128 1978 consuevimus,
1164 1951 1256 1972 anno
1289 1938 1436 1971 Domini
1467 1937 1646 1972 millesimo

168 1992 265 2027 CCC
283 1992 391 2032 xxiiii,
412 1993 467 2027 die
486 1992 568 2026 lune
587 1992 660 2039 post
677 1992 798 2027 festum
821 1993 913 2028 beati
933 1993 1028 2028 Petri
1045 1994 1089 2028 ad
1108 1994 1257 2033 vincula,
1279 1994 1472 2027 indififione
1490 1993 1644 2040 septima,

167 2054 201 2082 et
231 2049 454 2095 pontificatus
472 2047 667 2082 sanctissimi
693 2049 800 2095 patris
830 2055 864 2083 et
893 2049 1025 2083 domini
1056 2049 1163 2083 nostri
1194 2049 1326 2082 domini
1356 2048 1379 2083 J
1382 2048 1528 2082 ohannis
1558 2061 1645 2095 pape

166 2104 316 2150 predicti
334 2117 427 2138 anno
446 2105 584 2138 ofitavo.

263 2159 310 2194 Et
338 2172 403 2205 ego
435 2159 636 2195 Guilelmus
654 2159 845 2207 Marpaudi
864 2160 1019 2201 clericus,
1041 2159 1264 2194 Abrincenfis
1293 2158 1443 2199 diocefis,
1472 2159 1642 2206 publicus,

260 2214 466 2249 sacrosancti
481 2215 634 2249 Romani
648 2215 782 2262 imperii
796 2216 1017 2256 auctoritate,
1031 2228 1070 2249 ac
1087 2215 1288 2256 Parifienfis,
1305 2214 1643 2261 conservationisque

261 2270 527 2318 privilegiorum
548 2269 778 2305 universitatis
796 2269 947 2317 ejusdem
960 2272 1028 2306 loci
1039 2272 1226 2312 curiarum,
1246 2272 1403 2305 notarius
1415 2271 1565 2318 juratus,
1586 2274 1645 2317 qui

260 2327 458 2373 predictum
477 2326 656 2373 exemplar
673 2326 732 2361 seu
751 2326 995 2374 transcriptum
1015 2327 1057 2362 de
1077 2327 1178 2362 dictis
1197 2327 1320 2362 litteris
1334 2327 1525 2375 apostolicis
1540 2329 1642 2374 origi-
