1870 2683
234 296 305 327 344
629 287 944 324 REGISTRUM
974 287 1313 324 MONASTERII

235 389 320 423 nino
339 387 520 422 hominum
539 385 641 420 liceat
655 385 745 419 hanc
762 385 924 431 paginam
943 384 1057 419 nostre
1084 385 1359 420 confirmationis
1378 391 1412 420 et
1429 389 1713 423 communitionis

236 445 425 489 infringere
444 441 500 476 vel
518 442 550 476 ei
567 440 651 475 ausu
669 441 856 475 temerario
875 441 1060 475 contraire.
1114 441 1149 475 Si
1167 440 1244 487 quis
1269 447 1387 476 autem
1414 442 1480 477 hoc
1506 449 1712 492 attemptare

234 498 464 547 presumserit,
497 497 776 544 indignationem
795 496 1045 543 omnipotentis
1065 497 1135 531 Dei
1153 509 1193 531 ac
1210 497 1392 532 beatorum
1423 498 1519 533 Petri
1549 506 1582 534 et
1614 500 1711 535 Pauli

233 554 467 602 apostolorum
486 553 560 600 ejus
590 552 623 587 se
655 553 794 587 noverit
824 551 1056 587 incursurum.
1109 553 1243 587 Datum
1273 553 1388 588 Rome
1419 555 1512 601 apud
1544 556 1712 591 Sanctum

236 613 380 647 Petrum
399 624 492 646 anno
510 611 758 645 incarnationis
776 610 950 644 dominice
970 608 1148 644 millesimo
1167 609 1506 656 quadringentesimo
1525 612 1713 658 octuagesi-

234 681 291 703 mo
309 668 425 708 tertio,
445 668 550 702 tertio
570 667 655 702 Idus
672 667 842 707 Januarii,
863 667 1086 714 pontificatus
1104 665 1210 700 nostri
1229 679 1323 700 anuo
1342 667 1597 702 tertiodecimo.

235 837 521 885 Tranfl'umptum
540 837 816 872 confirmationis
834 838 1051 872 taxationum
1071 836 1289 871 ecclesiarum
1310 837 1352 871 de
1373 836 1517 872 Passeto.

234 949 514 985 UNIVERSIS
536 949 662 984 Christi
680 950 841 984 fidelibus
859 955 929 984 tam
948 948 1164 997 presentibus
1194 962 1297 996 quam
1317 950 1443 984 futuris
1461 950 1600 998 presens
1617 957 1711 986 tran-

232 1005 398 1053 scriptum
416 1006 595 1053 publicum
614 1006 820 1052 inspechiris
839 1006 971 1052 Symon
990 1006 1032 1040 de
1051 1004 1410 1052 Dalgleffprecentor
1428 1013 1463 1041 et
1481 1007 1635 1041 officialis
1653 1020 1710 1053 ge-

232 1062 359 1096 neralis
378 1061 599 1108 Glasguenfis
618 1061 761 1096 salutem
780 1062 815 1095 in
834 1061 950 1095 salutis
968 1062 1114 1096 auctore
1133 1068 1167 1096 et
1185 1063 1290 1096 fidem
1303 1063 1481 1097 indubiam
1494 1064 1710 1111 presentibus

232 1118 407 1153 adhibere.
461 1118 640 1153 Noveritis
658 1118 753 1164 quod
771 1118 806 1151 in
824 1117 997 1164 presentia
1014 1118 1129 1152 nostra
1141 1118 1321 1165 religiosus
1336 1120 1388 1153 vir
1403 1120 1564 1153 dominus
1579 1120 1711 1155 Johan-

231 1187 293 1209 nes
307 1173 433 1209 Mouff
443 1175 635 1208 monachus
649 1173 844 1208 monasterii
857 1174 899 1208 de
914 1173 1058 1214 Passeto,
1081 1173 1316 1208 Cluniacenfis
1330 1175 1473 1215 ordinis,
1488 1175 1709 1222 Glasguenlis

232 1230 384 1271 diocesis,
405 1237 439 1265 et
458 1231 620 1265 dominus
634 1230 815 1266 Johannes
832 1231 875 1264 de
891 1229 1104 1276 Murington
1116 1230 1281 1276 presbiter
1296 1229 1448 1277 ejusdem
1463 1231 1614 1272 diocesis,
1634 1231 1709 1279 syn-

231 1288 298 1322 dici
317 1293 351 1322 et
368 1293 614 1334 procuratores
632 1286 840 1321 venerabilis
866 1286 901 1319 in
930 1285 1065 1320 Christo
1084 1288 1191 1333 patris
1211 1286 1360 1321 Henrici
1380 1287 1449 1321 Dei
1467 1288 1635 1334 patientia
1653 1289 1710 1323 ab·

228 1344 316 1378 batis
335 1344 378 1378 de
398 1342 531 1377 Passeto
551 1349 585 1377 et
603 1342 755 1390 ejusdem
774 1342 841 1376 loci
861 1347 1066 1382 conventus,
1086 1341 1315 1389 personaliter
1333 1342 1520 1384 constituti,
1543 1356 1708 1390 procura-

230 1401 321 1434 torio
339 1401 482 1434 nomine
500 1413 569 1446 quo
588 1399 690 1447 supra
708 1399 886 1433 humiliter
906 1399 1081 1446 petierunt
1100 1405 1271 1444 quatenus
1284 1399 1418 1434 litteras
1432 1401 1707 1436 confirmationis

228 1456 429 1504 apostolicas
447 1470 467 1490 a
485 1456 664 1490 nonnullis
687 1455 848 1489 Romane
875 1460 910 1489 et
938 1454 1140 1489 universalis
1158 1454 1297 1490 ecclefie
1315 1455 1455 1490 summis
1486 1458 1707 1503 pontificibus

229 1513 392 1547 videlicet
420 1512 599 1558 Gregorio
626 1512 675 1546 ix⁰
694 1518 728 1546 et
752 1511 936 1546 Clemente
964 1516 1099 1557 quarto,
1120 1524 1203 1545 vera
1222 1511 1317 1546 bulla
1333 1512 1497 1559 plumbea
1515 1526 1612 1548 more
1633 1514 1706 1549 Ro-

227 1582 329 1603 mane
348 1567 485 1603 ecclefie
505 1568 662 1608 bullatas,
694 1567 791 1602 sanas
810 1573 844 1601 et
862 1568 1025 1613 integram,
1046 1566 1227 1601 suceeflive
1246 1567 1428 1609 concessas,
1459 1574 1494 1603 et
1515 1569 1651 1604 Decani
1671 1580 1705 1606 et

229 1625 371 1672 capituli
383 1622 521 1659 ecclesie
537 1622 769 1670 Glasguenfis,
790 1623 890 1670 super
904 1626 1082 1657 taxatione
1100 1624 1307 1658 vicariarum
1326 1637 1409 1669 quas
1428 1625 1519 1658 idem
1539 1626 1705 1661 monaste-

228 1682 318 1715 rium
338 1681 380 1715 de
401 1679 533 1714 Passeto
553 1679 687 1714 obtinet
718 1680 753 1713 in
784 1679 908 1714 diocefi
927 1678 1142 1726 Glalgiienfi‚
1163 1679 1338 1714 occasione
1357 1681 1501 1715 materie
1520 1681 1705 1727 questionis

228 1736 374 1784 desuper
392 1736 483 1770 inter
501 1736 648 1770 colende
675 1737 842 1770 memorie
863 1735 1057 1770 W'alterum
1085 1734 1306 1782 Glasguenfis
1337 1735 1474 1771 ecclefie
1506 1737 1702 1785 episcopum

228 1807 271 1828 ex
284 1806 365 1834 una,
386 1798 420 1827 et
431 1792 608 1839 quondam
625 1791 825 1826 Wilelmum
840 1791 998 1826 abbatem
1014 1792 1098 1826 dic-”ti
1114 1792 1310 1826 monasterii
1326 1798 1360 1826 et
1377 1792 1530 1838 ejusdem
1543 1793 1609 1828 loci
1623 1807 1704 1828 con-

226 1855 371 1884 ventum
384 1855 517 1888 exorte,
531 1848 687 1895 partibus
701 1848 743 1882 ab
755 1848 874 1888 altera,
892 1861 953 1895 per
966 1854 1078 1882 certos
1092 1854 1268 1882 taxatores
1283 1861 1325 1882 ex
1338 1848 1580 1896 compromisso
1594 1856 1629 1884 et
1641 1863 1703 1884 un-

227 1906 334 1940 animi
352 1904 517 1940 consensu
535 1903 713 1950 utriusque
731 1905 837 1951 partis
855 1905 1013 1951 prediEte
1032 1905 1177 1951 provide
1195 1905 1421 1939 limitatarum
1441 1911 1475 1940 et
1493 1911 1700 1947 taxatarum,

227 1975 330 2009 quam
348 1962 561 1996 taxationem
580 1966 728 2006 utraque
746 1974 824 2007 pars
842 1961 1001 2007 predicta
1017 1960 1138 2007 sponte
1157 1966 1196 1994 ut
1214 1974 1342 2007 equum
1371 1961 1553 1996 arbitrium
1572 1964 1701 2010 recepit

228 2025 262 2053 et
280 2024 391 2052 ratam
410 2017 539 2057 habuit,
569 2030 686 2051 coram
704 2017 803 2051 nobis
822 2017 1001 2057 exhibitas,
1034 2030 1106 2051 non
1125 2017 1342 2058 cancellatas,
1372 2031 1445 2052 non
1462 2019 1609 2059 vitiatas,
1629 2032 1702 2053 non

227 2074 382 2114 abolitas,
410 2086 483 2108 non
501 2073 644 2113 abrasas,
673 2086 737 2108 nec
756 2073 791 2107 in
809 2073 923 2119 aliqua
941 2073 990 2107 sui
1008 2080 1106 2120 parte
1125 2073 1306 2120 suspectas,
1339 2080 1379 2108 ut
1397 2075 1509 2121 prima
1525 2075 1611 2109 facie
1630 2088 1701 2109 om-

227 2131 311 2164 nino
329 2129 528 2177 apparebat,
560 2142 624 2164 nos
642 2130 807 2177 inspicere
827 2129 1032 2164 deberemus
1051 2136 1085 2164 et
1104 2130 1274 2177 inspectas
1301 2130 1491 2171 transcribi,
1519 2131 1700 2178 transcrip-

227 2186 343 2231 tasque
370 2187 405 2220 in
436 2186 609 2233 publicam
637 2187 785 2220 formam
817 2186 928 2232 redigi
964 2186 1167 2226 faceremus,
1209 2187 1490 2233 ai16toritateque
1525 2187 1700 2221 ordinaria

228 2243 417 2289 exemplari
435 2243 602 2277 mandare
619 2243 856 2289 dignaremur,
871 2255 950 2277 cum
965 2242 1009 2276 ob
1022 2242 1218 2277 discrimina
1236 2243 1371 2277 viarum
1387 2250 1421 2277 et
1437 2243 1592 2277 incursus
1608 2243 1701 2276 forte

226 2298 422 2345 predonum
441 2298 500 2333 seu
518 2299 702 2333 fluminum
721 2299 872 2346 impetus
889 2305 949 2333 aut
967 2299 1052 2333 alios
1070 2299 1164 2333 casus
1191 2299 1363 2339 fortuitos,
1396 2306 1430 2334 et
1461 2299 1697 2334 difficultatem

225 2354 450 2401 probationis,
482 2354 602 2389 Abbas
620 2360 653 2389 et
672 2361 867 2389 conventus
885 2355 968 2389 diffi
989 2354 1185 2389 monasterii
1204 2355 1246 2389 de
1267 2354 1398 2389 Palleto
1426 2369 1445 2390 a
1469 2355 1550 2402 jure
1568 2354 1629 2389 suo
1646 2368 1700 2388 ca-
