1839 2652
724 240 796 276 DE
824 234 1095 274 PASSELET.
1586 233 1651 264 141

171 345 219 382 est
234 360 243 389 3
274 341 519 379 CLEMENS
538 338 718 388 episcopus
747 337 866 372 sei-vus
892 335 1072 370 servorum
1103 330 1174 366 Dei
1206 327 1342 363 dilectis
1372 327 1451 361 filiis
1480 326 1523 360 de
1552 325 1655 359 Dun-

171 401 344 448 fermelyn
363 406 398 434 et
416 399 459 433 de
479 397 600 445 Cupro
628 409 668 430 ac
698 395 742 429 de
768 391 947 428 Neubotle
968 388 1088 424 saneti
1108 386 1254 421 Andree
1273 382 1415 419 diocefis
1433 381 1656 416 monasterio-

172 471 251 493 rum
268 456 463 492 Abbatibus
482 453 626 489 salutem
646 457 680 486 et
698 450 919 498 apostolicam
934 444 1230 481 benedictionem.
1284 441 1330 475 Et
1345 439 1367 474 fi
1380 437 1585 486 quibussibet
1604 450 1656 471 re-

173 514 298 562 ligiosis
315 512 471 562 personis
490 517 524 545 et
542 509 628 544 locis
646 521 690 543 ex
707 506 866 554 injmffihe
895 503 995 538 nobis
1024 500 1199 536 servitutis
1229 497 1344 532 officio
1375 495 1521 530 assistere
1539 494 1657 528 defen-

173 571 276 607 sionis
293 568 440 618 presidio
458 574 655 605 teneamur,
683 564 751 598 illis
768 568 886 596 tamen
905 558 1084 606 specialius
1111 562 1146 591 et
1173 554 1346 590 efficacius
1364 550 1476 586 adeffe
1495 564 1558 585 nos
1577 562 1658 584 con-

174 629 272 664 venit
289 627 348 674 qui
366 625 437 660 sedi
455 622 640 671 apostolice
659 619 859 654 immediate
877 614 1023 662 subjefifi
1054 625 1127 647 non
1157 611 1286 646 liabent
1316 614 1433 656 preter
1454 607 1656 641 Romanum

174 684 377 733 pontificem
395 681 503 715 alium
522 675 750 713 defensorem.
804 674 894 708 Sane
926 670 1137 705 dilectorum
1167 667 1320 701 filiorum
1340 664 1489 698 Abbatis
1515 667 1550 697 et
1577 674 1658 696 eon-

175 747 302 776 ventus
320 736 515 774 monasterii
536 730 772 769 Cluniacensis
790 731 834 764 ad
854 729 1053 763 Romanam
1073 723 1249 759 eccleliam
1279 722 1379 756 nullo
1407 720 1523 754 medio
1554 718 1659 766 perti-

176 798 303 835 nentis,
346 789 608 829 Matisconenfis
637 787 789 828 dioceiis,
825 797 965 820 necnon
984 782 1159 821 abbatum,
1190 780 1350 827 priorum
1381 784 1416 812 et
1447 777 1659 811 decanorum

177 852 477 889 monasteriorum,
505 848 725 895 prioratuum
745 850 780 879 et
799 843 1033 877 decanatuum
1053 834 1289 873 Cluuiacenfis
1308 835 1439 869 ordinis
1458 839 1492 868 et
1510 845 1662 867 conven-

177 917 277 944 tuum
306 906 501 942 eorundem
527 901 785 948 conquestione,
815 898 1026 946 percipimus
1054 894 1148 941 quod
1167 892 1331 927 nonnulli
1349 889 1596 937 archiepiscopi
1627 894 1661 922 et

178 963 340 1012 episcopi,
359 961 510 1000 abbates,
530 959 665 1007 priores
682 962 718 991 et
735 956 794 990 alii
812 954 929 989 clerici
947 959 982 988 et
1000 950 1221 987 ecclesiastice
1247 947 1394 997 persone
1413 953 1484 981 tam
1503 944 1661 992 religiose

179 1033 283 1068 quain
314 1017 496 1057 seculares,
524 1026 665 1050 necnon
685 1013 801 1052 duces,
822 1011 966 1045 comites
985 1015 1020 1043 et
1038 1008 1198 1047 barones,
1227 1005 1354 1040 milites
1372 1010 1407 1038 et
1424 1001 1664 1038 universitates

179 1090 218 1112 ac
235 1075 426 1121 singulares
444 1070 592 1119 persone
610 1070 792 1104 civitatum
812 1075 846 1102 et
864 1064 1040 1101 diocesum
1059 1078 1099 1099 ac
1110 1064 1261 1111 partium
1280 1062 1474 1096 vicinarum
1490 1060 1525 1093 in
1540 1059 1664 1105 quibus

180 1133 315 1168 dictum
329 1129 575 1165 monasterium
591 1132 625 1161 et
639 1131 756 1160 cetera
769 1122 986 1162 monasteria,
997 1122 1183 1169 prioratus,
1201 1120 1400 1157 decanatus,
1411 1118 1535 1151 domus
1550 1121 1584 1150 et
1599 1116 1666 1150 alia

181 1190 259 1224 loca
277 1193 312 1222 et
330 1186 486 1221 membra
513 1184 626 1218 eidem
655 1181 864 1216 monasterio
895 1176 1114 1214 Cluniacensi
1133 1176 1298 1224 subjefiffl,
1331 1173 1511 1209 confistere
1531 1171 1666 1219 dignos-

183 1250 323 1284 cuntur,
351 1246 569 1289 occuparunt
588 1245 622 1274 et
641 1237 805 1284 occupari
832 1236 993 1270 fecerunt
1024 1235 1159 1274 domos,
1188 1231 1355 1271 ecclesias,
1392 1230 1565 1277 grangias,
1594 1242 1666 1263 nio-

183 1301 336 1340 lendina,
366 1299 527 1338 decimas,
556 1295 783 1333 obedientias,
812 1291 945 1331 casalia,
973 1296 1095 1331 terras,
1123 1290 1254 1329 vineas,
1274 1286 1504 1336 polsessiones,
1534 1286 1665 1325 census,

184 1358 342 1393 redditus
362 1361 396 1390 et
414 1358 617 1402 proventus,
640 1349 903 1398 jurisdictiones
930 1353 966 1382 et
989 1347 1083 1394 jura,
1113 1352 1147 1381 et
1170 1345 1347 1380 nonnulla
1364 1344 1457 1378 bona
1474 1343 1616 1377 mobilia
1633 1348 1668 1377 et

185 1413 387 1453 immobilia,
417 1411 459 1445 ad
487 1410 622 1444 dictum
640 1408 758 1441 locuni
777 1403 1045 1441 Cluniacenseni
1077 1408 1111 1437 et
1129 1403 1197 1437 alia
1214 1400 1422 1436 monasteria
1439 1399 1498 1434 fibi
1515 1398 1669 1446 subjeeta

186 1483 324 1505 necnon
343 1469 530 1516 prioratus,
551 1466 740 1500 decanatus
758 1468 793 1497 et
812 1463 935 1496 domos
954 1466 989 1495 et
1007 1460 1073 1494 alia
1091 1458 1262 1506 prelibata
1280 1457 1354 1504 ejus
1382 1456 1548 1496 membra,
1578 1454 1669 1502 spec-

186 1527 307 1566 tantia,
336 1532 370 1559 et
389 1537 430 1559 ea
448 1523 609 1558 detinent
637 1520 791 1554 indebite
821 1522 990 1564 occupata
1018 1515 1077 1550 seu
1109 1515 1231 1549 eadem
1263 1513 1500 1548 detinentibus
1518 1512 1670 1559 prestant

186 1583 367 1622 auxilium,
397 1578 577 1615 confilium
608 1583 642 1612 et
670 1577 852 1618 favorem3
880 1572 1045 1609 nonnulli
1074 1572 1178 1607 etiam
1206 1570 1359 1618 partium
1379 1568 1592 1603 diversarum
1611 1568 1670 1614 qui

189 1652 319 1674 nomen
337 1636 488 1672 Domini
506 1636 695 1669 invacuuin
714 1632 869 1679 recipere
898 1643 971 1664 non
1001 1629 1202 1668 formidant,
1232 1627 1335 1661 dietis
1352 1625 1532 1660 abbatibus
1551 1630 1586 1658 et
1604 1625 1672 1672 pri-

189 1696 307 1731 oribus
326 1708 364 1729 ac
383 1693 524 1728 decanis
542 1697 576 1726 et
594 1688 826 1725 conventibus
844 1686 1134 1721 monasteriorum
1163 1689 1198 1719 et
1225 1683 1446 1731 prioratuum
1465 1681 1670 1721 eorundem,

190 1754 224 1786 in
244 1750 402 1790 ecclefiis‚
423 1748 589 1796 grangiis,
610 1745 832 1784 molendinis,
853 1743 1006 1783 decimis,
1035 1741 1212 1781 casalibus,
1233 1739 1358 1780 castris,
1387 1739 1499 1778 terris,
1515 1736 1674 1785 jurisdic-

190 1808 355 1848 tionibus,
370 1806 522 1854 juribus,
541 1804 642 1838 bonis
660 1808 695 1837 et
712 1801 817 1836 rebus
834 1801 909 1834 aliis
923 1799 966 1833 ad
981 1798 1198 1838 monasteria,
1218 1797 1394 1844 prioratus
1409 1800 1443 1829 et
1458 1795 1581 1829 domos
1598 1806 1675 1841 pre-

192 1865 287 1899 dicta
312 1861 560 1911 spenstaiitibus,
589 1858 799 1906 multiplices
817 1855 988 1891 molestias
1019 1861 1054 1890 et
1084 1854 1227 1902 injurias
1246 1853 1404 1887 inferunt
1432 1857 1467 1886 et
1489 1851 1673 1898 jacturam

193 1921 325 1962 Quare,
357 1931 421 1966 pro
440 1922 538 1965 parte
557 1916 734 1950 di6torum
755 1912 903 1948 Abbatis
930 1918 965 1947 et
991 1917 1186 1946 conventus
1204 1908 1357 1958 ejusdem
1376 1907 1573 1942 monasterii
1593 1906 1676 1940 Clu-

193 1974 369 2015 niacensis,
389 1974 489 2008 nobis
507 1972 623 2007 extitit
641 1970 820 2005 humiliter
837 1968 1068 2016 supplicatum
1082 1974 1132 2008 ut,
1149 1980 1229 2002 cum
1243 1966 1344 2000 valde
1357 1964 1495 1998 difficile
1508 1963 1677 1997 reddatur

194 2032 321 2067 eisdem
350 2036 384 2065 et
413 2030 487 2064 aliis
505 2028 696 2067 abbatibus,
716 2025 902 2074 prioribus,
923 2025 1062 2059 decanis
1081 2030 1114 2058 et
1131 2035 1253 2058 eorum
1273 2021 1436 2055 membris
1454 2032 1518 2066 pro
1536 2018 1677 2065 singulis

194 2087 344 2135 querelis
372 2087 416 2120 ad
445 2084 665 2132 apostolicam
692 2082 807 2117 sedern
837 2081 966 2116 habere
984 2079 1173 2119 recursum,
1205 2077 1390 2125 providere
1417 2076 1464 2110 eis
1490 2074 1592 2121 super
1610 2075 1677 2109 hoc

195 2152 341 2194 paterna
358 2143 538 2189 diligentia
554 2152 767 2180 curaremus,
788 2138 864 2173 Nos
881 2139 1008 2185 igitur,·
1020 2134 1294 2170 consideratione
1313 2130 1470 2166 carissimi
1492 2131 1554 2165 filii
1572 2130 1679 2165 nostri

196 2204 233 2237 in
252 2199 388 2236 Christo
409 2198 560 2245 Philippi
577 2197 669 2243 regis
687 2195 834 2230 Francie
852 2194 1001 2233 illustris,
1029 2192 1130 2238 super
1148 2191 1212 2224 liiis
1230 2189 1330 2223 nobis
1355 2187 1535 2222 humiliter
1552 2186 1679 2235 suppli-

198 2258 318 2298 cantis,
338 2256 399 2291 illo
417 2255 586 2294 volentes,
607 2250 769 2287 adversus
787 2256 1025 2297 occupatores,
1045 2248 1257 2285 detentores,
1283 2243 1519 2278 molestatores
1538 2249 1573 2278 et
1590 2244 1679 2291 inju-

199 2315 344 2349 riatores
362 2310 570 2359 hujusmodi,
590 2309 638 2345 eis
668 2307 824 2343 remedio
841 2305 1035 2345 subvenire,
1067 2315 1130 2350 per
1157 2302 1252 2349 quod
1270 2300 1422 2349 ipsorum
1441 2299 1679 2348 compescatur
