1870 2683
175 273 196 302 4
205 271 213 302 l
223 271 247 302 O
576 263 892 299 REGISTRUM
919 262 1258 298 MONASTERII

182 363 313 398 Prioris
330 362 378 396 sui
398 360 571 395 discedere
587 374 597 402 ;
626 359 858 394 discedentem
879 372 963 393 vero
981 358 1106 404 absque
1125 359 1303 393 communi
1321 359 1516 393 litterarum
1531 359 1654 394 vestra-

181 432 259 454 rum
278 418 450 457 cautione,
469 414 530 450 nifi
547 416 590 450 ad
609 415 773 450 artiorem
792 414 997 460 religionem
1018 415 1170 450 voluerit
1188 414 1443 461 transmigrare,
1463 415 1580 449 nullus
1597 429 1657 450 au-

183 476 262 509 deat
280 474 443 508 retinere.
495 472 588 506 Cum
607 476 724 505 autem
742 470 972 505 interdifitum
989 471 1153 517 generale
1172 477 1265 506 terre
1283 471 1400 511 fuerit,
1427 471 1530 505 liceat
1547 471 1655 511 vobis,

184 529 302 565 claufis
314 528 442 575 januis,
469 540 543 562 non
571 525 713 574 pulsatis
730 526 959 567 tintinabulis,
992 526 1135 562 exclufis
1154 528 1349 562 interdictis
1368 533 1403 562 et
1422 528 1658 562 excommuni-

184 586 278 626 catiS‚
306 582 480 632 suppreffa
497 596 595 623 voce,
627 583 746 617 divina
773 581 886 616 officia
913 583 1101 618 celebrare.
1154 583 1377 631 Sepulturam
1403 596 1541 630 quoque
1559 581 1661 630 ipfius

184 642 253 676 loci
270 641 415 675 liberam
434 638 500 674 efl'e
519 639 742 681 concedimus
759 643 799 672 ut
817 650 940 673 eorum
959 639 1139 673 devotioni
1167 646 1202 674 et
1230 645 1385 674 extreme
1410 639 1586 675 voluntati
1604 639 1663 684 qui

186 698 218 733 se
237 698 307 732 illic
325 696 459 744 sepeliri
478 695 759 735 deliberaverint,
788 694 849 729 nifi
867 695 958 729 forte
990 696 1282 730 excommunicati
1299 696 1356 730 vel
1382 695 1561 730 interdiffl
1587 694 1662 735 fint,

187 754 304 789 nullus
322 751 480 795 obfistat;
508 751 601 786 salva
627 756 747 785 tamen
758 750 889 797 justitia
907 751 1045 786 illarum
1065 751 1284 787 ecclesiarum
1310 765 1330 786 a
1355 752 1479 798 quibus
1506 756 1662 786 mortuo-

188 823 266 845 rum
284 821 432 856 corpora
449 807 679 842 affumuntur.
731 806 898 842 Obeunte
917 820 1001 842 vero
1027 814 1062 842 te
1088 821 1184 843 nunc
1211 807 1364 855 ejusdem
1382 808 1450 842 loci
1470 807 1591 842 Priore
1609 807 1666 841 vel

188 873 330 900 tuorum
343 864 499 911 quolibet
512 861 754 903 successorum,
774 863 893 897 nullus
904 863 949 897 ibi
969 864 1122 910 qualibet
1139 863 1370 911 subreptionis
1387 863 1509 898 astutia
1521 864 1580 897 seu
1592 863 1664 897 vio-

188 922 297 957 lentia
313 926 530 968 proponatur
561 918 621 954 nisi
651 932 754 965 quem
772 919 897 954 fratres
923 921 1101 954 communi
1130 919 1296 955 consensu
1326 919 1381 954 vel
1411 920 1557 954 fratrum
1588 931 1667 966 pars

190 977 319 1013 consilii
336 977 489 1017 sanioris,
505 975 694 1011 secundum
708 975 826 1010 Deum
839 982 873 1010 et
885 976 977 1011 beati
991 976 1174 1011 Benedieti
1191 976 1348 1023 regulam
1363 981 1398 1010 et
1412 976 1663 1010 institutionem

193 1032 471 1068 Cluniacenfium
484 1033 643 1073 fratrum,
663 1032 882 1079 providerint
900 1032 1113 1078 eligendum.
1165 1032 1400 1067 Decernimus
1418 1045 1503 1078 ergo
1522 1037 1561 1066 ut
1578 1031 1666 1066 nulli

192 1090 336 1124 omnino
354 1089 536 1124 hominum
555 1088 657 1122 liceat
674 1088 843 1135 prefatam
863 1088 1038 1124 ecclesiam
1056 1095 1188 1124 temere
1213 1089 1354 1123 turbare
1372 1094 1431 1123 aut
1449 1086 1668 1135 poffeffiones

193 1146 268 1193 ejus
284 1145 421 1180 auferre
449 1144 505 1179 vel
535 1144 665 1178 ablatas
684 1144 846 1184 retinere,
879 1145 1038 1180 minuere
1063 1145 1122 1180 seu
1148 1143 1408 1191 quibuscunque
1426 1143 1668 1179 vexationibus

192 1203 349 1248 fatigare,
380 1201 438 1235 sed
456 1201 574 1235 onmia
592 1201 729 1246 integra
747 1199 997 1235 conserventur
1015 1214 1138 1236 eorum
1156 1214 1220 1248 pro
1238 1214 1388 1247 quorum
1414 1200 1669 1247 gubernatione

192 1271 231 1293 ac
261 1257 506 1292 sustentatione
533 1255 689 1291 conceffa
714 1256 793 1291 sunt
823 1255 937 1291 ufibus
967 1257 1177 1291 omnimodis
1206 1257 1415 1304 profutura3
1455 1256 1557 1290 Salva
1582 1255 1669 1290 ledis

193 1314 377 1362 apostolice
395 1314 604 1348 auctoritate
632 1319 667 1347 et
693 1313 866 1348 diocesani
885 1312 1034 1360 episcopi
1053 1313 1221 1347 canonica
1231 1312 1373 1359 justitia.
1426 1312 1461 1347 Si
1479 1325 1548 1358 qua
1564 1312 1671 1358 igitur

194 1372 229 1405 in
246 1371 405 1406 futurum
424 1369 645 1405 ecclefiastica
661 1369 863 1404 secularisve
881 1369 1028 1417 persona
1057 1369 1147 1404 hanc
1176 1369 1290 1403 nostre
1309 1368 1561 1403 constitutionis
1578 1369 1672 1415 pagi-

194 1440 274 1461 nam
292 1427 411 1467 sciens,
432 1432 556 1460 contra
582 1439 658 1461 eam
677 1433 810 1460 temere
829 1427 948 1460 venire
966 1426 1201 1472 temptaverit,
1233 1424 1384 1460 secundo
1412 1425 1562 1459 tertiove
1581 1437 1672 1459 com-

195 1484 338 1523 monita,
367 1482 428 1517 nifi
446 1489 581 1517 reatum
600 1483 698 1517 suum
719 1483 824 1529 digna
840 1481 1074 1517 satisfaffione
1093 1482 1296 1522 correxerit,
1325 1480 1500 1528 potestatis
1518 1479 1672 1515 honoris·

194 1552 261 1585 que
278 1538 328 1573 sui
348 1539 516 1585 dignitate
536 1544 661 1579 careat,
682 1552 850 1584 reumque
868 1537 901 1572 fe
921 1539 1039 1572 divino
1051 1538 1185 1584 judicio
1204 1536 1346 1572 existere
1365 1537 1407 1571 de
1425 1542 1593 1584 perpetua
1610 1536 1673 1570 ini-

195 1596 326 1641 quitate
345 1593 540 1641 cognoscat,
560 1600 595 1629 et
613 1608 633 1629 a
649 1594 868 1629 sacratissimo
887 1607 1034 1641 corpore
1066 1600 1100 1628 et
1127 1593 1293 1639 sanguine
1312 1592 1383 1626 Dei
1409 1597 1443 1626 et
1470 1591 1602 1626 domini
1620 1603 1673 1626 re-

197 1651 386 1698 demptoris
404 1650 509 1685 nostri
529 1650 632 1686 Ihesu
647 1651 771 1686 Christi
783 1651 897 1685 aliena
913 1651 984 1690 fiat,
1005 1657 1107 1695 atque
1126 1650 1162 1683 in
1177 1655 1334 1683 extremo
1347 1648 1505 1683 examine
1520 1647 1671 1683 distrifflae

196 1707 323 1742 ultioni
348 1706 531 1755 subjaceat.
584 1706 731 1742 Cunctis
750 1711 866 1741 autem
885 1706 998 1740 eidem
1017 1705 1094 1739 loco
1112 1704 1169 1739 sua
1191 1705 1274 1752 jura
1290 1703 1505 1738 servantibus
1534 1702 1574 1738 fit
1605 1716 1672 1751 pax

197 1764 330 1798 domini
343 1763 449 1798 nostri
464 1762 567 1797 Ihesu
580 1762 716 1802 Christi,
733 1762 896 1809 quatinus
911 1768 945 1796 et
956 1762 1012 1795 hic
1029 1761 1183 1795 fructum
1199 1761 1289 1795 bone
1303 1760 1452 1794 aetionis
1465 1759 1669 1807 percipiant,

198 1826 232 1855 et
250 1820 343 1867 apud
361 1819 552 1854 distrie‘cum
570 1818 594 1854 J
596 1819 733 1853 udicem
752 1819 885 1866 premia
903 1823 1023 1852 eterne
1051 1817 1144 1863 pacis
1174 1816 1365 1850 inveniant.
1418 1815 1549 1849 Amen.
1600 1814 1673 1849 Da-

198 1884 273 1911 tum
292 1876 409 1922 Signie
427 1889 489 1923 per
507 1888 648 1910 manum
670 1875 832 1910 Gratiani
850 1874 967 1908 Γειιιᾶὶθ
987 1873 1149 1907 Romane
1168 1871 1305 1907 ecclefie
1322 1871 1522 1906 subdiaconi
1553 1876 1587 1905 et
1612 1883 1673 1905 no-

197 1934 286 1973 tarii,
307 1933 366 1968 viii
380 1932 558 1966 Kalendas
573 1931 718 1978 Aprilis,
737 1930 930 1964 indietione
948 1929 993 1976 vj,
1014 1928 1261 1963 incarnationis
1279 1928 1451 1963 dominice
1465 1940 1558 1962 anno
1577 1931 1620 1961 Μο
1639 1932 1674 1961 0⁰

199 1994 329 2030 Lxxn0,
348 1988 571 2036 pontificatus
588 2000 673 2023 vero
692 1986 823 2021 domini
843 1985 1038 2020 Alexandri
1055 1998 1142 2032 pape
1161 1985 1196 2018 iii
1214 1996 1307 2019 anno
1324 1984 1421 2018 xiiii0.

202 2157 432 2192 Confirmatio
452 2156 607 2191 Honorii
624 2167 712 2203 pape
730 2155 773 2189 de
792 2154 953 2189 omnibus
971 2152 1116 2188 ecelefiis
1134 2157 1169 2187 et
1186 2152 1298 2186 terris.

204 2268 479 2304 HONORIUS
498 2268 675 2315 episcopus
693 2266 810 2301 servus
826 2267 1005 2301 servorum
1037 2264 1108 2298 Dei
1126 2263 1264 2298 dilectis
1282 2263 1360 2297 filiis
1380 2262 1543 2297 VVilelmo
1561 2261 1673 2296 abbati

201 2323 397 2359 monasterii
415 2324 534 2359 Sancti
551 2322 674 2359 Jacobi
691 2322 835 2369 apostoli
867 2328 902 2357 et
933 2321 1052 2356 Sancti
1072 2319 1198 2354 Mirini
1225 2317 1424 2355 confefforis
1454 2318 1497 2353 de
1529 2316 1674 2352 Pafl'elet
