1839 2652
762 264 832 298 DE
861 263 1129 299 PASSELET.
1641 268 1687 309 67

206 364 334 393 terram
354 358 396 393 de
416 358 555 392 Aldhus
573 358 662 393 infra
680 359 841 394 ballivam
860 359 1017 400 vestram,
1049 359 1148 394 vobis
1166 360 1371 395 mandamus
1389 361 1554 406 quatinus
1572 361 1608 395 in
1625 363 1686 397 ho-

205 415 315 448 mines
328 414 410 448 dicti
425 414 556 448 domini
568 414 839 449 Abbatismanus
849 415 1100 450 vestrasillicite
1112 428 1182 449 non
1196 416 1402 457 extendatis,
1417 417 1685 452 inviolationem

205 470 284 504 date
316 476 350 504 et
381 469 544 504 consuete
574 471 732 516 predi&e
750 472 861 517 gratie
880 471 1004 511 nostre,
1036 476 1070 505 et
1089 472 1237 506 maxime
1256 472 1291 505 in
1310 472 1470 507 homines
1488 474 1684 508 eorundem

205 526 248 559 (le
268 525 418 566 Aldhus,
447 526 541 572 quod
559 526 699 571 quidem
721 532 963 561 tenementum
983 527 1026 561 ad
1043 527 1223 560 baroniam
1244 527 1420 562 dictorum
1438 529 1596 563 virorum
1615 542 1684 576 quo

204 582 246 615 ad
265 581 442 616 libertates
460 582 688 627 cognovimus
706 583 894 628 pertinere.
948 583 995 616 Et
1021 582 1086 616 hoc
1114 595 1187 616 non
1206 583 1384 617 omittatis.
1437 583 1572 619 Datum
1591 586 1685 632 apud

205 637 322 684 Cluny
329 636 487 672 vicefimo
495 637 550 671 die
564 637 588 672 J
590 637 652 671 ulii
666 650 760 671 anno
771 639 882 684 gratie
898 636 1077 671 millesimo
1091 637 1332 672 trecentefimo
1344 638 1551 685 sexagesimo
1557 641 1682 687 primo.

205 812 313 847 Carta
337 812 613 846 confirmationis
643 812 883 846 ratificationis
914 817 948 846 et
979 811 1239 859 approbationis
1270 814 1425 848 omnium
1457 821 1628 850 terrarum
1649 822 1683 850 et

204 867 422 903 ecclesiarum
440 881 503 914 per
523 868 720 902 Robertum
739 867 927 902 secundum
947 866 1172 902 senescallum
1193 868 1320 903 Scotie.

205 978 443 1014 OMNIBUS
463 979 552 1013 hanc
570 984 701 1013 cartam
718 978 841 1013 visuris
859 979 914 1013 vel
942 979 1112 1013 audituris
1133 979 1312 1014 Robertus
1338 980 1541 1016 senescallus
1568 982 1683 1018 Scotie

204 1034 360 1069 salutem.
414 1034 535 1069 Sciatis
549 1047 624 1074 nOS,
641 1035 684 1068 ad
697 1035 931 1068 reverentiam
945 1035 1090 1069 Domini
1106 1035 1211 1069 nostri
1225 1036 1328 1070 Ihesu
1345 1037 1481 1077 Christi,
1496 1037 1683 1074 beatiffime

204 1091 362 1137 Virginis
381 1090 508 1130 Marie,
528 1090 618 1124 beati
631 1090 764 1130 Jacobi,
787 1090 906 1124 Sancti
926 1090 1061 1131 Mirini,
1082 1096 1115 1125 et
1135 1091 1305 1126 Omnium
1326 1092 1548 1134 Sanfilsorum,
1568 1101 1602 1129 et
1620 1108 1684 1142 pro

203 1146 311 1181 salute
329 1146 444 1180 anime
458 1145 572 1180 nostre
591 1151 625 1180 et
643 1144 895 1180 antecessorum
915 1146 1123 1187 nostrorum,
1140 1147 1330 1188 ratificaffe,
1352 1148 1551 1196 approbafl'e
1571 1156 1605 1184 et
1622 1151 1684 1184 im-

203 1206 411 1249 perpetuum
425 1200 640 1235 confirmafl'e
652 1199 906 1247 1·eligiofisviris
919 1201 1049 1236 Abbati
1062 1208 1096 1236 et
1108 1204 1298 1237 conventui
1314 1204 1509 1238 monasterii
1523 1205 1565 1239 de
1574 1204 1684 1240 Paffe-

206 1258 276 1292 leto
295 1257 423 1291 ibidem
443 1257 525 1291 Deo
543 1256 770 1291 servientibus
785 1262 819 1291 et
834 1257 1090 1304 imperpetuum
1106 1257 1293 1299 servituris,
1310 1260 1345 1293 in
1360 1260 1606 1301 inviolabilem,
1622 1275 1684 1308 pu-

205 1327 279 1348 ram
299 1320 333 1348 et
362 1319 569 1360 perpetuam
588 1312 819 1352 elemolinam,
853 1326 974 1346 omnes
993 1313 1210 1354 donationes,
1238 1315 1482 1357 concelliones,
1502 1318 1685 1352 confirma-

205 1370 317 1404 tiones
325 1369 621 1403 etinfeodationes
633 1382 716 1415 quas
729 1367 958 1403 anteeeflbres
972 1368 1077 1402 nostri
1090 1369 1215 1403 eisdem
1231 1371 1395 1417 religiofis
1409 1373 1491 1406 viris
1505 1374 1684 1408 caritative

205 1425 444 1459 contulerunt.
498 1425 544 1458 Et
562 1430 602 1459 ut
620 1425 811 1459 voluntatis
829 1424 943 1459 nostre
962 1425 1110 1459 lucidius
1123 1425 1298 1460 illucescat
1317 1427 1479 1468 intentio,
1496 1441 1535 1462 ac
1554 1428 1684 1464 brachii

205 1481 374 1515 violentia
388 1480 550 1515 secularis
563 1481 599 1514 in
611 1480 803 1527 prosequen
810 1481 865 1520 do,
880 1493 918 1514 ac
932 1487 1043 1514 cartas
1062 1482 1254 1515 eorundem
1273 1483 1429 1516 virorum
1443 1483 1684 1530 religiosorum

205 1535 333 1571 finistre
352 1542 482 1571 eventu
510 1536 733 1583 exponendo,
762 1542 923 1583 tempora
940 1549 1012 1570 non
1033 1536 1287 1583 distinguendo,
1319 1537 1450 1573 delistat
1469 1544 1503 1573 et
1522 1539 1683 1580 tabescat,

205 1592 456 1639 prenominatis
474 1592 557 1627 viris
574 1591 740 1638 religiosis
765 1592 801 1625 in
829 1605 952 1638 puram
985 1598 1019 1626 et
1049 1599 1255 1639 perpetuam
1283 1593 1503 1628 elemosinam
1523 1595 1684 1630 iterando

206 1649 429 1683 concedimus
448 1654 483 1683 et
511 1649 692 1688 donamus,
721 1648 886 1682 videlicet
904 1647 1029 1681 totales
1048 1654 1158 1681 terras
1177 1648 1220 1682 de
1241 1649 1392 1689 Aldhus,
1422 1650 1465 1684 de
1494 1650 1683 1692 Areliston‚

207 1704 250 1738 de
267 1703 378 1738 insula
395 1705 650 1738 monachorum
669 1704 761 1737 inter
783 1703 872 1738 Kert
891 1710 924 1737 et
940 1703 1054 1743 Grief,
1084 1703 1126 1737 de
1146 1703 1288 1745 Fulton,
1319 1705 1361 1739 de
1381 1705 1620 1752 Drumgrane,
1641 1707 1684 1741 de

208 1759 372 1807 GrayniS‚
394 1760 436 1794 de
456 1760 683 1806 Achingown
703 1759 967 1798 monachorum,
988 1764 1116 1792 terram
1137 1759 1228 1794 inter
1248 1760 1438 1807 Aldpatrik
1457 1767 1491 1795 et
1511 1761 1684 1809 Espedare

207 1814 294 1849 ficut
314 1815 505 1862 Aldpatrik
535 1814 711 1849 descendit
741 1815 777 1848 in
812 1814 1141 1860 Kertlochwynnok
1172 1820 1206 1848 et
1238 1814 1412 1862 Espedare
1443 1817 1619 1852 descendit
1648 1818 1684 1851 in

208 1877 337 1905 terram
355 1871 608 1905 monachorum
633 1871 811 1918 jacentem
831 1871 921 1905 inter
940 1871 969 1905 le
989 1870 1161 1917 Blacklyn
1181 1876 1215 1905 et
1236 1871 1327 1906 Kert
1345 1872 1388 1906 de
1408 1871 1588 1913 Paffeleto‚
1616 1879 1683 1908 ter-

207 1939 280 1960 ram
300 1927 343 1961 de
362 1926 569 1974 Dalmulyn,
591 1926 908 1973 Kyrklandholme,
930 1932 964 1961 et
982 1932 1111 1961 terram
1130 1927 1172 1960 de
1194 1927 1387 1968 Munkton,
1416 1942 1487 1963 una
1504 1942 1582 1963 cum
1602 1930 1684 1963 dua-

207 1981 271 2016 bus
289 1982 414 2016 celdris
431 1982 560 2017 farrine
579 1982 621 2016 de
640 1987 843 2016 tenemento
863 1983 906 2016 de
922 1981 1102 2028 Ingliston‚
1124 1982 1300 2016 dimidiam
1320 1996 1471 2017 marcam
1490 1985 1626 2030 argenti
1641 1985 1683 2018 de

210 2037 428 2072 Porterfelde
440 2038 544 2084 juxta
565 2038 738 2085 Reynfru,
771 2038 920 2072 liberum
938 2037 1116 2072 servitium
1147 2038 1301 2072 wardan]
1321 2044 1355 2072 et
1374 2038 1541 2073 relevium
1562 2039 1604 2073 de
1625 2039 1683 2073 In-

208 2092 344 2138 gliston,
364 2099 434 2127 tres
453 2107 584 2128 marcas
602 2095 710 2128 annui
729 2095 886 2129 redditus
904 2094 946 2128 de
961 2093 1174 2132 Adamtone,
1196 2106 1272 2127 cum
1290 2094 1500 2127 omnimodis
1518 2095 1684 2130 libertati-

209 2148 282 2188 bus,
303 2149 619 2189 commoditatibus,
647 2148 862 2196 ayfiamentis
880 2155 915 2184 et
935 2148 1033 2195 justis
1060 2148 1289 2194 pertinentiis,
1317 2154 1387 2182 tam
1406 2161 1479 2183 non
1496 2151 1684 2185 nominatis

210 2216 312 2249 quam
327 2204 525 2243 nominatis,
542 2209 613 2238 tam
627 2203 687 2238 sub
699 2210 793 2238 terra
804 2218 907 2250 quam
925 2203 1027 2250 super
1041 2209 1182 2243 terram,
1203 2203 1239 2236 in
1259 2204 1420 2238 omnibus
1438 2211 1472 2239 et
1490 2218 1552 2252 per
1566 2206 1683 2240 omnia

210 2259 253 2292 ad
280 2259 390 2293 dictas
416 2264 525 2293 terras
544 2272 622 2293 cum
653 2261 872 2306 pertinentiis
902 2259 1147 2307 spectantibus,
1177 2266 1212 2294 et
1241 2272 1375 2294 annuos
1394 2262 1560 2303 redditus,
1594 2263 1684 2297 infra

210 2315 372 2349 videlicet
390 2314 549 2349 baronias
567 2315 697 2350 nostras
716 2316 759 2350 de
778 2315 940 2363 Reynfru
959 2323 994 2351 et
1013 2317 1054 2350 de
1077 2316 1180 2363 Kyle,
1197 2329 1276 2351 cum
1288 2316 1448 2353 libertate
1462 2318 1569 2354 libere
1583 2319 1682 2354 baro-
