1839 2652
125 270 145 285 λ

146 291 217 323 204
553 287 658 322 REG
666 286 871 322 ISTRUM
901 285 1242 322 MONASTERII

146 385 309 434 exceptis,
341 396 381 418 ac
399 396 522 418 eorum
539 389 651 419 terras
669 388 704 418 et
721 383 870 430 capellas
888 383 1093 417 interdictas
1125 380 1202 423 effe,
1232 381 1329 416 fimili
1350 381 1539 418 interdicto
1557 383 1633 431 sup-

145 439 271 488 positos
290 439 355 475 effe
374 440 648 482 denunciantes;
678 445 712 474 et
729 439 797 474 hoc
813 439 977 485 quotiens
1003 451 1065 486 per
1082 438 1260 486 predi&os
1278 437 1456 484 religiosos
1473 439 1517 473 ad
1535 439 1634 486 quos-

149 509 285 542 cunque
304 496 396 530 diem
428 502 463 530 et
490 496 607 530 locum
626 495 761 530 fueritis
779 494 942 541 requifiti‚
974 494 1177 529 nullatenus
1195 494 1387 528 omittatis:
1425 493 1482 528 Ita
1498 495 1593 541 quod
1610 494 1634 529 fi

150 564 272 586 omnes
284 552 348 586 hiis
361 552 577 598 exequendis
588 564 660 586 non
674 551 912 592 interfueritis,
926 557 1088 598 quatuor,
1102 556 1184 592 tres,
1198 551 1280 591 duo,
1294 562 1385 585 unus
1396 549 1547 585 vestrum
1558 563 1635 598 pre-

149 607 225 643 sens
243 608 446 642 mandatum
460 607 615 642 nostrum
635 614 853 654 exequantur
868 607 924 642 vel
939 613 1143 654 exequatur.
1181 606 1344 648 Qualiter
1363 611 1479 641 autem
1495 606 1635 654 presens

149 665 352 699 mandatum
367 664 521 699 nostrum
534 664 671 699 fueritis
689 665 825 699 executi
846 677 910 699 nos
927 677 990 712 per
1008 664 1141 699 litteras
1159 663 1287 699 vestras
1303 668 1464 710 patentes
1481 663 1635 698 reddatis

150 722 326 756 certiores.
381 721 425 755 In
443 721 543 767 cujus
573 721 624 755 rei
655 720 890 755 testimonium
918 719 1135 768 presentibus
1160 719 1286 754 litteris
1303 718 1451 766 figillum
1477 718 1633 754 nostrum

149 778 278 825 apponi
292 777 449 812 fecimus.
469 777 604 812 Datum
620 777 713 824 apud
729 776 937 817 Casteltaris,
955 776 1131 810 dominica
1141 776 1302 823 proxima
1313 781 1394 810 ante
1408 775 1529 810 festum
1543 775 1635 810 beati

150 833 294 881 apostoli
314 833 568 875 Bartholomei,
588 834 672 868 anni
689 833 800 880 gratie
819 832 986 867 millelimi
1007 832 1232 868 ducentefimi
1249 831 1465 879 nonogefimi
1483 832 1609 879 quarti.

153 1002 321 1037 Inhibitio
336 1002 469 1037 domini
482 1001 632 1037 Roberti
645 1000 877 1049 Glasgwenfis
889 1001 1037 1049 episcopi
1049 1001 1150 1050 super
1162 1002 1265 1036 certis
1278 1001 1381 1036 terris
1395 1001 1438 1036 de
1454 1000 1633 1036 Levenax.

154 1113 433 1150 ROBERTUS
452 1114 672 1149 miseratione
691 1114 809 1148 divina
827 1113 1059 1161 Glafigwenfis
1087 1112 1225 1149 ecclefie
1255 1113 1397 1148 humilis
1415 1112 1568 1148 minister
1587 1113 1635 1147 di-

152 1171 246 1206 1Θᾶὶο
265 1171 338 1205 filio
357 1171 392 1204 in
412 1170 549 1206 Christo
570 1170 717 1205 Decano
736 1170 964 1205 cristianitatis
983 1171 1026 1205 de
1045 1170 1214 1205 Levenax
1243 1169 1401 1210 salutem,
1433 1169 1580 1215 gratiam
1601 1174 1635 1203 et

152 1227 449 1262 benediGtionem.
502 1226 614 1261 Vobis
632 1226 836 1260 mandamus
855 1225 915 1260 sub
934 1240 1024 1274 pena
1042 1226 1210 1261 canonice
1232 1225 1455 1260 distriffionis
1473 1225 1636 1271 quatinus

154 1286 324 1332 legittime
353 1285 524 1319 moneatis
554 1284 708 1318 nobilem
739 1284 854 1318 virum
885 1283 1117 1317 Malcolmum
1146 1282 1310 1317 comitem
1341 1281 1384 1316 de
1415 1281 1584 1316 Levenax
1602 1285 1637 1315 et

154 1342 300 1376 ballivos
330 1354 369 1375 ac
397 1340 585 1375 sectatores
603 1341 699 1375 curie
728 1339 798 1381 sue,
831 1338 1008 1387 affumptis
1037 1338 1213 1374 vobiscum
1240 1343 1391 1385 quatuor
1409 1337 1465 1373 vel
1483 1337 1637 1384 quinque

153 1398 251 1432 sociis
270 1397 378 1432 vestre
397 1397 540 1438 ordinis,
560 1410 605 1431 ne
624 1395 801 1442 religiosos
820 1397 914 1431 viros
930 1396 1107 1430 Abbatem
1127 1401 1162 1430 et
1180 1400 1394 1430 conventum
1413 1395 1456 1430 de
1475 1393 1634 1435 Pafl'elet,

154 1455 255 1503 super
275 1467 397 1489 eorum
416 1455 518 1489 terris
537 1451 766 1488 elemofinatis
783 1453 827 1488 ad
846 1451 1019 1488 eccleliam
1039 1452 1232 1487 eorundem
1263 1451 1306 1486 de
1339 1451 1528 1498 Kylpatrik
1545 1450 1637 1498 spec-

155 1511 320 1552 tantibus,
352 1511 396 1545 ad
427 1511 543 1545 forum
562 1510 711 1544 vetitum
739 1509 797 1544 seu
827 1509 980 1544 seculare
998 1509 1137 1543 trahere
1170 1508 1225 1543 vel
1243 1507 1388 1554 fatigare
1410 1506 1633 1554 presumant;

156 1568 285 1603 deficut
315 1567 457 1614 querele
488 1567 610 1601 talium
641 1572 814 1600 terrarum
846 1564 1147 1600 elemofinatarum
1173 1564 1218 1598 ad
1243 1564 1359 1598 forum
1377 1562 1635 1598 ecclefiaflicum

156 1624 347 1660 secundum
366 1623 544 1658 libertates
563 1621 700 1657 ecclefie
720 1622 902 1657 Scoticane
926 1620 1102 1667 hucusque
1120 1619 1258 1655 ufitatas
1275 1625 1310 1655 et
1329 1620 1435 1667 [per]
1453 1620 1635 1655 dominum

156 1680 311 1716 nostrum
333 1679 470 1726 Regem
489 1678 672 1720 conceffas,
691 1678 848 1726 spefi'care
865 1677 1128 1725 dignoscuntur,
1148 1683 1184 1712 et
1201 1689 1265 1711 nos
1277 1677 1388 1724 parati
1400 1676 1516 1711 liunus
1530 1683 1637 1724 prout

156 1737 322 1772 debemus
340 1734 441 1782 super
459 1735 523 1769 hiis
541 1740 576 1769 et
593 1734 668 1768 aliis
685 1734 827 1769 cuilibet
841 1734 1070 1781 conquerenti
1082 1734 1214 1781 justitie
1232 1733 1396 1768 exhibere
1411 1733 1636 1780 complimen-

156 1800 243 1828 tum.
296 1792 432 1826 Datum
451 1791 544 1839 apud
564 1790 737 1825 Parthech
751 1790 806 1825 die
819 1790 970 1825 Veneris
982 1791 1143 1838 proxima
1155 1789 1230 1838 post
1242 1789 1364 1824 festum
1379 1789 1500 1825 Sancti
1512 1789 1636 1824 Yllarii

159 1848 307 1897 episcopi
325 1860 419 1882 anno
436 1847 548 1894 gratie
567 1845 747 1881 millefimo
766 1846 999 1882 ducentefimo
1017 1845 1240 1893 nonagesimo
1258 1845 1366 1881 sexto.

159 2018 266 2054 Carta
284 2016 468 2052 Malcolmi
487 2017 623 2051 comitis
643 2016 686 2051 de
706 2015 884 2051 LevenaX.

162 2129 402 2167 OMNIBUS
422 2128 549 2164 Christi
566 2128 726 2164 fidelibus
739 2127 915 2176 presentes
929 2129 1061 2163 litteras
1075 2128 1281 2176 inspe&uris
1297 2128 1510 2163 Malcolmus
1521 2141 1638 2164 comes

163 2189 206 2222 de
225 2187 393 2221 Levenax
410 2184 556 2220 salutem
587 2186 624 2220 in
654 2185 814 2220 Domino
832 2185 1087 2233 sempiternam.
1140 2185 1262 2220 Sciatis
1288 2185 1383 2231 quod
1413 2183 1638 2219 conceffimus

162 2244 261 2279 fratri
282 2243 438 2289 Rogerio
458 2242 528 2277 Dei
546 2243 658 2289 gratia
675 2242 789 2277 abbati
808 2243 850 2276 de
867 2240 1013 2276 Paffelet
1027 2248 1061 2276 et
1076 2241 1229 2288 ejusdem
1243 2241 1311 2275 loci
1322 2241 1523 2281 conventui,
1542 2240 1636 2286 quod

162 2299 327 2347 quicquid
344 2297 532 2345 spontanea
549 2299 731 2333 voluntate
748 2297 818 2339 sua,
848 2299 890 2332 de
907 2298 1023 2344 aliquo
1041 2297 1142 2332 nobis
1160 2297 1288 2331 tradito
1305 2297 1447 2338 auxilio,
1467 2297 1637 2331 habtenus

160 2358 319 2392 fecerunt
337 2353 393 2389 vel
411 2367 454 2389 ex
472 2367 567 2389 nunc
585 2355 723 2396 facient,
751 2354 889 2389 nullum
907 2353 1139 2401 prejudicium
1167 2353 1262 2388 ultra
1286 2358 1447 2388 tenorem
1465 2358 1559 2388 carte
1576 2352 1635 2387 sue
