1839 2652
719 269 790 304 DE
818 269 1087 305 PASSELET.
1573 275 1642 312 975

164 369 214 402 bis
241 366 397 402 exhibuit
428 372 462 401 et
489 366 638 401 ostendit
664 365 826 412 quasdam
857 366 989 401 litteras
1016 365 1217 413 apostolicas
1244 378 1327 400 vera
1357 365 1451 400 bulla
1476 367 1640 414 plumbea

163 422 360 458 fiznfi'ciflimi
377 424 413 457 in
432 423 569 458 Christo
587 424 693 470 patris
712 428 746 457 et
764 422 897 457 domini
915 422 1021 457 nostri
1040 422 1172 457 domini
1190 422 1362 457 ,Iohannis
1381 422 1498 457 divina
1523 424 1639 470 provi-

164 481 283 514 dentia
307 493 395 526 pape
413 479 484 513 xxii
503 480 538 513 in
557 479 616 513 filo
635 479 772 525 canapis
790 478 948 518 bullatas,
969 491 1116 524 quarum
1135 484 1239 512 tenor
1255 477 1410 524 sequitur
1427 479 1463 512 in
1482 479 1546 513 hec
1564 493 1639 514 ver-

162 537 206 570 ba
221 550 231 578 ;
259 535 538 571 JOHANNES
553 534 731 582 episcopus
748 533 866 569 servus
884 534 1063 569 servorum
1076 534 1147 569 Dei
1162 535 1298 569 dileetis
1312 535 1391 569 filiis
1410 535 1530 570 Sancti
1549 536 1639 570 Ger-

164 592 258 626 mani
276 592 319 626 de
336 591 454 638 pratis,
477 590 678 630 Parilienlis,
707 603 746 624 ac
778 590 921 625 Casedei
941 596 975 624 et
994 590 1114 624 Saneti
1146 590 1311 636 Rigaudi‚
1342 590 1638 626 Claromontenfis

165 654 199 682 et
219 646 480 682 Matisconenfis
499 647 672 681 diocesum
691 646 979 680 monasteriorum
995 646 1192 680 Abbatibus
1210 646 1355 681 salutem
1371 653 1405 682 et
1418 647 1639 694 apostolicam

163 703 458 738 benedietionem.
511 703 572 736 Ad
589 702 802 736 audientiam
821 702 1030 749 apostolatus
1056 702 1161 736 nostri
1187 704 1348 750 pervenit
1365 705 1460 750 quod
1478 704 1640 739 nonnulli

164 759 303 793 abbates
321 758 516 793 monasterii
536 757 783 798 Cluniacenfis,
811 758 855 792 ad
887 757 1085 792 Romanam
1112 758 1285 793 ecclefiam
1305 759 1404 794 nullo
1423 761 1538 795 medio
1564 774 1641 808 per-

164 815 318 855 tinentis,
358 813 619 849 Matisconenfis
654 812 805 854 diocefis,
843 814 1021 848 interdum
1048 827 1127 848 cum
1156 820 1333 850 conventu
1363 815 1435 856 suo,
1463 817 1641 851 interdum

165 871 317 917 ejusdem
336 876 530 906 conventus
547 869 678 905 affensu
696 870 839 904 minime
865 869 1037 916 requisito,
1066 883 1139 904 non
1156 871 1273 905 nullos
1291 872 1476 918 prioratuS,
1496 872 1640 907 decana-

166 934 232 967 tus,
261 927 374 962 officia
391 935 426 961 et
443 927 611 961 beneficia
629 925 849 960 ecclefiastica
867 939 946 960 cum
965 939 1049 960 cura
1074 926 1131 960 vel
1156 925 1225 961 fine
1244 939 1337 967 cura,
1365 940 1505 962 necnon
1523 927 1639 968 castra,

165 983 274 1024 villas,
301 981 530 1031 poffeffiones,
559 981 690 1022 census,
718 982 886 1022 redditus,
909 981 1172 1028 jurisdietiones
1200 987 1234 1016 et
1258 983 1351 1029 jura,
1390 983 1524 1029 aliaque
1552 984 1644 1018 bona

166 1039 357 1074 immobilia
375 1045 409 1073 et
427 1038 569 1073 mobilia
598 1037 700 1085 ipfius
730 1037 938 1078 monasterii,
967 1038 1055 1072 datis
1085 1037 1186 1085 super
1214 1039 1279 1072 hiis
1306 1039 1441 1080 litteris,
1472 1040 1640 1075 confeffls

165 1096 247 1130 inde
265 1095 410 1142 publicis
436 1095 682 1134 instrumentis,
711 1093 919 1141 interpofitis
931 1094 1152 1141 juramentis,
1181 1095 1281 1129 saetis
1307 1097 1641 1137 renunciationibus,

166 1157 201 1185 et
219 1151 317 1198 penis
335 1151 489 1198 adje&is,
510 1163 648 1185 necnon
667 1155 701 1184 et
720 1149 858 1184 diversis
875 1150 950 1184 aliis
968 1150 1249 1197 obligationibus,
1269 1157 1304 1186 et
1322 1152 1645 1188 confirmationibus

167 1206 253 1241 sedis
271 1207 454 1254 apostolice
473 1208 508 1241 in
525 1208 637 1241 forma
656 1207 832 1241 communi
852 1207 956 1240 etiam
974 1206 1170 1248 subsecutis,
1199 1208 1235 1242 in
1264 1221 1406 1254 gravem
1440 1207 1541 1255 ipfius
1571 1222 1643 1243 mo-

168 1262 305 1297 nasterii
321 1261 497 1303 lefionem,
512 1262 694 1296 nonnullis
712 1261 984 1309 archiepiscopis,
1006 1264 1171 1310 episcopis
1185 1269 1220 1298 et
1237 1264 1312 1298 aliis
1331 1264 1549 1299 eccleliarum
1568 1279 1644 1312 pre-

167 1319 255 1359 latis,
275 1332 414 1353 necnon
444 1319 602 1366 capitulis
620 1324 654 1352 et
672 1318 902 1352 conventibus
920 1324 954 1353 et
973 1318 1191 1354 ecclesiarum
1210 1321 1406 1355 re6toribus
1437 1327 1472 1355 et
1499 1321 1642 1362 clericis,

169 1373 447 1410 universitatibus
465 1387 603 1421 quoque
622 1375 812 1415 civitatum,
842 1374 1042 1416 castrorum,
1071 1381 1244 1410 terrarum
1263 1382 1298 1411 et
1316 1377 1463 1411 aliorum
1483 1377 1643 1412 locorum

167 1436 202 1465 et
219 1431 293 1465 aliis
310 1430 464 1478 personis
481 1430 718 1477 singularibus,
740 1430 966 1465 ecclefiasticis
985 1437 1019 1465 et
1036 1432 1232 1473 mundanis,
1261 1433 1432 1479 aliquibus
1459 1446 1580 1468 eorum
1600 1435 1644 1468 ad

166 1488 284 1527 vitam,
305 1486 507 1533 quibusdam
521 1499 605 1521 vero
624 1487 666 1520 ad
680 1487 931 1521 nonmodicum
946 1492 1093 1534 tempus,
1115 1493 1148 1522 et
1162 1488 1235 1522 aliis
1249 1495 1431 1536 perpetuo,
1451 1490 1495 1523 ad
1508 1490 1645 1524 firmam

166 1543 223 1577 vel
237 1541 297 1577 sub
312 1542 415 1577 censu
429 1555 548 1576 annuo
564 1540 804 1576 concefl'erunt
817 1556 826 1584 3
847 1555 996 1588 quorum
1011 1543 1116 1589 aliqui
1130 1542 1231 1591 super
1246 1545 1309 1578 hiis
1324 1545 1448 1579 litteris
1462 1546 1644 1581 confirma-

167 1600 271 1633 tionis
286 1599 328 1633 ab
343 1599 464 1633 eadem
478 1598 557 1633 sede
572 1598 606 1632 in
621 1598 734 1632 forma
747 1599 925 1632 communi
939 1600 1098 1646 p1·edi6ta
1112 1600 1307 1647 impetrafl'e
1320 1602 1497 1637 dicuntur.
1551 1603 1645 1644 Quia

167 1668 251 1690 vero
270 1656 314 1690 ad
331 1655 483 1690 officium
501 1654 657 1689 nostrum
674 1655 827 1701 pertinet
844 1654 946 1702 super
964 1656 1028 1689 hiis
1046 1657 1158 1690 eidem
1181 1657 1388 1692 monasterio
1407 1658 1450 1693 de
1468 1665 1644 1705 oportuno

168 1712 324 1746 remedio
338 1711 536 1758 providere,
557 1709 755 1745 discretioni
766 1710 876 1745 vestre
894 1724 957 1758 per
974 1711 1159 1759 apostolica
1177 1712 1301 1761 [cripta
1318 1715 1523 1750 mandamus
1537 1716 1646 1762 quati-

168 1780 234 1801 nus
247 1779 309 1801 vos
323 1767 379 1801 vel
394 1767 464 1801 duo
479 1772 539 1801 aut
553 1779 644 1801 unus
655 1766 817 1807 vestrum,
833 1780 895 1813 per
906 1780 968 1802 vos
982 1768 1038 1803 vel
1049 1781 1112 1816 per
1123 1769 1230 1804 aliurn
1241 1769 1300 1805 seu
1314 1771 1410 1811 alios.
1431 1772 1534 1806 etiam
1546 1771 1570 1805 fi
1582 1771 1646 1806 fint

170 1829 269 1857 extra
279 1823 357 1857 loca
367 1824 403 1858 in
415 1822 538 1869 quibus
550 1822 625 1857 estis
630 1822 767 1869 judices
779 1823 947 1869 deputati,
959 1823 1155 1871 hujufinodi
1166 1825 1351 1872 prioratus,
1365 1827 1563 1869 decanatus,
1573 1828 1646 1862 offi-

171 1880 223 1913 cia
237 1884 272 1913 et
286 1878 464 1918 beneficia,
479 1878 595 1919 castra,
609 1879 718 1918 villas,
731 1876 960 1925 pofl'essiones,
974 1880 1105 1921 census,
1119 1882 1287 1922 redditus,
1297 1882 1380 1929 jura
1391 1889 1426 1917 et
1434 1883 1646 1930 jurisdictio-

171 1947 232 1969 nes
247 1940 282 1970 et
295 1935 362 1969 alia
375 1935 467 1969 bona
484 1934 675 1969 immobilia
688 1940 722 1969 et
737 1935 879 1969 mobilia
892 1948 1099 1982 quecunque
1112 1937 1196 1971 dieti
1209 1938 1404 1972 monasterii
1418 1952 1485 1985 que
1499 1939 1645 1974 summa-

170 1992 221 2025 rie
233 1997 268 2025 et
280 1992 322 2025 de
333 1992 450 2039 plano,
463 1990 532 2025 11116
546 1990 688 2037 strepitu
700 1996 734 2025 ct
745 1991 858 2037 figura
869 1991 1005 2038 judicii,
1018 2006 1081 2040 per
1093 1993 1336 2035 concelliones,
1358 1995 1575 2036 donationes,
1596 1996 1644 2030 lo-

172 2047 324 2081 cationes
349 2047 409 2082 seu
426 2045 679 2081 commiffiones
697 2046 893 2094 hujusmodi
912 2048 1089 2083 distorum
1114 2049 1278 2084 abbatum
1298 2056 1332 2084 et
1350 2056 1555 2091 conventus,
1585 2051 1644 2086 seu

173 2103 322 2137 aliorum
341 2115 630 2149 quorumcunque
649 2102 965 2138 administratorum
993 2105 1077 2139 dieti
1108 2105 1304 2139 monasterii
1332 2107 1565 2141 communiter
1591 2108 1646 2142 vel

174 2159 304 2194 divifim
323 2160 473 2194 alienata
490 2159 693 2194 inveneritis
704 2159 824 2194 illicite
838 2160 894 2194 vel
909 2160 1080 2201 distraeta,
1101 2160 1157 2195 vel
1175 2161 1256 2206 [ab]
1274 2162 1348 2195 aliis
1362 2162 1485 2209 injuste
1503 2176 1647 2209 quomo-

175 2215 306 2250 dolibet
325 2221 502 2262 occupata,
523 2215 566 2249 ad
579 2215 638 2262 jus
656 2220 690 2249 et
707 2216 957 2262 proprietatem
976 2217 1061 2250 dieti
1080 2217 1276 2252 monasterii
1293 2218 1463 2264 legittime
1481 2231 1647 2254 revocare

174 2271 313 2311 curetis,
342 2271 619 2305 contradictores
636 2283 699 2318 per
717 2270 896 2306 censuram
915 2271 1181 2314 eeclefiasticam‚
1201 2274 1434 2320 appellatione
1452 2275 1643 2323 postpofita,

175 2325 436 2373 compescendo,
465 2327 627 2361 invocato
646 2327 689 2361 ad
709 2327 771 2361 hec
789 2325 812 2360 fi
830 2339 917 2373 opus
933 2328 1039 2363 fuerit
1056 2329 1186 2364 auxilio
1216 2330 1346 2365 brachii
1375 2331 1546 2373 secularis,
1575 2346 1646 2367 non
