1870 2683
208 274 278 309 :398
620 268 936 304 REGISTRUM
964 270 1301 308 MONASTERII

208 364 251 400 fic
270 366 429 412 primitus
443 365 479 397 in
494 363 652 397 manibus
666 364 751 398 dieti
766 364 883 398 ballivi
898 364 1028 399 sursum
1042 371 1075 400 et
1088 366 1240 413 juridice
1252 367 1514 414 refignatorum‚
1530 373 1684 418 prefatus

210 421 233 456 J
235 421 388 455 ohannes
407 419 529 453 Schaw
548 419 695 452 ballivus
715 420 808 454 dieite
827 420 974 454 civitatis
993 421 1224 468 Glasguenfis,
1244 423 1379 458 ratione
1397 423 1448 458 sui
1466 425 1569 460 officii
1589 427 1684 462 balli-

211 482 286 510 atus
305 481 339 509 et
358 480 395 509 ut
413 474 568 521 superior
587 475 688 508 dictis
707 477 916 510 tenementis
934 477 969 510 in
988 477 1102 512 officio
1121 479 1311 525 recipiendi
1329 484 1364 513 et
1382 479 1498 521 dandi,
1529 487 1684 517 totorum

212 537 246 565 et
263 531 483 575 integrorum
503 530 680 564 dictorum
700 531 850 565 duorum
869 537 1151 567 tenementorum
1176 533 1274 568 fimul
1294 540 1329 569 et
1347 536 1511 581 contigue
1529 537 1686 583 adjacen-

211 588 309 626 tium,
330 599 407 619 cum
427 585 620 619 eorundem
638 587 869 632 pertinentiis,
902 589 1216 630 commoditatibus,
1250 590 1426 636 proficuis,
1457 591 1685 634 libertatibus,

211 642 354 676 annexis
373 647 407 675 et
425 641 637 688 adjacentiiS,
656 641 791 682 statum,
814 641 967 677 saisinam
985 644 1229 680 hereditariam
1248 650 1282 679 et
1300 646 1486 688 actualem,
1508 648 1636 682 realem
1653 655 1688 683 et

213 697 429 744 corporalem
444 695 681 743 poffeffionem
700 698 877 744 pacificam
898 704 932 732 et
948 706 1165 746 perpetuam,
1185 706 1356 747 quantum
1374 703 1418 737 ad
1435 703 1578 738 feodum
1597 710 1631 739 et
1649 705 1688 739 li-

214 755 335 790 berum
353 759 607 794 tenementum,
636 755 771 801 prefato
790 755 934 790 domino
952 755 975 791 J
978 756 1107 790 ohanni
1126 757 1219 797 Scot,
1252 759 1435 799 monacho,
1455 761 1687 806 procuratori,

215 811 399 845 a&ornato
418 816 451 844 et
469 810 609 856 syndico
640 810 837 845 monasterii
856 811 898 846 de
919 811 1064 852 Passeto,
1097 813 1250 854 nomine,
1284 814 1505 855 amitoritate,
1538 816 1636 850 rtho
1655 822 1690 850 et

214 866 351 901 ratione
371 865 518 899 Abbatis
548 871 583 899 et
614 872 808 901 conventus
827 867 989 914 ejusdem,
1023 881 1101 902 eum
1119 868 1195 915 ipsis
1226 874 1261 903 et
1289 882 1410 904 eorum
1428 870 1635 905 monasterio
1654 872 1691 905 in

214 928 424 970 perpetuum
442 922 691 968 patrimonium
710 923 1029 969 permansnrorum,
1044 937 1106 970 per
1124 930 1228 965 terre,
1243 925 1365 972 lapidis
1385 931 1419 960 et
1436 927 1573 972 argenti
1585 927 1690 961 tradi-

216 980 361 1019 tionem,
380 983 420 1012 ut
438 977 517 1011 usus
535 978 636 1024 burgi
656 978 712 1018 est,
741 979 848 1019 dedit,
868 980 1011 1014 tradidit
1037 992 1076 1014 ac
1102 980 1311 1015 hereditarie
1329 981 1588 1028 imperpetuum
1607 983 1690 1017 deli—

216 1034 361 1074 beravit,
394 1034 543 1068 contulit
561 1040 596 1068 et
614 1034 768 1074 donavit,
797 1034 891 1069 salvo
911 1035 993 1082 jure
1012 1035 1200 1082 cujussibet.
1254 1036 1411 1084 Insuper,
1439 1038 1561 1072 eodem
1582 1039 1637 1072 die
1656 1044 1689 1073 et

219 1091 337 1125 eadem
356 1091 454 1130 hora,
483 1090 638 1137 prefatus
656 1090 836 1125 Johannes
855 1090 1024 1132 Steward,
1052 1097 1259 1138 procurator
1278 1098 1312 1126 et
1330 1105 1372 1127 eo
1390 1094 1531 1128 nomine
1558 1095 1690 1140 predic-

217 1152 334 1181 torum
354 1146 487 1180 domini
506 1146 624 1180 David
644 1146 835 1192 Akynheid
853 1152 887 1180 et
904 1146 1075 1182 Johannis
1095 1147 1286 1194 Akynheid
1311 1148 1360 1182 sui
1378 1149 1495 1194 patris,
1527 1162 1691 1196 procura-

218 1202 310 1236 torio
325 1202 467 1235 nomine
484 1207 523 1234 ut
542 1200 653 1247 supra,
674 1200 804 1235 sursum
819 1202 914 1236 dedit
928 1203 963 1235 in
979 1203 1136 1237 manibus
1147 1202 1364 1250 suprascripti
1378 1204 1400 1239 J
1404 1205 1550 1238 ohannis
1567 1204 1691 1238 Schaw

219 1258 337 1293 ballivi
356 1256 575 1303 Giasguenfis
594 1270 632 1291 ac
651 1270 712 1303 per
742 1258 772 1291 le
798 1258 879 1303 lzcsp
909 1263 944 1291 et
956 1258 1083 1304 stapyl
1099 1271 1185 1305 pure
1216 1265 1251 1293 et
1280 1258 1477 1306 simpliciter
1509 1258 1692 1306 refignavit

219 1315 372 1360 quinque
390 1312 516 1347 solidos
533 1314 639 1346 annui
660 1313 816 1347 redditus
833 1314 1012 1348 annuatim
1027 1315 1280 1361 percipiendos,
1296 1316 1514 1362 recipiendos
1529 1322 1563 1350 et
1576 1316 1692 1350 levan-

221 1370 282 1404 dos
313 1370 355 1403 de
386 1369 537 1415 quodam
556 1374 758 1403 tenemento
789 1369 920 1403 domini
948 1369 1120 1405 Johannis
1139 1371 1233 1406 Card
1259 1371 1448 1418 presbiteri,
1467 1372 1613 1406 fundato
1631 1384 1693 1418 per

222 1427 372 1462 eundem
391 1426 581 1473 capellanie
613 1426 732 1461 Sane'ti
753 1426 848 1460 Petri
879 1428 914 1460 in
945 1427 1169 1466 Dunbertan,
1195 1427 1335 1473 jacente
1366 1428 1402 1461 in
1433 1428 1526 1461 di&a
1556 1428 1694 1461 civitate

222 1482 425 1530 Glasguenfi
444 1496 486 1517 ex
504 1489 602 1529 parte
622 1482 782 1516 orientali
802 1483 918 1529 magni
936 1484 1002 1517 vici
1021 1483 1196 1517 tendentis
1215 1483 1259 1516 ad
1278 1496 1415 1517 crucem
1446 1483 1591 1517 foralem
1610 1483 1693 1529 ejus-

223 1541 313 1579 dem,
344 1540 435 1572 inter
454 1544 580 1572 terram
600 1537 668 1571 five
689 1544 926 1572 tenementum
960 1538 1097 1572 Mathei
1117 1538 1287 1584 Pettigrw
1305 1551 1348 1572 ex
1365 1544 1463 1585 parte
1491 1538 1622 1572 boreali
1652 1551 1695 1572 ex

222 1608 302 1635 una,
336 1602 370 1629 et
401 1601 529 1628 terram
548 1593 614 1627 five
633 1599 873 1628 tenementum
893 1594 1077 1628 fundatum
1106 1594 1166 1627 uni
1198 1593 1292 1627 leeto
1322 1594 1358 1627 in
1388 1594 1543 1640 hospitali
1574 1594 1693 1628 Sant‘sti

223 1651 399 1686 Nieholaii
418 1663 479 1697 per
497 1649 730 1683 venerabilem
750 1650 863 1683 virum
883 1649 1081 1695 magistrum
1102 1649 1312 1683 Michaelem
1327 1649 1474 1696 Flemyn
1487 1650 1692 1684 canonicum

224 1705 475 1753 Glasguensem
494 1718 537 1739 ex
555 1711 653 1752 parte
682 1704 830 1745 australi,
861 1705 1016 1752 partibus
1033 1705 1075 1739 ab
1093 1705 1213 1738 altera.
1267 1705 1404 1746 Quibus
1422 1706 1506 1749 [rite
1524 1705 1693 1752 peraetis]

223 1763 402 1810 predi6tus
419 1762 599 1797 ,Iohannes
619 1761 742 1795 Schaw
759 1761 906 1795 ballivus
925 1761 1018 1795 dic‘te
1049 1761 1195 1795 civitatis
1214 1761 1343 1794 dietam
1367 1760 1632 1807 resignationem
1650 1760 1693 1794 fic

218 1819 368 1866 juridice
386 1818 512 1852 fa&a1n
531 1822 711 1863 gratanter
730 1817 900 1863 accipiens
931 1822 965 1850 et
994 1817 1038 1850 ad
1064 1816 1210 1862 spatium
1242 1817 1387 1851 eandem
1419 1822 1552 1856 tenens,
1585 1829 1693 1863 parvo

221 1874 314 1909 faeto
333 1873 529 1913 intervallo,
559 1871 693 1906 acceffit
710 1872 936 1918 personaliter
962 1873 1006 1906 ad
1033 1872 1165 1906 dietum
1184 1878 1424 1906 tenementum
1452 1878 1486 1906 et
1512 1872 1639 1906 ibidem
1658 1873 1694 1905 in

223 1930 403 1979 principali
424 1930 529 1963 domo
548 1929 715 1962 anteriori
734 1926 896 1974 ejusdem,
930 1927 1063 1968 statum,
1088 1926 1239 1962 saisinam
1259 1933 1293 1962 et
1311 1928 1554 1962 hereditariam
1572 1926 1693 1974 poffes-

223 1987 351 2022 lionem
370 1987 522 2032 quinque
541 1984 730 2019 solidorum
749 1984 855 2018 annui
875 1984 1030 2018 redditus
1048 1984 1227 2017 annuatim
1247 1984 1552 2030 percipiendorum
1582 1989 1617 2017 et
1646 1983 1693 2016 le-

224 2043 418 2078 vandorum
435 2042 477 2075 de
492 2041 587 2075 dieto
606 2046 808 2075 tenemento
827 2040 871 2073 ad
890 2040 976 2073 duos
990 2039 1071 2073 anni
1090 2040 1258 2073 terminos
1272 2039 1465 2080 consuetos,
1484 2039 1619 2086 prefato
1635 2039 1694 2072 do-

224 2099 309 2133 mini
327 2098 349 2134 J
352 2098 481 2132 ohanni
501 2097 583 2131 Scot
613 2096 797 2135 monacho,
829 2095 1023 2136 atstornato,
1051 2096 1271 2142 procuratori
1289 2102 1323 2130 et
1341 2094 1481 2142 syndico
1499 2094 1693 2129 monasterii

226 2155 267 2188 de
287 2153 431 2194 Passeto‚
453 2167 495 2188 ex
512 2159 623 2200 parte,
643 2152 786 2186 nomine
806 2156 840 2185 et
858 2151 992 2185 ratione
1012 2151 1159 2185 Abbatis
1178 2157 1212 2185 et
1230 2157 1423 2185 conventus
1441 2150 1604 2197 ejusdem,
1631 2163 1693 2196 per

226 2211 511 2246 deliberationem
526 2211 618 2257 hest),
626 2210 748 2256 stapyl
765 2214 799 2243 et
817 2210 963 2255 argenti,
982 2213 1022 2241 ut
1039 2207 1118 2242 usus
1132 2208 1239 2241 annui
1254 2207 1410 2242 redditus
1425 2206 1481 2247 est,
1502 2206 1607 2246 dedit,
1626 2211 1693 2239 tra-

227 2268 314 2301 didit
344 2273 378 2301 et
408 2269 443 2301 in
461 2268 711 2315 patrimonium
731 2272 765 2300 et
782 2265 1047 2312 proprietariam
1066 2262 1302 2310 pofl'essionem
1321 2263 1416 2297 di6'oe
1435 2261 1639 2296 monasterio
1656 2261 1693 2294 in

226 2328 433 2370 perpetuum
452 2322 759 2370 permansurorum
779 2321 929 2356 contulit
947 2326 981 2355 et
1000 2320 1143 2354 donavit
1161 2325 1195 2354 et
1213 2319 1382 2354 liberavit.
1436 2318 1547 2364 Super
1570 2315 1692 2362 quibus
