1839 2652
738 269 809 305 DE
838 269 1105 305 PASSELET.
1615 272 1658 302 51

184 372 354 414 perpetuo
373 366 480 413 quieti
496 364 561 401 fint
578 366 750 409 absoluti3
781 372 815 401 et
835 372 965 401 cartam
992 378 1114 401 eorum
1138 377 1241 412 quam
1272 363 1377 398 habui
1408 363 1451 398 de
1479 363 1658 410 premissis,

185 422 310 458 eisdem
339 422 528 470 spontanea
558 423 741 457 voluntate
769 435 847 457 mea
876 423 1013 457 reddidi
1043 427 1078 457 et
1108 421 1249 462 restitui,
1278 433 1384 467 quare
1415 419 1496 455 volo
1525 424 1559 453 et
1579 432 1659 453 con-

185 479 271 513 cedo
290 479 383 525 quod
400 478 424 512 fi
442 478 583 524 aliquod
601 478 765 525 {criptum
784 479 827 512 de
846 483 963 513 cetero
977 483 1156 525 repertum
1174 477 1290 517 fuerit,
1311 476 1405 522 quod
1424 475 1466 509 de
1480 474 1658 522 premissis,

183 535 327 569 nomine
346 535 425 575 mei,
449 535 571 568 fecerit
588 535 815 575 mentionem,
845 535 976 569 nullius
1002 533 1041 568 fit
1058 534 1186 569 valoris
1203 532 1260 568 vel
1287 532 1437 572 virtutis,
1465 544 1530 565 nec
1556 531 1660 564 michi

183 591 240 625 vel
260 591 363 625 alicui
381 590 481 624 alteri
498 591 641 624 nomine
660 591 728 625 mei
746 591 782 624 in
800 590 976 638 posterum
993 590 1194 624 valiturum.
1248 588 1294 622 Et
1312 593 1351 622 ut
1373 586 1534 635 premifl'a
1550 587 1661 621 fideli-

183 652 238 681 ter
255 651 290 680 et
315 647 451 692 integre
469 658 531 692 per
561 658 617 679 me
646 645 885 686 observentur,
915 646 959 679 ad
983 645 1103 679 saneta
1121 645 1191 679 Dei
1209 644 1392 690 evangelia
1407 643 1661 678 sacramentum

183 701 313 749 prestiti
331 701 525 748 corporale,
539 706 574 735 et
586 702 622 735 in
635 701 739 748 hujus
756 702 807 736 rei
824 701 1059 736 testimonium
1072 699 1222 747 presenti
1240 699 1365 746 scripto
1377 698 1524 746 sigillum
1543 711 1661 733 meum

186 757 270 792 duxi
288 757 547 804 apponendum.
599 757 735 791 Datum
754 758 845 804 apud
867 755 1024 797 Paffelet‚
1045 757 1101 790 die
1118 756 1218 791 Jovis
1245 756 1406 802 proxima
1433 762 1513 790 ante
1540 755 1660 790 festum

186 813 306 848 Sancti
338 813 497 847 Barnabe
529 812 682 860 apostoli,
715 814 797 847 anni
829 813 940 859 gratie
971 811 1139 846 millelimi
1171 811 1394 846 ducentelimi
1424 811 1661 859 septuagelimi

185 869 336 904 secundi.
407 869 487 904 Hiis
521 869 673 910 testibus,
708 870 850 904 domino
889 869 1047 903 Roberto
1089 874 1174 902 tunc
1212 867 1392 915 capellano
1425 868 1467 902 (le
1501 866 1658 906 Paffelet,

182 925 346 960 Johanne
365 925 408 960 de
428 925 543 966 Knoe,
573 926 712 960 Thoma
742 926 784 960 de
804 925 946 965 Fulton,
976 924 1183 959 Alexandro
1214 924 1256 958 de
1286 924 1502 970 Rutheglen,
1532 924 1662 958 Nicho-

185 981 253 1015 laio
272 981 314 1016 de
335 981 528 1023 Rauilston,
558 982 693 1016 Walter
713 981 855 1029 Pytnot,
888 987 922 1015 et
941 981 1059 1015 multis
1077 981 1163 1015 aliis.

185 1150 386 1184 Conventio
403 1150 495 1185 inter
513 1150 694 1184 dominum
709 1150 885 1184 Abbatem
898 1155 931 1184 et
943 1156 1157 1184 conventum
1177 1150 1219 1184 de
1240 1148 1374 1184 Palleto
1388 1149 1492 1189 facta,
1514 1156 1665 1196 exparte

185 1218 266 1246 una,
291 1211 325 1240 et
344 1205 518 1240 Thomam
537 1212 572 1241 et
591 1206 777 1240 Matildam
795 1219 943 1240 uxorem
962 1205 1055 1241 suam
1076 1212 1110 1241 et
1128 1206 1275 1241 heredes
1293 1218 1429 1246 eorum,
1451 1218 1493 1240 ex
1511 1205 1631 1239 altera.

188 1317 382 1353 NOTUM
400 1316 438 1352 fit
456 1317 616 1352 omnibus
633 1317 773 1365 presens
789 1317 953 1364 scriptum
972 1317 1230 1365 inspicientibus
1248 1318 1517 1353 conventionem
1538 1318 1664 1352 saetam

189 1373 255 1409 effe
273 1374 365 1408 inter
385 1374 557 1408 Abbatem
578 1379 612 1408 et
630 1378 841 1408 conventum
862 1373 904 1407 de
925 1372 1094 1408 Paffeleto
1126 1387 1169 1409 ex
1187 1380 1286 1421 parte
1314 1387 1395 1414 una,
1427 1380 1461 1408 et
1490 1374 1664 1408 Thomam

189 1430 232 1465 de
251 1430 382 1464 Fulton
409 1435 443 1464 et
475 1430 660 1464 Matildam
680 1442 827 1463 uxorem
841 1429 936 1463 suam
955 1435 990 1464 et
1008 1430 1152 1464 heredes
1171 1443 1293 1465 eorum
1322 1443 1364 1464 ex
1391 1430 1509 1469 altera,
1541 1430 1576 1464 in
1602 1430 1665 1464 hec

188 1486 316 1528 verba3
347 1485 586 1521 OMNIBUS
615 1485 738 1520 Christi
766 1485 925 1520 fidelibus
942 1485 1081 1532 presens
1098 1486 1263 1533 scriptum
1282 1485 1403 1520 visuris
1422 1486 1477 1520 vel
1497 1486 1666 1520 audituris

188 1544 295 1578 frater
315 1543 511 1590 Stephanus
530 1543 644 1577 dictus
662 1543 765 1577 abbas
784 1543 826 1577 de
848 1541 1004 1582 Pass'elet,
1025 1547 1059 1576 et
1087 1541 1239 1589 ejusdem
1269 1542 1337 1576 loci
1356 1547 1561 1582 conventus,
1581 1540 1667 1575 salu-

190 1606 261 1634 tem
279 1600 316 1633 in
334 1599 493 1633 Domino
511 1599 766 1646 sempiternam.
822 1598 970 1633 Noverit
990 1597 1189 1632 universitas
1215 1597 1326 1632 vestra
1343 1598 1447 1644 quod,
1478 1610 1556 1632 cum
1586 1595 1667 1631 effe-

190 1668 268 1689 mus
286 1655 384 1701 gravi
401 1667 507 1689 onere
536 1655 603 1689 eris
633 1655 736 1690 alieni
755 1655 908 1700 obligati,
941 1660 975 1688 et
1001 1653 1070 1688 fine
1101 1654 1385 1701 impignoratione
1411 1655 1518 1701 partis
1548 1666 1666 1688 rerum

192 1711 386 1746 nostrarum
405 1712 608 1758 aprediefis
637 1711 760 1746 debitis
788 1711 971 1745 exonerari
998 1724 1070 1745 non
1097 1712 1287 1758 potuimus,
1319 1724 1384 1745 nos
1415 1711 1457 1744 de
1490 1712 1667 1744 communi

190 1766 331 1802 confilio
350 1773 385 1802 et
403 1766 568 1802 consensu
587 1768 727 1815 capituli
745 1767 850 1801 noflri
870 1767 1027 1801 dedimus
1045 1766 1271 1801 conceffimus
1300 1772 1333 1801 et
1361 1765 1510 1814 presenti
1542 1765 1666 1813 scripto

191 1824 438 1858 confirmamus
466 1823 603 1858 Thome
623 1824 665 1858 de
685 1824 816 1858 Fulton
844 1828 879 1857 et
908 1822 1058 1857 Matilde
1086 1824 1188 1857 uxori
1218 1822 1288 1864 sue,
1317 1828 1462 1870 propter
1492 1823 1665 1868 quandam

191 1881 338 1928 pecunie
355 1880 523 1915 summani
541 1894 644 1927 quam
663 1882 697 1915 in
719 1881 903 1915 utilitatem
921 1879 1116 1914 monasterii
1134 1879 1239 1914 nostri
1258 1880 1466 1927 profitemur
1493 1876 1559 1913 effe
1585 1892 1666 1913 con-

191 1936 335 1978 versam,
367 1943 477 1971 totam
502 1944 633 1972 terram
652 1937 801 1971 nostram
821 1937 863 1971 de
882 1936 1014 1970 Fulton
1042 1948 1144 1982 quam
1176 1936 1219 1970 de
1249 1935 1348 1970 nobis
1379 1940 1476 1969 tenet
1506 1935 1667 1969 dominus

195 1993 373 2027 Antonius
390 1993 499 2034 miles,
519 1993 593 2040 post
610 1992 736 2028 cess'um
752 1994 807 2028 vel
822 1991 992 2027 deeeffum
1010 1992 1157 2039 predffl’ci
1179 1992 1311 2026 domini
1331 1992 1492 2031 Antonii,
1512 2004 1574 2037 per
1592 1992 1667 2025 illas

194 2048 314 2082 divisas
332 2062 393 2096 per
411 2062 494 2095 quas
512 2049 716 2084 Nicholaius
735 2050 777 2084 de
797 2050 928 2084 Fulton
947 2062 1022 2083 eain
1042 2049 1084 2083 de
1101 2048 1201 2082 nobis
1220 2048 1356 2090 tenuit3
1390 2048 1436 2081 ita
1462 2047 1555 2093 quod
1574 2053 1667 2081 terra

194 2105 237 2138 ad
254 2110 397 2150 pontem
417 2105 459 2139 de
480 2105 580 2145 Kert‚
613 2112 647 2140 et
677 2106 743 2140 alie
773 2111 866 2140 terre
892 2118 976 2151 quas
1004 2104 1216 2139 Laurentius
1235 2104 1472 2150 carpentarius
1490 2104 1664 2149 quondam

195 2161 237 2194 de
255 2160 354 2194 nobis
371 2161 495 2201 tenuit,
528 2167 562 2195 et
587 2174 671 2207 quas
698 2162 846 2209 prediffi
865 2161 1020 2195 Thomas
1039 2166 1073 2195 et
1097 2160 1244 2194 Matilda
1260 2172 1351 2194 uxor
1369 2159 1429 2193 sua
1445 2158 1503 2193 seu
1522 2160 1666 2194 heredes

194 2216 244 2250 sui
263 2216 305 2250 de
323 2216 422 2250 nobis
438 2221 572 2259 tenent,
592 2218 635 2251 ad
650 2230 713 2252 nos
727 2224 760 2252 et
778 2217 1022 2252 monasterium
1038 2216 1190 2250 nostrum
1207 2215 1315 2250 libere
1335 2221 1369 2250 et
1382 2215 1524 2262 pacifice
1536 2222 1666 2250 revert-

195 2278 299 2306 entur
324 2271 398 2318 post
423 2270 547 2306 ceffum
566 2273 621 2307 vel
649 2272 819 2308 deceffum
848 2273 997 2320 predie‘ci
1028 2272 1160 2306 domini
1190 2272 1363 2306 Antonii:
1392 2271 1599 2306 Tenendum
1631 2279 1664 2305 et

195 2328 388 2363 habendam
406 2328 570 2375 prediEtis
585 2328 723 2364 Thorne
743 2335 777 2363 et
797 2328 947 2363 Matilde
965 2329 1067 2363 uxori
1085 2328 1143 2363 sue
1162 2334 1196 2363 et
1215 2341 1337 2363 eorum
1356 2328 1465 2363 tribus
1484 2327 1668 2362 heredibus
