1839 2652
174 287 242 322 156
565 287 879 324 REGISTRUM
908 288 1246 324 MONASTERII

173 384 258 418 mini
286 383 464 418 millesimo
491 382 830 431 quadringentesimo
858 384 1083 431 nonogefimo
1106 385 1232 432 primo,
1261 397 1376 420 coram
1405 385 1468 421 hiis
1492 388 1643 431 testibus,

173 443 213 474 ut
229 452 349 485 supra.

269 495 316 530 Et
335 508 399 542 ego
420 496 625 530 Alexander
656 494 825 542 Clugston
855 495 1021 544 preibiter
1050 496 1285 532 Candidecase
1311 497 1461 538 diocefis‚
1493 499 1650 546 publicus

266 551 533 586 auctoritatibus
560 551 730 598 imperiali
757 558 792 587 et
817 553 926 599 regali
957 552 1135 593 Notarius,
1155 552 1422 601 prescriptarum
1454 554 1650 591 litterarum

268 607 471 654 receptioni,
500 606 706 654 inspe6tioni
725 614 760 643 et
778 609 931 649 decreto,
952 608 1141 655 ceterisque
1168 609 1329 644 omnibus
1347 615 1382 644 et
1399 609 1539 656 lingulis
1567 611 1649 646 dum

267 661 310 697 fic
327 668 367 697 ut
384 664 599 710 premittitur
616 670 806 710 agerentur
832 670 866 699 et
896 665 1032 706 fierent,
1064 677 1216 700 unacum
1242 666 1494 713 prenominatis
1511 666 1650 702 testibus

270 719 423 759 interfui,
456 732 565 765 eaque
584 720 701 754 omnia
728 726 763 754 et
792 719 925 767 fingula
952 720 995 755 fic
1025 721 1100 756 fieri
1117 722 1189 756 vidi
1220 727 1255 756 et
1285 722 1401 757 audivi
1420 723 1513 757 acin
1530 728 1650 758 notam

267 776 354 822 cepi,
385 788 428 809 ex
455 789 524 821 qua
553 776 618 810 hoc
649 776 788 823 presens
818 777 996 824 publicum
1025 777 1293 812 instrumentum
1320 777 1387 813 five
1418 779 1484 813 hoc
1511 778 1650 826 presens

267 830 533 878 transumptum,
567 845 673 866 manu
690 845 768 867 mea
786 833 926 880 propria
943 833 1118 881 scriptum,
1150 833 1216 868 feci
1247 840 1281 868 et
1307 835 1343 868 in
1368 835 1459 869 hanc
1476 835 1650 882 publicam

267 887 414 921 formam
434 888 564 934 redegi,
584 887 749 935 signoque
768 890 911 924 nomine
929 890 1014 924 meis
1027 889 1134 924 solitis
1152 895 1186 924 et
1205 889 1376 924 consuetis
1390 889 1530 937 fignavi,
1550 904 1649 938 roga-

268 948 324 977 tus
342 949 377 978 et
395 943 588 990 requifituS,
609 945 645 978 in
662 944 765 979 fidem
787 951 820 980 et
838 945 1072 980 testimonium
1091 945 1247 980 veritatis
1274 946 1430 980 omnium
1450 952 1484 981 et
1501 945 1649 993 fingulo-

266 1012 344 1033 rum
362 998 615 1047 premifforum.

172 1168 308 1204 Littera
324 1169 496 1205 Johannis
514 1169 649 1204 comitis
667 1169 710 1203 de
733 1167 828 1210 Roff,
848 1182 954 1217 penes
973 1170 1128 1205 ecclefias
1146 1170 1236 1205 infra
1252 1170 1328 1205 suas
1346 1170 1489 1205 bondas.

172 1281 408 1318 JOANNES
428 1283 470 1317 de
489 1282 555 1317 Yle
574 1295 690 1317 comes
710 1280 826 1316 Roffie
845 1287 879 1317 et
898 1282 1059 1316 dominus
1070 1281 1259 1316 insularum
1273 1281 1439 1317 univerfis
1457 1288 1491 1317 et
1508 1282 1649 1329 lingulis

170 1338 214 1373 ad
231 1350 380 1384 quorum
399 1338 540 1373 notitias
557 1337 733 1385 presentes
751 1338 867 1373 littere
885 1338 1111 1385 pervenerint
1128 1338 1273 1372 salutem
1303 1339 1340 1373 in
1368 1339 1525 1373 omnium
1543 1338 1649 1374 salva-

169 1400 257 1429 tore.
311 1394 461 1429 Noverit
478 1392 680 1429 univerfitas
698 1394 810 1429 vestra
826 1407 891 1428 nos
909 1392 1077 1434 dimififfe,
1098 1406 1236 1428 necnon
1255 1407 1317 1441 per
1334 1394 1510 1442 presentes
1527 1395 1647 1436 libere,

171 1451 285 1496 quiete
305 1456 339 1485 et
356 1451 497 1498 pacifice
517 1451 734 1491 dimittimus,
758 1450 1014 1485 venerabilibus
1032 1455 1067 1484 et
1084 1449 1247 1496 religiofis
1265 1450 1347 1484 viris
1367 1450 1496 1484 Abbati
1515 1456 1549 1485 et
1567 1464 1648 1485 con-

170 1506 291 1540 ventui
311 1507 353 1540 de
374 1506 517 1546 Passeto,
537 1506 754 1553 presentibus
772 1505 1083 1546 conservatoribus,
1104 1505 1148 1540 ob
1166 1506 1410 1546 reverentiam,
1437 1506 1585 1552 gloriam
1613 1513 1648 1541 et

169 1562 341 1596 honorem
355 1562 605 1608 omnipotentis
620 1562 692 1596 Dei
703 1575 742 1596 ac
756 1560 943 1596 beatiflime
956 1561 1112 1607 Virginis
1127 1560 1241 1596 Marie
1259 1562 1378 1596 matris
1393 1561 1467 1608 ejus
1481 1567 1515 1596 et
1528 1562 1647 1597 Sancti

174 1617 299 1651 Mirini
318 1618 544 1663 omniumque
571 1617 783 1657 sanfiwrum,
816 1617 983 1651 rectoriae,
1011 1615 1229 1651 ecclefiarum
1260 1617 1380 1651 Sancti
1400 1617 1583 1664 Kylkeran
1613 1624 1648 1652 et

172 1673 368 1708 Colmaneli
387 1673 423 1706 in
443 1672 593 1719 Kyntire
612 1678 647 1707 et
667 1672 841 1720 Knapdal,
875 1672 1093 1719 Ergadienfis
1119 1671 1269 1713 diocefis,
1301 1685 1363 1719 per
1392 1672 1648 1720 predecessores

170 1729 303 1764 nostros
321 1728 459 1769 eisdem,
478 1741 542 1776 pro
560 1728 668 1763 salute
683 1729 877 1763 animarum
892 1728 1041 1776 ipsarum
1055 1733 1089 1762 et
1102 1727 1227 1768 nostra,
1247 1727 1419 1763 conceffas
1433 1729 1647 1776 temporibus

170 1785 365 1825 retroactis,
380 1784 464 1819 ficut
478 1785 513 1818 in
526 1784 627 1819 cartis
642 1784 744 1831 super
758 1784 824 1819 hoc
838 1784 1006 1818 eonfeffis
1019 1784 1156 1831 plenius
1170 1784 1370 1819 continetur
1379 1799 1389 1828 3
1405 1785 1648 1831 permittentes

173 1840 298 1876 eisdem
318 1840 449 1874 Abbati
477 1845 511 1875 et
541 1841 731 1875 conventui
750 1841 859 1875 difi‘cas
877 1840 1045 1874 rectorias
1062 1837 1213 1874 affedare
1244 1846 1278 1874 et
1311 1840 1353 1874 de
1384 1840 1510 1875 eisdem
1538 1841 1647 1875 libere

173 1896 354 1944 disponere
385 1902 420 1930 et
450 1896 635 1943 providere
652 1896 778 1930 futuris
795 1895 1009 1943 temporibus
1026 1894 1111 1930 ficut
1136 1896 1184 1930 eis
1213 1896 1337 1930 melius
1353 1896 1528 1931 videbitur
1546 1910 1648 1945 expe-

173 1953 259 1993 dire,
279 1957 382 1998 atque
400 1952 605 1986 mandantes
622 1952 769 1986 firmiter
787 1957 822 1986 et
840 1951 993 1986 districte
1011 1950 1176 1986 univerfis
1194 1957 1229 1986 et
1246 1951 1385 1998 lingulis
1403 1952 1525 1987 nostris
1538 1953 1647 1987 horni-

172 2009 272 2044 nibus
290 2014 461 2055 quatenus
478 2007 619 2056 prefatis
637 2008 780 2042 domino
800 2007 930 2042 Abbati
957 2013 990 2042 et
1020 2008 1209 2042 conventui
1227 2014 1287 2042 aut
1305 2021 1427 2043 eorum
1445 2015 1647 2056 procurato-

172 2066 266 2100 ribus
283 2065 320 2098 in
338 2064 401 2099 hac
418 2070 516 2111 parte
542 2064 578 2097 in
604 2062 813 2098 affedatione
831 2064 1005 2098 dictarum
1023 2062 1240 2098 ecclefiarum
1258 2064 1396 2099 nullum
1422 2065 1648 2112 impedimen-

172 2128 247 2156 tum
266 2120 415 2168 prestare
433 2119 643 2167 presumant,
674 2120 736 2155 sub
765 2133 856 2168 pena
873 2120 968 2154 omni
999 2132 1102 2165 quam
1130 2132 1213 2166 erga
1242 2119 1392 2154 nostram
1420 2120 1646 2155 donationem

174 2178 332 2211 amittere
350 2177 505 2223 poterint
522 2175 760 2223 quovismodo.
812 2176 857 2210 In
875 2175 973 2223 cujus
998 2176 1049 2210 rei
1076 2175 1310 2210 testimonium
1327 2175 1482 2210 nostrum
1499 2175 1646 2223 figillum

174 2231 389 2279 presentibus
406 2231 453 2266 est
469 2232 623 2267 affixum.
676 2232 810 2267 Datum
828 2232 920 2279 apud
948 2231 1290 2278 Cleandaghallagan
1316 2232 1352 2265 in
1374 2231 1557 2278 Knapadal
1573 2231 1647 2265 xxi⁰

176 2289 231 2322 die
248 2286 369 2321 mensis
388 2286 476 2322 Maii
494 2301 587 2323 anno
616 2288 763 2323 Domini
793 2287 970 2323 millesimo
998 2286 1336 2334 quadsingentefimo
1365 2285 1645 2334 quinquagesimo

173 2344 307 2390 quinto.
