1839 2652
770 267 841 302 DE
869 266 1137 302 PASSELET.
1623 273 1692 311 217

210 361 293 395 dieti
309 361 452 396 alteram
468 377 477 405 ;
507 362 714 397 Tenendam
734 363 782 397 eis
800 363 835 397 in
849 363 1005 404 liberam,
1024 376 1159 410 puram,
1180 363 1332 409 quietam
1351 368 1386 398 et
1398 368 1605 411 perpetuam
1620 366 1687 400 ele-

209 417 384 458 mosinam,
418 419 465 452 ita
482 419 602 459 libere,
632 420 759 465 quiete,
792 419 947 465 plenarie
976 424 1011 453 et
1037 419 1231 454 honorifice
1261 418 1345 454 ficut
1374 419 1457 454 alias
1485 420 1686 456 elemofinas

207 472 266 507 fibi
285 474 381 508 datas
399 474 551 515 liberius,
572 475 721 521 quietius
740 479 774 509 et
792 475 1082 510 honorificentius
1099 480 1223 510 tenent
1242 481 1275 510 et
1293 473 1476 522 poffident.
1529 476 1686 512 Conceffi

208 530 311 564 etiam
331 531 378 565 eis
396 531 491 577 quod
510 531 645 565 nullum
665 531 760 565 aliud
778 532 835 564 iar
853 531 913 565 fiet
932 531 1034 578 super
1053 531 1183 566 dietam
1210 544 1348 566 amnem
1376 532 1419 566 de
1446 532 1569 567 Leven
1595 534 1687 568 inter

206 585 293 620 illud
314 587 370 620 iar
387 587 481 633 quod
500 587 547 621 eis
566 587 646 621 dedi
665 592 699 620 et
718 586 831 620 lacum
850 599 968 620 meum
989 587 1031 621 de
1052 586 1185 621 Leven.
1250 587 1330 621 Hiis
1356 587 1507 629 testibus,
1542 589 1684 624 domino

207 641 383 677 Duncano
405 642 551 689 Karryc,
582 642 759 676 Duncano
787 642 859 675 filio
887 642 1059 688 Dungalli
1077 643 1120 676 de
1148 643 1311 689 Ergadia‚
1344 643 1514 690 Dufgallo
1545 650 1580 679 et
1610 645 1684 680 Ha-

203 699 329 740 melen,
359 699 522 733 fratribus
540 699 638 738 meis,
671 698 835 732 Gilberto
866 703 901 731 et
921 698 1088 739 Abialon,
1121 699 1255 733 clericis
1281 700 1379 740 meis,
1415 700 1580 735 XVilelmo
1609 702 1681 736 filio

205 755 316 795 Vede,
333 755 473 789 Thoma
492 754 646 795 Galkell,
667 760 702 789 et
719 754 837 788 multis
855 753 940 788 aliis.

202 923 434 958 Confirmatio
455 922 662 957 Maldoveni
680 921 816 956 comitis
844 922 887 956 de
906 921 1075 957 Levenax
1103 922 1263 957 Roberto
1284 922 1494 964 Herthfmd,
1526 924 1568 958 de
1589 924 1674 958 Dal-

201 979 386 1013 maunoch.

199 1089 391 1124 SCIANT
409 1095 479 1124 tam
497 1088 674 1137 presentes
691 1101 795 1135 quam
823 1089 931 1123 futuri
951 1089 1045 1135 quod
1072 1102 1138 1136 ego
1159 1089 1395 1125 Maldovenus
1413 1104 1530 1127 comes
1549 1093 1591 1128 de
1611 1093 1677 1128 Le-

197 1159 310 1181 venax
329 1145 473 1180 concessi
493 1151 526 1180 et
557 1146 621 1179 hac
640 1150 735 1179 carta
764 1157 842 1179 mea
871 1145 1076 1180 confirmavi
1095 1146 1322 1180 donationem
1349 1147 1444 1182 illam
1463 1161 1567 1194 quam
1587 1149 1677 1183 Duf-

196 1202 309 1249 gallus
326 1202 434 1236 frater
463 1214 561 1235 meus
589 1201 670 1235 fecit
700 1201 844 1235 domino
864 1200 1024 1237 Roberto
1045 1202 1243 1238 Herthford
1273 1204 1411 1245 clerico,
1444 1206 1487 1240 de
1506 1212 1600 1240 terra
1617 1206 1677 1240 illa

197 1271 263 1305 que
282 1259 408 1292 dicitur
427 1257 675 1292 Dalmaunoch
692 1271 701 1299 ;
730 1256 938 1292 Tenendam
958 1264 993 1293 et
1018 1258 1255 1306 poffidendam
1273 1259 1331 1294 fibi
1350 1266 1384 1295 et
1403 1262 1589 1297 heredibus
1606 1262 1673 1297 suis

196 1316 238 1351 de
258 1317 353 1350 dieto
372 1315 549 1350 Galloduf
561 1315 667 1349 fratre
686 1327 764 1349 meo
783 1319 818 1349 et
835 1314 1021 1349 heredibus
1035 1314 1103 1349 suis
1116 1315 1152 1349 in
1166 1316 1269 1350 feodo
1284 1321 1318 1350 et
1332 1317 1537 1359 hereditate,
1551 1319 1671 1360 libere,

196 1373 323 1418 quiete,
355 1372 511 1419 plenarie
543 1376 577 1406 et
594 1371 788 1405 honorifice
805 1383 868 1417 per
895 1371 1012 1405 omnia
1028 1368 1113 1404 ficut
1131 1377 1224 1405 carta
1243 1371 1344 1419 ipfius
1363 1373 1523 1420 Dufgalli
1542 1375 1572 1408 ei
1591 1375 1673 1410 inde

195 1429 355 1463 confe&a
372 1428 509 1475 plenius
526 1427 678 1462 testatur.
749 1427 829 1461 Hiis
847 1427 998 1467 testibus,
1033 1426 1213 1473 Dufgallo‚
1245 1428 1433 1469 Duneano,
1466 1429 1668 1472 Hamelino‚

196 1484 401 1524 Maleolmo,
430 1483 640 1523 Gillecristo,
660 1483 823 1517 fratribus
841 1483 937 1523 meis,
958 1481 1136 1529 Gilleseop
1156 1483 1360 1525 Gallebrad,
1385 1485 1550 1520 Rochero
1562 1487 1668 1523 fratre

193 1541 277 1588 ejus,
300 1539 494 1574 Malcolmo
514 1539 599 1586 Beg,
633 1539 776 1573 domino
795 1539 956 1574 Jocelino
983 1537 1026 1571 de
1059 1536 1217 1579 Perthec‚
1251 1539 1394 1574 domino
1422 1540 1599 1577 Absalone
1626 1544 1669 1578 de

193 1596 374 1637 Buchkan,
395 1595 594 1630 Gillecristo
614 1601 648 1630 et
667 1595 885 1630 Maldoveno
904 1594 982 1628 filiis
1002 1593 1130 1634 David,
1160 1594 1381 1630 Nicholdaue
1407 1596 1557 1644 Comyn,
1590 1599 1669 1633 bur·
1690 1618 1704 1634 a
1721 1606 1743 1619 -’

190 1651 348 1698 genfibus
367 1652 410 1686 de
429 1651 584 1698 Glasgw,
605 1657 640 1686 et
658 1651 776 1686 multis
794 1651 879 1685 aliis.

191 1820 399 1868 Preceptum
417 1820 638 1856 Cancellario
657 1821 843 1862 directum,
862 1820 965 1868 super
983 1823 1250 1859 confirmatione
1265 1824 1424 1860 habenda
1442 1826 1485 1861 de
1504 1829 1664 1863 omnibus

188 1877 289 1911 cartis
307 1882 342 1911 et
360 1876 692 1911 confirmationibus.

189 1988 466 2023 ROBERTUS
485 1988 556 2022 Dei
572 1987 685 2035 gratia
711 2001 772 2024 rex
791 1990 976 2025 Scotorum
1007 1991 1188 2026 Bernardo
1219 1992 1333 2026 abbati
1366 1993 1409 2027 de
1442 1993 1660 2041 Abyrbroith

187 2043 395 2078 cancellario
414 2043 474 2078 suo
492 2043 647 2078 salutem.
715 2044 927 2080 Mandamus
945 2047 1043 2080 vobis
1061 2052 1096 2080 et
1121 2048 1332 2094 precipimns
1349 2049 1513 2094 quatinus
1531 2050 1661 2086 faciatis

186 2099 364 2145 religiosos
382 2099 475 2133 viros
495 2099 669 2134 Abbatem
689 2106 724 2134 et
742 2107 957 2136 conventum
988 2103 1030 2136 de
1050 2101 1184 2136 Passeto
1202 2103 1330 2138 habere
1357 2104 1657 2142 confirmationem

186 2156 228 2189 de
247 2155 379 2202 capella
396 2155 511 2189 nostra
529 2156 565 2189 in
584 2156 699 2190 debita
717 2156 829 2191 forma
859 2158 998 2197 factam,
1032 2158 1074 2191 de
1106 2158 1267 2192 omnibus
1294 2159 1397 2192 cartis
1423 2165 1458 2194 et
1477 2161 1659 2197 confirma-

185 2210 337 2245 tionibus
356 2211 423 2244 suis
441 2223 524 2256 quas
541 2211 692 2246 habeant
723 2217 794 2247 tam
813 2214 855 2248 de
875 2214 1053 2248 datoribus
1083 2219 1256 2248 terrarum
1289 2220 1323 2248 et
1351 2215 1569 2251 eccleliarum
1601 2219 1660 2253 eis-

185 2267 275 2307 dem,
307 2279 409 2312 quam
429 2267 472 2301 de
490 2267 581 2301 bone
599 2267 767 2302 memorie
787 2268 995 2303 Alexandro
1020 2281 1103 2315 rege
1123 2269 1239 2304 Scotie
1269 2270 1508 2317 predeceffore
1528 2274 1655 2315 nostro,

183 2328 289 2371 prout
307 2323 400 2357 dic'te
419 2328 512 2357 carte
531 2328 565 2357 et
584 2323 866 2359 confirmationes
896 2325 1033 2371 plenius
1053 2325 1089 2359 in
1106 2324 1140 2360 se
1170 2332 1379 2373 proportant
1412 2334 1446 2363 et
1476 2329 1654 2367 testantur.

904 2383 926 2414 2
944 2391 966 2414 E
