1839 2652
718 283 789 318 DE
817 283 1085 319 PASSELET.
1622 291 1644 321 3

164 380 327 416 fratribus
340 379 469 414 scilicet
488 380 530 414 de
549 379 709 420 Wenloc,
738 381 832 415 unde
860 381 951 415 inter
980 393 1044 414 nos
1070 384 1185 414 ratum
1211 379 1360 414 habetur
1387 382 1643 429 cyrographum

164 435 354 470 secundum
373 434 656 482 compositionem
674 435 766 469 inter
783 448 847 469 nos
864 436 1004 477 factam,
1024 449 1127 482 quam
1146 437 1177 471 ei
1196 442 1230 470 et
1248 437 1434 471 heredibus
1447 436 1514 471 suis
1532 443 1643 472 ratam

166 497 200 527 et
217 489 452 526 inconcuffam
470 491 764 526 confirmavimus.
816 491 1059 527 Donationem
1077 498 1194 527 autem
1221 505 1324 538 quam
1352 493 1531 539 predictus
1551 493 1644 528 Wal-

165 554 272 589 terus,
292 561 356 595 pro
374 547 591 582 libertatibus
609 546 676 581 suis
701 547 880 588 habendis,
901 549 1021 582 domui
1041 549 1083 583 de
1103 548 1252 582 WVenloc
1278 549 1370 596 apud
1404 549 1543 583 Renfru
1561 562 1642 584 con-

167 602 318 644 miserat,
338 603 438 638 nobis
456 602 656 638 effcambuit
674 603 767 650 apud
786 603 987 644 Menewde,
1015 604 1110 638 unde
1130 610 1260 639 cartam
1278 603 1373 639 suam
1391 605 1569 640 habemus.

167 770 399 806 Confirmatio
418 769 587 817 Stephani
604 769 736 804 abbatis
751 770 998 812 Cluniacenfis,
1027 772 1070 806 de
1088 771 1294 806 fundatione
1313 771 1466 819 ejusdem
1485 773 1564 808 loci.

169 881 475 918 STEPHANUS
519 881 590 915 Dei
630 882 742 927 gratia
769 882 909 915 humilis
938 882 1174 917 Cluniacenfis
1208 883 1312 917 abbas
1339 885 1500 919 omnibus
1524 885 1642 920 sanese

167 939 286 973 matris
324 936 462 972 ecclefie
492 937 571 971 filiis
597 942 631 971 et
660 937 785 971 Christi
812 938 972 972 fidelibus
997 945 1203 985 perpetuam
1234 940 1269 973 in
1301 940 1460 975 Domino
1486 940 1643 975 salutem.

168 993 393 1030 Univerfitati
430 993 540 1028 vestre
577 992 824 1027 innotescimus
867 994 961 1039 quod
999 995 1204 1041 petitionem
1248 995 1404 1030 eariffimi
1439 997 1501 1031 filii
1539 998 1644 1032 nostri

169 1050 364 1085 Humbaldi
381 1049 506 1096 prioris
525 1049 567 1083 de
588 1048 736 1083 &Venloc
753 1050 988 1090 concedimus,
1017 1055 1051 1084 et
1081 1051 1339 1098 imperpetuum
1359 1058 1470 1086 ratam
1497 1052 1563 1087 efle
1583 1053 1645 1087 dis-

168 1107 342 1141 cernimus
372 1104 656 1151 compositionem
675 1117 742 1150 que
760 1105 853 1139 facta
879 1105 925 1140 est
954 1107 1045 1141 inter
1077 1107 1235 1142 Priorem
1255 1109 1393 1143 eeclefie
1424 1110 1466 1143 de
1498 1109 1646 1144 VVenloc

168 1168 203 1197 et
221 1162 417 1196 W'alterum
443 1161 555 1194 filium
582 1161 690 1194 Alani
719 1161 913 1207 dapiferum
942 1162 1051 1208 Regis
1078 1164 1205 1204 Scotie,
1234 1165 1277 1198 de
1303 1164 1464 1199 libertate
1491 1166 1560 1199 loci
1587 1167 1645 1212 qui

169 1219 295 1252 dicitur
310 1215 457 1251 Paffelet
475 1222 509 1251 et
528 1221 722 1250 conventus
740 1216 868 1250 ibidem
888 1218 1074 1259 constituti,
1102 1225 1152 1260 ut,
1173 1221 1469 1265 quemadmodum
1485 1234 1646 1268 cyrogra-

168 1274 277 1320 phum
295 1273 428 1306 factum
446 1272 488 1306 de
507 1270 765 1318 conipofitione,
786 1277 820 1306 et
837 1271 962 1319 scripta
980 1286 1022 1308 ex
1040 1280 1188 1320 utraque
1202 1284 1300 1322 parte
1319 1277 1361 1311 de
1381 1277 1646 1312 confirmatione

169 1330 262 1364 illius
280 1329 361 1362 data
378 1333 413 1362 et
430 1333 582 1374 accepta,
610 1327 789 1368 testantur,
817 1328 914 1362 locus
942 1329 1000 1364 ille
1028 1331 1231 1365 inviolatam
1261 1337 1295 1366 et
1322 1333 1495 1378 integram
1521 1333 1647 1380 imper-

169 1390 315 1432 petuum
334 1384 490 1431 optineat
507 1383 714 1418 libertatem.
767 1384 814 1418 Et
843 1397 887 1418 ne
915 1397 995 1419 ceca
1021 1386 1197 1421 oblivione
1225 1387 1389 1434 depereat
1407 1389 1500 1434 quod
1519 1389 1561 1423 de
1580 1389 1647 1423 loci

171 1440 274 1487 hujus
291 1440 452 1474 libertate
470 1438 651 1479 sancimus,
683 1439 837 1486 apicibus
862 1440 985 1474 nostris
1016 1446 1050 1475 et
1079 1440 1178 1488 figilli
1207 1443 1313 1477 nostri
1343 1445 1530 1479 autoritate
1560 1445 1648 1479 illud

172 1496 428 1536 confirmamus,
461 1500 496 1529 et
521 1494 736 1542 presentibus
754 1496 884 1542 pariter
903 1501 937 1530 et
954 1496 1081 1531 futuris
1107 1498 1365 1546 imperpetuum
1393 1499 1647 1535 observandum

171 1553 318 1588 firmiter
346 1552 568 1598 precipimus.
622 1549 739 1597 Ipsum
771 1551 874 1585 etiam
902 1551 1109 1593 VValterum,
1143 1554 1211 1588 loci
1241 1555 1333 1589 illius
1360 1555 1582 1590 fundatorem
1615 1563 1649 1591 et

171 1608 259 1642 tanti
286 1607 445 1641 beneficii
476 1607 689 1653 largitorem,
719 1607 756 1640 in
782 1607 925 1641 fratrem
955 1606 1166 1655 suscipimus,
1187 1615 1222 1644 et
1256 1611 1413 1645 omnium
1449 1612 1649 1647 orationum

172 1663 279 1698 totius
313 1663 445 1697 ordinis
480 1662 640 1696 Cluniaci
673 1662 878 1709 participem
913 1663 1163 1699 constituimus.
1234 1666 1280 1700 Et
1314 1665 1336 1700 fi
1371 1666 1495 1713 absque
1528 1668 1649 1703 habitu

173 1718 288 1753 nostro
316 1718 423 1753 vitam
451 1718 591 1758 finierit,
619 1718 713 1763 quod
743 1717 836 1758 absit,
867 1719 928 1753 fiat
944 1733 1009 1767 pro
1038 1734 1080 1755 eo
1108 1728 1279 1767 quantum
1309 1736 1373 1770 pro
1404 1737 1476 1758 11110
1502 1725 1650 1760 fratrum

173 1774 371 1809 nostrorum
388 1774 425 1807 in
442 1774 661 1808 trieennariis
679 1779 714 1808 et
731 1772 833 1808 miffis
851 1780 886 1808 et
903 1775 1040 1822 psalmis
1058 1782 1093 1812 et
1111 1778 1272 1813 omnibus
1289 1779 1364 1813 aliis
1381 1779 1568 1815 beneficiis.

177 1941 407 1977 Confirmatio
443 1940 596 1976 Sauarici
629 1942 755 1988 prioris
790 1942 833 1977 de
873 1942 1030 1978 Caritate
1065 1942 1168 1991 super
1202 1946 1419 1982 libertatibus
1452 1949 1649 1984 monasterii

177 1998 219 2033 de
238 1997 382 2032 Passeto.

178 2108 235 2143 IN
261 2108 475 2143 NOMINE
498 2108 610 2142 Patris
625 2114 659 2143 et
674 2108 753 2143 Filii
768 2114 801 2144 et
817 2110 965 2157 Spiritus
981 2111 1112 2146 Sancti.
1154 2113 1235 2153 Que
1249 2114 1395 2159 provide
1414 2119 1448 2148 et
1463 2115 1651 2149 rationabi-

176 2165 256 2199 liter
280 2164 381 2204 fiunt,
413 2164 457 2198 ad
482 2164 699 2210 posterorum
724 2166 885 2199 notitiam
913 2165 1039 2214 scripto
1067 2169 1297 2209 committere,
1326 2175 1361 2203 et
1390 2168 1471 2204 usus
1498 2176 1532 2204 et
1558 2172 1648 2206 ratio

177 2220 294 2266 exigit.
347 2219 495 2254 Cunctis
512 2220 627 2266 itaque
654 2226 724 2254 tam
742 2220 959 2268 presentibus
977 2236 1079 2269 quam
1099 2223 1224 2258 futuris
1242 2229 1366 2258 notum
1384 2225 1529 2260 facimus
1555 2228 1651 2272 quod

178 2277 354 2311 &Valterus
372 2277 463 2311 filius
483 2277 590 2312 Alani
609 2278 741 2325 dapifer
769 2278 877 2325 Regis
897 2279 1023 2319 Scotie‚
1052 2292 1117 2325 pro
1138 2278 1419 2326 predecefforum
1445 2280 1588 2317 suorum
1615 2289 1649 2318 et

178 2333 291 2368 anime
305 2333 364 2369 sue
376 2333 542 2375 remedio,
557 2334 674 2369 locum
688 2334 748 2380 qui
762 2334 889 2369 dieitur
905 2332 1051 2369 Passelet
1064 2335 1107 2369 ad
1121 2334 1341 2371 serviendum
1357 2336 1438 2372 Deo
1453 2338 1650 2374 construere
