1839 2652
148 259 218 290 ⁶214
547 247 865 286 REGISTRUM
893 246 1231 284 MONASTERII

151 350 311 386 omnibus
325 346 568 384 communibus
582 345 808 393 ayfiamentis‚
828 345 876 379 ita
893 344 1001 378 libere
1020 349 1054 379 et
1071 345 1200 390 quiete,
1218 345 1374 391 plenarie
1389 350 1424 380 et
1436 345 1628 380 honorifice

153 407 238 442 ficut
256 411 350 441 carta
366 403 515 451 predicti
534 402 682 437 Comitis
699 401 780 435 inde
798 401 891 435 fae‘ca
909 400 1005 434 dieto
1025 400 1185 434 Roberto
1205 400 1295 447 juste
1321 399 1487 445 testatur3
1525 402 1629 437 Salvo

151 463 290 497 servitio
308 460 436 495 nostro.
487 458 657 498 Testibus,
678 456 839 503 magistro
860 455 1034 490 Marschel
1053 455 1222 501 [Matheo
1235 458 1269 500 ?]
1288 457 1506 498 cancellario,
1538 457 1629 492 Wal-

152 525 229 553 tero
249 516 378 552 Olifart
401 514 590 562 justiciario
610 513 806 553 Laudonie,
836 512 994 547 Waltero
1022 512 1095 546 filio
1115 512 1224 546 Alani
1240 511 1437 554 senescallo,
1468 512 1631 548 ,Iohanne

154 572 349 612 Maxswell,
380 571 544 607 Johanne
565 569 679 616 Haya,
710 568 868 603 Waltero
897 568 1073 616 Cumyng,
1106 568 1199 615 apud
1225 568 1493 604 Mushelbrucht
1521 568 1632 604 sexto-

154 630 289 665 decimo
308 628 364 662 die
384 626 517 674 Aprilis
536 638 629 660 anno
648 625 748 671 regni
766 624 871 659 nostri
889 625 1164 672 quartodecimo.

155 797 387 833 Confirmatio
406 795 605 831 Alexandri
624 794 733 841 Regis
759 794 802 829 de
828 806 900 829 uno
921 806 993 840 yar
1010 792 1112 841 super
1142 793 1266 829 Leven
1283 794 1379 840 quod
1398 793 1635 829 Maldovenus

155 866 271 888 comes
289 853 332 888 de
351 852 518 888 Levenax
535 851 617 886 fecit
637 850 768 885 Abbati
786 855 821 884 et
839 850 1029 884 conventui
1048 849 1090 884 de
1110 848 1268 885 Paffelet.

158 963 492 1000 ALEXANDER
528 963 599 998 Dei
628 963 741 1009 gratia
769 975 832 997 rex
863 962 1066 996 Scottorum
1100 962 1261 997 omnibus
1292 962 1409 1009 probis
1439 961 1637 996 hominibus

158 1022 266 1056 totius
284 1026 377 1055 terre
402 1019 461 1054 sue
488 1019 622 1054 clericis
649 1024 684 1053 et
709 1019 804 1053 laicis
821 1018 977 1052 salutem.
1029 1018 1147 1053 Sciant
1177 1017 1353 1066 presentes
1380 1023 1414 1053 et
1440 1019 1549 1053 futuri
1575 1030 1639 1052 nos

160 1075 353 1112 conceffiffe
380 1082 415 1111 et
440 1076 504 1110 hac
522 1081 618 1110 carta
635 1074 750 1109 nostra
768 1072 983 1109 confirmaffe
1003 1074 1228 1109 donationem
1246 1075 1342 1109 illam
1368 1088 1470 1122 quam
1500 1074 1640 1109 Maldo-

158 1146 269 1168 venus
286 1145 402 1168 comes
420 1132 463 1166 de
482 1131 651 1166 Levenax
668 1131 749 1165 fecit
770 1130 851 1165 Deo
870 1136 904 1165 et
924 1130 1060 1164 sanetis
1089 1131 1223 1166 Jacobo
1251 1137 1285 1166 et
1314 1131 1448 1166 Mirino
1467 1131 1510 1165 de
1530 1129 1641 1165 Paffe-

157 1191 207 1224 let
225 1195 259 1224 et
277 1189 455 1223 monachis
474 1187 601 1222 ibidem
622 1187 702 1221 Deo
721 1186 959 1227 servientibus,
994 1187 1037 1221 de
1055 1199 1127 1221 uno
1148 1199 1220 1233 yar
1236 1187 1337 1234 super
1355 1200 1494 1222 amnem
1513 1187 1555 1221 de
1574 1186 1642 1221 Le-

159 1259 227 1280 ven
245 1258 287 1279 ex
305 1250 453 1290 utraque
471 1248 569 1290 parte
587 1243 698 1277 amnis
716 1243 876 1277 faciendo
896 1248 930 1277 et
949 1243 1109 1277 habendo
1137 1244 1173 1277 in
1199 1248 1294 1278 terra
1319 1243 1469 1290 predicti
1494 1242 1643 1278 Comitis

159 1302 217 1335 ubi
237 1301 361 1335 melius
378 1300 557 1334 voluerint
576 1304 611 1333 et
630 1297 739 1333 visum
758 1298 863 1333 fuerit
878 1299 925 1333 eis
938 1299 1125 1346 expedire3
1154 1300 1202 1334 ita
1215 1300 1309 1345 quod
1320 1299 1500 1346 predictus
1515 1299 1643 1334 Comes

161 1364 195 1392 et
215 1356 359 1391 heredes
376 1354 425 1390 sui
445 1355 622 1389 habebunt
647 1367 754 1388 unam
782 1355 1006 1389 medietatem
1033 1355 1125 1389 illius
1151 1354 1293 1402 piscarie
1320 1361 1355 1390 et
1380 1355 1542 1390 monachi
1567 1368 1644 1402 pre-

162 1414 246 1448 dieti
265 1413 434 1447 alteram:
472 1411 678 1445 Tenendam
707 1410 755 1444 eis
781 1411 817 1445 in
844 1411 999 1451 liberam,
1031 1424 1166 1458 puram,
1198 1412 1351 1457 quietam
1378 1418 1412 1446 et
1437 1417 1643 1459 perpetuam

164 1467 396 1508 elemosinam,
425 1467 474 1502 ita
492 1467 601 1501 libere
620 1472 655 1501 et
673 1467 800 1512 quiete,
829 1467 984 1514 plenarie
1003 1472 1038 1501 et
1056 1467 1247 1502 honorifice
1265 1467 1349 1502 ficut
1376 1473 1470 1502 carta
1495 1468 1645 1514 predicti

166 1526 314 1560 Comitis
343 1524 424 1558 inde
455 1523 618 1558 confecta
649 1523 816 1569 predictis
847 1523 1025 1557 monachis
1049 1523 1139 1570 juste
1167 1523 1334 1565 testatur;
1373 1524 1475 1558 Salvo
1506 1523 1645 1557 servitio

165 1582 294 1616 nostro.
358 1579 528 1619 Teffibus,
566 1578 742 1612 Mauricio
774 1579 901 1613 comite
934 1579 977 1613 de
1009 1578 1186 1619 Menteth,
1220 1579 1360 1613 Thoma
1390 1579 1432 1614 de
1470 1579 1644 1619 Stervlen,

168 1637 329 1671 Arthuro
365 1634 509 1681 Glafigw
543 1640 578 1668 et
616 1634 780 1674 Radulso,
817 1634 1014 1681 capellanis,
1054 1634 1211 1669 Waltero
1247 1634 1421 1682 Cumyng,
1462 1634 1567 1669 Petro
1603 1636 1646 1669 de

168 1693 307 1732 Valon’‚
336 1691 503 1725 Wilelmo
531 1688 671 1730 Bisseth,
706 1690 816 1736 Apud
843 1690 1005 1726 Strevlen
1031 1690 1154 1735 quinto
1182 1690 1394 1737 Septembris
1422 1703 1516 1725 anno
1547 1693 1646 1738 regni

167 1748 273 1783 nostri
291 1748 437 1782 decimo.

171 1915 402 1950 Confirmatio
421 1915 463 1949 de
482 1920 576 1949 terra
595 1914 872 1950 Dollenlenrach
890 1928 952 1962 per
972 1915 1217 1950 Alexandrum
1240 1929 1359 1962 regem
1377 1916 1469 1951 facta
1489 1916 1647 1952 Roberto

172 1971 357 2006 Hertford.

173 2082 506 2117 ALEXANDER
542 2082 612 2117 Dei
646 2084 759 2129 gratia
792 2096 854 2118 rex
883 2084 1083 2118 Scottorum
1113 2084 1275 2119 omnibus
1305 2084 1422 2131 probis
1451 2085 1649 2120 hominibus

171 2140 279 2172 totius
309 2144 402 2173 terre
420 2137 479 2173 sue
497 2138 630 2173 clericis
657 2145 692 2174 et
717 2139 812 2174 laicis
838 2139 993 2174 salutem.
1047 2140 1164 2174 Sciant
1190 2141 1364 2187 presentes
1391 2147 1425 2175 et
1451 2141 1560 2175 futuri
1586 2154 1649 2175 nos

174 2193 366 2228 conceffiffe
385 2200 419 2229 et
436 2195 501 2229 hac
519 2201 613 2229 carta
631 2195 745 2230 nostra
763 2193 977 2230 confirmaffe
996 2196 1221 2230 donationem
1240 2196 1333 2230 illam
1361 2209 1464 2242 quam
1492 2197 1650 2243 Duugal-

174 2250 228 2282 lus
246 2250 336 2284 filius
356 2250 502 2297 Alwyni
520 2251 655 2286 comitis
682 2252 724 2286 de
752 2251 920 2287 Levenax
945 2251 1026 2286 fecit
1054 2252 1213 2287 Roberto
1242 2252 1415 2287 Hertford
1441 2253 1578 2292 clerico,
1608 2253 1649 2287 de

173 2303 235 2338 illa
252 2311 346 2339 terra
371 2318 437 2351 que
465 2307 591 2342 dicitur
617 2307 920 2343 Dollenlenrach:
954 2307 1126 2343 Tenenda
1153 2314 1187 2343 et
1213 2307 1412 2355 poffidenda
1439 2308 1550 2343 eidem
1579 2308 1650 2342 Ro-
