1839 2652
746 273 817 308 DE
845 272 1115 308 PASSELET.
1604 278 1673 314 199

186 371 324 420 ingredi
342 369 442 419 possit
458 369 708 418 poffessionem,
728 371 979 418 proprietatem
998 376 1032 405 et
1050 367 1213 417 sayfinam
1232 370 1389 404 omnium
1407 375 1583 405 terrarum
1596 371 1673 405 nos-

185 436 321 464 trarum
340 429 383 463 de
403 428 581 469 Levenax,
614 433 649 462 et
667 427 846 474 cujussibet
865 426 1019 461 nostrum
1039 432 1073 460 et
1099 426 1267 460 heredum
1286 427 1481 461 nostrorum
1502 432 1537 461 et
1563 426 1673 475 cujus-

185 486 270 520 libet
288 484 441 532 ipsorum
460 485 519 530 qui
537 485 580 519 de
599 490 716 519 cetero
735 489 858 517 contra
875 482 1052 530 prediews
1072 482 1248 517 Abbatem
1267 489 1302 517 et
1320 489 1535 518 conventum
1553 497 1672 518 move-

185 543 257 577 rint
274 541 332 576 seu
351 541 501 575 moverit
519 540 733 586 questionem
752 539 853 587 super
871 537 1039 586 premissis
1057 540 1158 573 terris
1176 540 1232 573 vel
1251 540 1366 587 aliqua
1383 540 1544 588 ipsarum,
1581 546 1616 575 et
1633 547 1673 575 ut

185 597 272 645 ipsas
290 603 400 632 terras
419 596 549 630 nostras
569 596 651 643 jure
678 596 890 630 hereditario
910 600 1028 629 teneat
1045 594 1114 629 fine
1133 595 1249 642 aliquo
1269 602 1523 638 retenementO,
1554 602 1589 631 et
1613 596 1672 631 fibi

187 659 222 689 et
240 653 426 688 heredibus
444 652 510 686 suis
528 652 730 699 appropriet
749 652 1018 699 imperpetuum,
1039 651 1108 687 fine
1127 654 1223 687 omni
1241 653 1449 701 calumpnia,
1479 655 1673 689 contradic-

185 710 294 750 tione,
323 709 575 755 inquietatione
595 708 650 742 vel
668 707 933 754 perturbatione
961 721 1004 742 ex
1030 714 1129 755 parte
1148 709 1262 743 nostra
1279 710 1335 744 vel
1354 711 1523 745 heredum
1542 710 1673 745 nostro-

186 778 265 801 rum
283 765 340 800 {eu
359 764 505 811 alicujus
523 763 686 810 ipsorum,
715 762 773 797 ieu
791 763 938 810 alicujus
955 764 1099 798 alterius
1118 766 1260 800 nomine
1280 766 1397 800 nostro
1415 765 1473 801 seu
1494 766 1645 814 ipsorum
1662 781 1671 809 ;

187 827 223 857 et
239 822 335 868 quod
352 820 601 855 nichilominus
631 819 811 866 predictus
830 818 959 854 Comes
977 832 1040 866 per
1057 821 1261 867 potestatem
1279 821 1374 856 suam
1393 822 1581 857 secularem
1600 822 1675 870 pos-

186 877 225 913 fit
242 891 306 913 nos
336 883 371 912 et
399 877 590 923 quemlibet
609 875 762 910 nostrum
781 888 820 909 ac
838 876 984 910 heredes
1002 876 1136 910 nostros
1163 883 1197 912 et
1223 878 1414 923 quemlibet
1442 878 1593 925 ipsorum
1612 891 1675 926 per

187 934 280 969 bona
296 933 411 967 nostra
428 939 463 967 et
481 931 541 966 sua
560 932 711 972 mobilia,
739 931 940 978 ubicunque
959 932 995 965 in
1013 938 1108 967 terra
1126 933 1169 967 de
1189 933 1357 968 Levenax
1375 940 1515 981 reperta
1531 935 1672 975 fuerint,

188 989 409 1037 compellere,
442 988 531 1022 nulli
549 988 732 1022 hominum
750 988 867 1034 aliquo
891 988 974 1035 jure
993 990 1049 1024 vel
1071 990 1207 1038 judicio
1226 991 1463 1038 replegianda,
1496 991 1675 1038 quousque

187 1045 459 1093 quadringentas
477 1044 581 1078 libras
599 1044 773 1078 bonorum
793 1049 828 1078 et
846 1044 1010 1091 legalium
1030 1046 1275 1093 sterlingorum
1304 1048 1471 1095 predictis
1492 1048 1623 1082 Abbati
1641 1054 1676 1082 et

188 1103 389 1142 conventui,
423 1102 458 1135 in
490 1102 614 1147 quibus
633 1100 759 1135 eisdem
778 1101 989 1136 confitemur
1009 1104 1121 1137 teneri
1149 1110 1315 1150 tanquam
1341 1105 1377 1138 in
1405 1104 1521 1138 debito
1550 1104 1676 1151 princi-

188 1159 268 1207 pali,
297 1163 332 1193 et
358 1157 550 1205 specialiter
568 1158 616 1192 eis
635 1157 753 1191 debito
771 1170 835 1204 pro
855 1158 1013 1206 dampnis
1032 1166 1066 1194 et
1098 1160 1252 1208 expenfis
1270 1174 1338 1207 que
1357 1167 1392 1196 et
1409 1174 1493 1208 quas
1512 1160 1571 1209 ipfi
1588 1161 1677 1196 fece-

189 1221 274 1250 runt
292 1221 327 1250 et
344 1216 574 1250 incurrerunt
592 1214 768 1249 occafione
787 1215 945 1262 predicte
964 1216 1032 1250 litis
1063 1229 1125 1263 per
1155 1230 1219 1251 nos
1245 1223 1350 1258 mote,
1384 1218 1520 1264 integre
1538 1217 1678 1252 solveri-

189 1285 278 1312 mus,
310 1272 521 1306 omnimodis
551 1272 676 1305 litteris
706 1272 839 1306 domini
871 1272 978 1318 Regis
1011 1272 1127 1307 Scotie
1157 1272 1215 1308 seu
1243 1273 1478 1321 cujuscunque
1497 1275 1640 1309 alterius
1657 1287 1678 1308 a

189 1342 401 1376 quocunque
419 1329 496 1362 foro
515 1327 661 1363 seculari
679 1328 736 1363 vel
755 1328 978 1363 ecclesiastico
1009 1335 1133 1363 contra
1160 1330 1250 1364 hanc
1269 1330 1508 1370 donationem,
1541 1328 1678 1365 conces·

190 1384 331 1426 fionem,
353 1385 656 1419 confirmationem
676 1390 711 1419 et
728 1385 880 1431 quietam
899 1385 1144 1420 clamationem
1164 1385 1315 1420 nostram
1329 1387 1522 1433 impetratis
1539 1385 1597 1421 seu
1616 1387 1678 1421 im-

190 1441 380 1489 petrandis,
409 1441 553 1475 minime
571 1441 671 1476 nobis
689 1441 745 1475 vel
764 1441 867 1475 alicui
894 1441 1048 1476 nostrum
1067 1443 1123 1477 vel
1141 1444 1311 1478 heredum
1338 1444 1536 1478 nostrorum
1554 1444 1679 1479 valitu-

190 1498 247 1532 ris.
301 1497 418 1538 Quam
438 1497 710 1544 compulfionem
728 1496 751 1531 fi
769 1498 949 1544 prediehffi
968 1499 1131 1534 dominus
1156 1500 1285 1535 Comes
1303 1501 1346 1535 de
1366 1501 1535 1536 Levenax
1552 1501 1588 1535 in
1607 1514 1679 1535 om-

190 1553 293 1588 nibus
310 1552 394 1587 ficut
412 1553 643 1601 prescriptum
661 1553 709 1588 est
727 1553 840 1588 facere
858 1553 1080 1597 recusaverit,
1113 1558 1358 1603 prorogaverit
1375 1558 1431 1592 vel
1451 1557 1679 1592 diffimulave-

190 1611 248 1651 rit,
268 1610 401 1650 damus,
433 1610 659 1644 concedimus
678 1615 712 1644 et
730 1608 881 1657 presenti
899 1609 1025 1658 scripto
1045 1612 1293 1647 confirmamus
1311 1612 1506 1660 premiffam
1519 1613 1679 1660 jurisdic-

191 1667 336 1707 tionem,
369 1666 616 1701 auetoritatem
636 1673 670 1700 et
688 1665 892 1713 potestatem
910 1667 946 1700 in
965 1668 1127 1703 omnibus
1145 1675 1180 1704 et
1197 1683 1260 1717 per
1279 1670 1397 1704 onmia
1423 1671 1567 1704 domino
1588 1670 1680 1717 Regi

194 1722 310 1757 Scotie
328 1722 386 1769 qui
404 1735 469 1769 pro
489 1728 648 1770 tempore
676 1723 793 1763 fuerit,
825 1723 1059 1770 compellendi
1089 1738 1153 1759 nos
1184 1732 1219 1760 et
1246 1727 1436 1772 quemlibet
1467 1727 1622 1761 nostrum
1640 1739 1681 1761 ac

192 1781 339 1815 heredes
357 1780 492 1814 nostros
510 1786 545 1815 et
562 1779 754 1826 quemlibet
773 1779 937 1827 ipsorum,
957 1779 1026 1814 fine
1045 1781 1191 1829 alicujus
1208 1784 1376 1830 temporis
1390 1783 1588 1824 intervallo,
1608 1788 1679 1817 tam

195 1837 239 1871 ad
255 1835 465 1871 solutionem
484 1837 641 1884 predicte
669 1836 800 1871 summe
827 1837 975 1883 pecunie
1005 1837 1199 1873 faciendam
1229 1840 1381 1874 termino
1412 1839 1569 1887 superius
1599 1852 1681 1875 con-

194 1897 305 1932 tento,
336 1905 439 1938 quam
471 1892 514 1926 ad
546 1891 822 1926 observationem
842 1893 1000 1927 omnium
1020 1893 1167 1929 aliorum
1186 1894 1427 1943 premifforum
1459 1897 1494 1930 in
1525 1896 1682 1942 quolibet

196 1948 355 1988 articulo,
386 1953 458 1981 tam
476 1960 538 1994 per
556 1954 666 1982 terras
684 1947 814 1982 nostras
842 1949 884 1982 de
913 1949 1079 1984 Levenax
1109 1964 1212 1997 quam
1232 1965 1294 1999 per
1312 1952 1394 1986 alias
1413 1965 1496 1998 quas
1514 1953 1551 1986 in
1569 1965 1679 1999 regno

196 2002 258 2037 suo
276 2016 339 2037 nos
357 2003 485 2037 habere
504 2004 694 2049 contingat,
715 2016 854 2038 necnon
880 2010 915 2039 et
938 2018 1001 2052 per
1020 2007 1138 2040 onmia
1155 2007 1248 2041 bona
1265 2007 1380 2042 nostra
1397 2014 1432 2042 et
1449 2007 1509 2042 sua
1526 2008 1678 2049 mobilia,

198 2059 310 2093 modis
329 2059 490 2093 omnibus
507 2065 613 2106 prout
630 2059 786 2106 superius
813 2061 850 2095 in
879 2061 946 2095 hoc
976 2061 1102 2110 scripto
1130 2063 1267 2110 plenius
1295 2064 1331 2098 in
1359 2065 1514 2110 quolibet
1532 2064 1681 2099 articulo

199 2115 411 2155 continetur,
432 2115 593 2161 quotiens
611 2114 744 2150 neeeffe
761 2116 877 2150 fuerit.
929 2117 976 2152 Et
994 2119 1037 2152 ad
1056 2119 1120 2153 hec
1137 2119 1172 2152 in
1191 2120 1347 2165 quolibet
1365 2120 1512 2154 articulo
1531 2121 1682 2156 fideliter

200 2171 425 2213 observanda,
456 2185 520 2206 nos
539 2178 573 2207 et
591 2173 737 2219 quilibet
755 2173 910 2208 nostrum
927 2187 992 2221 pro
1010 2174 1110 2208 nobis
1128 2180 1162 2209 et
1180 2175 1336 2221 quolibet
1354 2175 1509 2210 nostrum
1527 2190 1566 2211 ac
1584 2178 1682 2212 here-

201 2228 300 2262 dibus
317 2228 440 2262 nostris
459 2234 493 2262 et
511 2228 667 2274 quolibet
685 2228 848 2275 ipsorum,
881 2230 925 2264 ad
955 2229 1074 2264 saneta
1092 2230 1161 2265 Dei
1191 2231 1382 2278 evangelia,
1414 2231 1605 2279 spontanea
1623 2246 1682 2268 vo-

200 2284 336 2318 luntate
355 2290 390 2319 et
406 2283 475 2318 fine
493 2284 608 2330 aliqua
625 2285 845 2326 cohercione‚
878 2298 996 2320 coram
1014 2286 1206 2320 venerabili
1231 2294 1330 2334 patre
1350 2288 1493 2323 domino
1522 2289 1681 2324 Roberto

202 2339 273 2374 Dei
288 2341 403 2387 gratia
421 2338 637 2386 Glasgwenfi
656 2338 827 2388 episcopo,
856 2340 1071 2376 sacramenta
1095 2342 1304 2390 prestitimus
1331 2345 1525 2392 corporalia
1541 2360 1550 2389 ;
1580 2352 1614 2381 et
1632 2347 1683 2380 ni-
