1839 2652
169 269 239 300 222
565 261 879 298 REGISTRUM
909 261 1248 298 MONASTERII

172 373 251 396 rum
284 358 456 407 presentia
488 357 715 405 personaliter
750 357 954 392 constitutus
989 356 1154 391 discretus
1188 357 1367 404 religiosus
1400 359 1454 393 vir
1488 359 1651 395 dominus

175 418 330 453 Thomas
350 416 478 449 Panter
495 415 592 461 prior
610 413 797 448 claustralis
814 412 1011 447 monasterii
1041 413 1084 448 de
1115 413 1261 454 Passeto,
1292 414 1494 449 actornatus
1513 429 1654 450 venera-

175 474 252 508 bilis
281 473 317 506 in
349 470 483 506 Christo
513 470 619 517 patris
656 469 805 503 Roberti
834 467 1053 515 permistione
1084 469 1202 504 divina
1231 469 1362 505 abbatis
1388 471 1584 506 monasterii
1610 472 1653 506 de

177 528 309 563 Pafleto
341 532 375 561 et
405 531 600 561 conventus
629 525 792 573 ejusdem,
823 525 865 559 de
897 524 994 571 cnjus
1022 524 1197 559 aetornati
1224 524 1402 572 potestate,
1434 526 1552 560 littera
1569 524 1655 573 figil-

173 585 244 619 lata
270 583 378 630 figillo
396 581 547 629 supremi
578 581 710 616 domini
728 580 834 615 nostri
855 581 962 626 Regis
980 580 1057 615 alba
1075 593 1164 621 cera,
1198 581 1337 628 publice
1369 580 1499 617 ostensa
1530 587 1564 617 et
1593 595 1655 629 per

175 653 231 674 me
249 640 424 673 notarium
439 638 577 685 publice
596 638 752 685 perlecta
769 638 805 671 in
823 636 995 684 presentia
1010 636 1155 676 testium,
1175 637 1331 683 plenarie
1347 637 1532 678 constabat,
1558 638 1656 685 cujus

175 696 293 730 littera
310 695 484 729 3610111311
500 693 654 740 sequitur
682 694 718 728 in
744 694 808 728 1130
825 693 962 734 1“οι·1113;
990 691 1013 727 J
1017 691 1220 727 ACOBUS
1242 692 1313 727 Dei
1330 693 1442 739 gratia
1467 706 1530 728 rex
1557 693 1653 728 Scot-

176 757 293 785 torum
312 750 473 785 omnibus
490 750 609 797 probis
626 749 824 784 hominibus
842 748 908 783 suis
926 748 969 782 ad
987 761 1073 794 quos
1091 747 1268 794 presentes
1295 748 1411 783 littere
1429 749 1656 796 pervenerint

176 805 333 841 salutem.
382 806 503 841 Sciatis
521 806 617 852 quod
634 805 841 852 suscepimus
859 804 1028 838 dileetum
1047 802 1343 849 consanguineum
1361 804 1516 839 nostrum
1538 804 1658 840 Wilel-

178 875 274 897 mum
293 862 474 896 dominum
494 862 651 909 Sympill,
672 861 869 907 Georgium
883 860 1007 894 Schaw
1019 859 1061 893 de
1079 859 1257 899 Knochill‚
1280 859 1479 895 Robertum
1494 860 1656 907 Sprewll,

178 918 350 953 Jacobum
370 916 553 964 Douglass,
587 923 621 952 et
650 917 846 952 Dominum
866 916 1042 950 Thomam
1062 915 1191 949 Panter
1219 916 1429 951 monachum
1449 916 1492 950 de
1511 915 1659 956 Passeto,

178 975 234 1009 vel
253 987 376 1008 eorum
394 974 526 1020 aliquos
556 974 613 1008 vel
644 974 805 1020 aliquem,
837 973 1039 1007 aetornatos
1065 971 1121 1006 vel
1147 972 1371 1006 actornatum
1388 972 1595 1008 venerabilis
1620 973 1658 1006 in

181 1029 317 1065 Christo
335 1031 442 1077 patris
463 1030 611 1064 Roberti
629 1030 759 1063 abbatis
777 1027 973 1063 monasterii
1000 1027 1106 1061 nostri
1125 1027 1168 1061 de
1188 1026 1320 1061 Passeto
1352 1032 1386 1062 et
1416 1027 1658 1074 religiosorum

179 1086 337 1120 virorum
356 1091 549 1120 conventus
568 1084 732 1132 ejusdem,
752 1085 788 1119 in
807 1083 968 1118 omnibus
986 1084 1135 1129 negotiis
1154 1088 1188 1117 et
1206 1083 1363 1129 loquelis,
1383 1084 1516 1130 placitis
1529 1090 1563 1118 et
1577 1097 1659 1130 que-

181 1141 262 1176 relis
281 1141 383 1175 motis
401 1140 458 1176 seu
478 1141 659 1175 movendis
677 1140 765 1188 ipsos
785 1140 959 1175 Abbatem
979 1144 1013 1173 et
1032 1144 1246 1173 conventum
1266 1139 1490 1185 tangentibus
1507 1139 1565 1174 seu
1583 1145 1659 1174 tan-

181 1210 264 1243 gere
282 1197 488 1238 valentibus,
508 1196 769 1243 quibuscunque
788 1197 909 1231 diebus
927 1200 961 1229 et
980 1195 1076 1235 locis,
1097 1200 1219 1229 contra
1237 1194 1458 1241 quoscunque
1485 1201 1519 1229 et
1545 1208 1663 1230 coram

181 1252 441 1299 quibuscunque
458 1266 466 1287 :
502 1266 610 1300 quare
628 1253 725 1288 vobis
742 1253 952 1300 precipimus
979 1257 1013 1286 et
1040 1252 1244 1286 mandamus
1262 1253 1424 1298 quatinus
1443 1253 1555 1287 dictos
1577 1252 1662 1287 Wil-

182 1309 323 1349 elmum,
356 1309 564 1355 Georgium,
598 1308 808 1349 Robertum,
840 1308 1012 1343 ι1300111131
1031 1313 1065 1343 et
1085 1308 1271 1349 Thomam,
1304 1308 1360 1343 vel
1386 1321 1508 1343 eorum
1527 1309 1661 1355 aliquos

184 1366 240 1401 vel
269 1365 420 1411 aliquem
450 1378 536 1412 quos
566 1365 623 1400 vel
653 1377 755 1411 quem
773 1363 950 1412 presentes
967 1364 1023 1400 vel
1041 1363 1236 1411 presentem
1264 1363 1331 1399 effe
1357 1365 1555 1411 contigerit,
1587 1370 1662 1400 tan-

182 1435 286 1469 quam
303 1422 506 1456 a&ornatos
523 1421 579 1456 vel
597 1421 820 1456 a&ornatum
839 1421 924 1455 dieti
940 1420 1087 1455 Abbatis
1106 1426 1140 1454 et
1159 1425 1353 1455 conventus
1370 1421 1406 1454 in
1423 1420 1590 1468 premiflis
1607 1434 1661 1456 re-

184 1479 316 1526 cipiatis
330 1493 339 1521 ;
359 1477 574 1525 presentibus
592 1477 667 1524 post
684 1490 814 1511 3111111111
830 1477 972 1510 minime
988 1476 1156 1510 valituris.
1193 1475 1237 1510 In
1249 1476 1347 1524 cujus
1358 1477 1409 1511 rei
1423 1476 1657 1511 testimonium

183 1534 244 1568 has
262 1534 394 1568 litteras
412 1533 542 1568 nostras
560 1532 618 1567 fibi
636 1533 711 1567 fieri
729 1533 873 1567 fecimus
891 1538 1048 1579 patentes
1079 1531 1171 1578 apud
1199 1531 1383 1578 Edinburg
1400 1533 1586 1567 undecimo
1605 1533 1660 1567 die

185 1588 307 1624 menfis
324 1589 484 1625 Januarii
502 1602 594 1624 anno
613 1589 711 1635 regni
730 1588 835 1623 nostri
866 1601 973 1622 110110.
1025 1588 1168 1622 Virtute
1199 1587 1296 1634 cujus
1315 1588 1470 1632 [littere]
1487 1589 1662 1623 36101113ῐί

185 1646 338 1693 prefatus
357 1645 534 1679 Dominus
553 1644 708 1679 Thomas
728 1644 858 1678 Panter
872 1645 1075 1678 aetornatus
1087 1643 1262 1678 dictorum
1278 1643 1501 1678 dominorum
1517 1644 1661 1679 Abbatis

186 1707 220 1736 et
239 1706 432 1736 conventus
450 1700 646 1735 monasterii
665 1701 707 1735 de
728 1700 860 1734 Passeto
879 1700 1053 1745 quoddam
1080 1704 1284 1746 preceptum
1311 1699 1414 1734 status
1432 1705 1466 1734 et
1482 1698 1599 1734 saifine
1618 1700 1661 1734 de

187 1763 262 1792 tota
280 1763 314 1792 et
332 1758 468 1803 integra
485 1756 627 1803 piscaria
653 1757 696 1790 de
727 1756 916 1802 Lenbreyn
935 1767 1013 1789 cum
1036 1755 1136 1789 terris
1154 1754 1374 1801 sequentibus
1392 1760 1426 1790 et
1443 1756 1663 1802 pertinentiis

189 1813 300 1847 eidem
321 1812 568 1859 adjacentibus,
588 1811 770 1858 sigillatum
785 1811 894 1858 figillo
915 1811 1040 1845 nobilis
1059 1816 1093 1845 et
1110 1812 1262 1857 potentis
1276 1811 1408 1845 domini
1422 1812 1593 1847 Johannis
1608 1826 1665 1848 co·

189 1870 281 1904 mitis
293 1869 335 1903 de
349 1869 516 1903 Levenax
527 1874 561 1903 et
577 1869 711 1902 domini
725 1868 872 1908 Dernle,
886 1867 1081 1901 honorabili
1095 1868 1170 1901 viro
1183 1867 1341 1913 Georgio
1359 1868 1522 1902 Houston
1533 1869 1661 1904 ballivo

189 1924 291 1972 ipfius
303 1925 435 1959 domini
450 1924 597 1959 Comitis
612 1925 653 1958 de
670 1923 836 1958 Levenax
851 1929 885 1958 et
898 1924 1030 1958 domini
1045 1923 1192 1964 Dernle,
1206 1924 1242 1958 in
1258 1924 1390 1970 prefato
1402 1930 1567 1972 precepto
1582 1937 1662 1960 con-

190 1987 300 2021 tento,
321 1981 467 2015 ostendit
486 1986 520 2015 et
535 1980 762 2023 deliberavit;
793 1993 894 2026 quam
911 1980 1014 2015 etiam
1033 1980 1185 2015 litteram
1200 1980 1358 2014 balliatus
1375 1979 1442 2015 five
1460 1986 1664 2028 preceptum

192 2050 257 2084 ego
275 2038 432 2072 notarius
449 2037 618 2084 publicus,
639 2037 683 2071 ad
700 2035 895 2082 requestum
915 2042 949 2071 et
967 2037 1170 2070 mandatum
1185 2035 1285 2083 ipsius
1299 2036 1417 2070 ballivi
1431 2037 1467 2070 in
1478 2037 1541 2071 1130
1553 2041 1662 2084 parte,

192 2096 229 2129 in
246 2094 382 2129 testium
392 2093 659 2141 subscriptorum
673 2093 845 2140 presentia
858 2092 991 2139 perlegi
1004 2098 1037 2126 et
1052 2092 1088 2126 in
1100 2092 1235 2138 vulgari
1254 2091 1395 2139 exposui
1411 2106 1419 2134 3
1439 2092 1552 2127 forma
1569 2092 1666 2139 cujus

191 2151 308 2186 littere
326 2151 486 2185 balliatus
503 2149 570 2185 five
588 2150 743 2197 precepti
760 2148 913 2195 sequitur
939 2154 973 2183 et
1000 2147 1046 2182 est
1063 2148 1140 2182 talis
1156 2162 1165 2190 ;
1196 2147 1217 2184 J
1222 2147 1471 2183 OHANNES
1490 2161 1605 2183 comes
1623 2149 1665 2182 de

194 2206 362 2241 Levenax
380 2219 419 2241 30
437 2206 598 2240 dominus
618 2205 754 2240 Dernle
773 2205 907 2239 dileffis
925 2203 1047 2238 nostris
1064 2204 1172 2238 nobili
1203 2209 1237 2238 et
1268 2204 1402 2251 potenti
1421 2204 1563 2238 domino
1582 2203 1665 2237 Wil-

197 2262 288 2296 elmo
307 2262 449 2296 domino
469 2262 624 2309 Sympill,
658 2261 809 2296 Patricio
830 2260 992 2295 Houston
1011 2261 1053 2295 de
1072 2261 1207 2300 eodem,
1240 2260 1398 2306 Georgio
1427 2259 1599 2300 Houston,
1631 2265 1666 2294 et

200 2317 359 2353 Roberto
379 2317 538 2365 Sprewll,
571 2317 706 2353 ballivis
724 2316 845 2352 nostris
871 2317 907 2351 in
933 2317 997 2352 1130
1014 2322 1112 2364 parte
1131 2322 1165 2352 et
1183 2328 1304 2350 eorum
1333 2315 1432 2350 alteri
1450 2315 1664 2362 conjunctim
