1870 2683
219 287 290 322 360
617 282 931 318 REGISTRUM
962 282 1299 317 MONASTERII

223 389 293 418 tras
320 395 397 417 cum
429 378 588 414 clausulis
606 378 912 418 warantizationis‚
940 391 1011 412 una
1042 391 1120 412 cum
1153 378 1420 414 confirmatione
1451 380 1584 416 domini
1611 383 1704 417 illim

225 439 317 473 feodi
336 437 394 483 qui
412 448 476 483 pro
494 441 652 482 tempore
670 435 788 475 fuerit,
805 434 847 468 de
861 434 987 480 viginti
997 434 1150 469 solidatis
1167 439 1261 469 terre
1280 448 1359 469 cum
1377 437 1597 483 pertinentiis
1616 440 1704 473 infra

225 493 418 528 dominium
436 491 590 526 nostrum
610 491 652 526 de
669 490 873 525 Auchinlek
892 490 948 525 vel
974 490 1055 525 alibi
1081 491 1160 525 loco
1188 492 1413 538 competenti,
1442 492 1679 539 adjacentibus
1696 509 1704 536 ;

224 548 384 584 tenendis
397 554 432 582 et
443 547 611 582 habendis
629 546 705 594 ipfis
722 545 888 592 religiosis
905 546 988 581 viris
1007 551 1042 581 et
1061 559 1182 581 corum
1201 546 1408 582 monasterio
1422 548 1542 589 libere,
1562 550 1703 596 pacifice

224 610 258 639 et
276 604 391 650 quiete
410 604 452 638 ab
471 604 567 638 omni
585 603 770 637 exactione
788 602 932 636 seculari
952 607 986 636 et
1005 602 1177 636 demanda
1195 607 1335 644 extunc,
1369 604 1405 637 in
1432 604 1536 638 feodo
1555 610 1589 639 et
1607 605 1706 639 liere-

223 662 329 695 ditate
348 661 632 707 imperpetuum3
660 659 813 694 termino
843 672 928 693 vero
956 659 1066 706 prime
1098 657 1279 693 solutionis
1310 660 1396 694 dieti
1421 661 1530 695 annui
1547 661 1706 695 redditus

221 717 409 764 incipiente
426 717 463 750 in
480 715 563 750 festo
583 716 703 750 Saneti
723 715 871 749 Martini
902 716 938 749 in
968 727 1068 761 yeme
1088 714 1204 748 datam
1222 714 1435 762 presentium
1466 717 1626 764 proxime
1656 716 1706 751 se-

221 773 353 819 quenti.
407 772 499 806 Item
516 772 598 807 volo
619 777 653 806 et
669 784 734 818 pro
753 784 808 806 me
838 777 872 805 et
898 771 1083 805 heredibus
1101 771 1186 805 meis
1217 784 1257 805 ac
1286 770 1459 819 aflignatis
1477 778 1601 808 tenore
1627 786 1704 821 pre-

221 829 324 863 sentis
336 827 451 875 scripti
462 828 618 862 concedo
637 827 731 873 quod
747 825 771 861 fi
788 826 987 874 hujufinodi
1005 839 1144 861 annuus
1161 827 1319 862 redditus
1336 828 1380 863 fic
1398 842 1461 876 per
1475 842 1531 864 me
1549 830 1650 864 datus
1669 836 1705 864 et

222 884 409 925 concessus,
437 883 565 918 scilicet
594 884 719 931 viginti
747 882 938 918 solidorum
969 888 1009 917 ut
1039 883 1231 930 predicitur
1260 884 1516 932 sterlingorum,
1545 887 1703 921 terminis

220 941 353 976 statutis
371 941 476 975 modo
494 953 564 987 quo
582 939 685 987 supra
701 940 859 974 totaliter
891 940 947 974 vel
975 939 1011 972 in
1041 945 1140 986 parte
1170 940 1374 976 remanserit
1401 941 1583 983 iniblutus,
1612 943 1700 978 bene

220 997 337 1031 licebit
356 997 457 1031 dietis
475 997 558 1031 viris
575 994 740 1042 religiosis
759 1001 792 1030 et
811 1008 933 1029 eorum
953 995 1113 1029 ministris
1131 996 1391 1044 quibuicunque
1418 997 1487 1033 fine
1507 999 1701 1033 contradic-

220 1055 328 1093 tione,
348 1053 599 1100 impedimento
617 1052 670 1086 vel
694 1051 960 1098 perturbatione
979 1052 1120 1098 aliquali
1150 1054 1230 1094 mei,
1259 1054 1428 1088 heredum
1458 1068 1617 1089 meorum
1644 1056 1700 1090 vel

220 1108 478 1155 aflignatorum,
500 1114 534 1142 et
552 1108 676 1154 absque
693 1108 834 1142 licentia
852 1107 1087 1154 cujuscunque
1100 1108 1229 1155 judicis
1248 1109 1304 1143 vel
1323 1110 1467 1144 ministri
1490 1110 1699 1145 eccleliaflici

220 1165 276 1199 vel
293 1165 466 1204 secularis,
495 1177 559 1198 nos
578 1170 612 1198 et
629 1163 820 1209 quemlibet
838 1162 1003 1204 nostrum,
1032 1170 1142 1198 terras
1160 1164 1291 1199 nostras
1317 1171 1352 1199 et
1378 1165 1598 1212 quascunque
1617 1166 1699 1200 alias

218 1219 436 1268 pofl'efliones
467 1233 506 1254 ac
534 1219 651 1254 onmia
668 1219 761 1253 bona
779 1219 921 1253 mobilia
949 1226 983 1254 et
1013 1221 1204 1255 immobilia
1220 1221 1420 1267 ubicunque
1439 1222 1596 1256 locorum
1617 1223 1699 1256 exis-

218 1278 328 1312 tentia
347 1277 560 1323 distringere,
580 1281 686 1323 prout
704 1276 864 1322 proprios
882 1275 1077 1310 husbandos
1094 1290 1159 1324 pro
1177 1277 1285 1311 firmis
1303 1276 1370 1311 suis
1392 1278 1436 1312 ad
1454 1279 1622 1312 terminos
1640 1277 1698 1312 fibi

218 1347 291 1368 11011
319 1334 438 1368 solutis
467 1332 670 1379 distringere
696 1332 886 1372 voluerint,
914 1332 1077 1367 videlicet
1108 1333 1289 1380 capiendo,
1317 1334 1493 1368 namando
1525 1339 1560 1368 et
1591 1333 1697 1368 abdu-

218 1390 329 1425 cendo
348 1403 387 1424 ac
405 1389 595 1424 detinendo
614 1388 668 1423 vel
699 1388 898 1428 vendendo,
926 1388 1104 1435 quousque
1132 1391 1180 1423 eis
1207 1389 1250 1424 de
1284 1394 1357 1423 tota
1387 1395 1422 1424 et
1453 1390 1590 1436 integra
1607 1389 1696 1424 solu-

217 1447 313 1480 tione
332 1446 416 1480 dieti
435 1445 543 1479 annui
563 1445 720 1479 redditus
739 1445 781 1478 de
800 1444 956 1490 quolibet
974 1445 1126 1479 termino
1144 1446 1322 1479 1011·οῆἃο
1341 1458 1414 1479 11011
1428 1446 1523 1480 faeta
1540 1446 1695 1492 plenarie

216 1505 322 1538 fuerit
340 1503 564 1538 satisfafitum.
618 1503 664 1537 Et
690 1501 713 1536 fi
746 1503 927 1548 contingat
944 1515 1011 1542 me,
1040 1501 1185 1536 heredes
1215 1514 1311 1535 meos
1340 1501 1396 1535 vel
1426 1500 1609 1548 assignatos
1635 1508 1693 1536 aut

216 1559 368 1607 ipibrum
387 1560 537 1605 aliquem
556 1559 614 1594 seu
632 1559 789 1605 quemvis
807 1558 913 1592 alium
932 1558 1074 1592 nomine
1093 1557 1208 1591 nostro
1227 1562 1350 1591 contra
1367 1557 1506 1604 presens
1529 1557 1691 1604 scriptum

216 1628 333 1650 meum
352 1616 471 1649 venire
490 1615 545 1649 vel
564 1615 803 1649 contradicere
821 1613 880 1648 seu
898 1613 972 1661 ejus
998 1619 1157 1648 tenorem
1188 1614 1224 1647 in
1252 1613 1368 1659 aliquo
1386 1614 1520 1660 punfito
1538 1613 1594 1647 vel
1613 1614 1693 1647 arti-

217 1673 297 1706 culo
315 1672 505 1718 infringere
524 1677 584 1705 aut
602 1671 734 1705 violare
752 1671 810 1705 seu
828 1670 906 1704 lites
923 1670 1118 1716 aliqualiter
1135 1670 1217 1704 inde
1235 1682 1377 1704 movere
1396 1669 1478 1703 dolo
1496 1669 1552 1703 vel
1570 1669 1692 1703 fraude

214 1728 272 1762 seu
291 1728 383 1762 malo
402 1728 554 1774 ingenio,
575 1727 794 1761 cavillatione
813 1726 869 1760 vel
888 1727 1093 1773 exceptione
1111 1738 1328 1772 quacunque,
1349 1725 1443 1771 quod
1460 1723 1552 1765 abfit,
1573 1725 1690 1771 obligo

214 1798 281 1825 1110,
311 1784 455 1819 heredes
474 1796 569 1818 meos
598 1789 632 1817 et
658 1781 852 1829 affignatos,
881 1788 990 1816 terras
1008 1781 1138 1815 nostras
1166 1787 1200 1816 et
1230 1782 1450 1828 quascunque
1468 1781 1551 1816 alias
1568 1780 1690 1828 posses-

214 1840 324 1875 fiones
342 1854 381 1874 ac
400 1841 516 1874 onmia
533 1840 625 1873 bona
642 1839 757 1873 nostra
770 1838 911 1872 mobilia
925 1843 959 1872 et
973 1838 1163 1871 immobilia
1176 1837 1375 1884 ubicunque
1389 1838 1520 1872 fuerint
1533 1838 1687 1878 inventa,

214 1897 251 1930 in
270 1897 390 1931 decem
408 1896 504 1930 libris
521 1895 765 1942 sterlingorum
784 1894 912 1928 fabrice
941 1893 1078 1928 ecclefie
1097 1893 1330 1940 Glasguenfis,
1358 1907 1497 1928 necnon
1516 1899 1549 1928 et
1568 1894 1687 1928 decem

214 1952 310 1986 libris
324 1952 568 1998 sterlingorum
586 1951 713 1985 fabrice
733 1951 817 1985 dicti
836 1950 1032 1984 monasterii
1051 1950 1093 1985 dc
1110 1950 1254 1991 Passeto,
1270 1956 1351 1985 ante
1366 1949 1601 1997 cujuscunque
1619 1951 1687 1985 litis

213 2006 400 2055 ingreffum
420 2009 562 2042 nomine
580 2020 669 2055 pene
687 2007 910 2054 applicandiS‚
931 2007 1084 2052 qualibet
1100 2007 1175 2041 vice
1201 2019 1269 2053 qua
1285 2019 1348 2053 per
1372 2019 1437 2040 nos
1454 2006 1510 2041 vel
1537 2007 1686 2052 aliquem

214 2065 368 2099 nostrum
387 2070 427 2099 ut
444 2065 658 2112 premittitur
676 2063 805 2110 questio
832 2063 913 2097 inde
939 2069 1143 2105 moveatur3
1172 2062 1322 2109 presenti
1339 2061 1465 2109 scripto
1494 2063 1686 2096 nichilomi-

215 2134 280 2155 nus
298 2123 334 2155 in
351 2121 412 2156 suo
430 2121 556 2155 robore
575 2126 610 2155 et
628 2121 757 2154 virtute
774 2117 1011 2166 permansuro.
1064 2118 1110 2153 Et
1140 2119 1184 2152 ad
1202 2118 1369 2165 majorem
1387 2118 1490 2166 hujus
1507 2117 1620 2165 scripti
1639 2118 1686 2153 se-

217 2178 398 2211 curitatem
417 2177 576 2224 supposui
596 2182 631 2211 et
648 2175 805 2223 subpono
823 2187 889 2215 me,
918 2174 1063 2208 heredes
1081 2187 1177 2209 meos
1195 2179 1230 2209 et
1246 2173 1429 2220 affignatos
1450 2174 1684 2220 jurisdifitioni

216 2239 250 2266 et
268 2234 466 2268 cohercioni
485 2234 616 2267 domini
637 2231 798 2280 Episcopi
823 2229 1044 2277 Glasguenfis
1062 2230 1120 2276 qui
1138 2243 1202 2277 pro
1230 2235 1389 2276 tempore
1407 2230 1522 2270 fuerit,
1543 2235 1577 2263 et
1595 2230 1683 2276 capi-

215 2289 278 2323 tuli
296 2288 319 2322 fi
336 2289 430 2324 sedes
449 2290 634 2332 vacaverit,
661 2294 701 2323 ut
718 2288 805 2322 alter
823 2300 945 2322 eorum
963 2286 1062 2333 poffit
1080 2299 1143 2320 nos
1173 2291 1208 2321 et
1233 2286 1422 2333 quemlibet
1439 2285 1591 2320 nostruin
1611 2291 1680 2318 tam

216 2346 256 2380 ad
276 2344 482 2379 iblutionem
502 2346 586 2380 dieti
604 2345 711 2379 annui
730 2344 885 2379 redditus
913 2343 1035 2389 viginti
1065 2342 1255 2377 solidorum
1282 2342 1388 2377 modo
1419 2355 1488 2387 quo
1517 2341 1617 2387 supra
1634 2340 1681 2373 fa-
