1839 2652
164 302 234 338 136
567 298 883 335 REGISTRUM
910 297 1250 334 MONASTERII

168 399 300 434 domini
321 398 427 444 Regis
447 397 561 431 Scotie
588 394 771 430 senescallo
789 400 875 429 tunc
886 394 1076 442 justiciario
1108 395 1216 429 totius
1237 394 1364 436 Scotie,
1401 394 1559 443 Angufio
1577 397 1651 433 filio

171 454 382 494 Dovenaldi‚
402 453 546 487 domino
567 452 725 487 Henrico
744 451 816 485 filio
839 451 1037 498 Reginaldi‚
1059 451 1203 486 domino
1223 451 1364 486 Thoma
1382 450 1486 494 Croc,
1507 454 1652 489 domino

172 510 291 545 Alano
314 508 478 549 Walens’,
509 508 653 542 domino
673 508 815 542 Simone
841 507 914 542 filio
942 508 1104 548 Simonis,
1138 507 1282 542 domino
1310 507 1460 543 Cristino
1487 510 1653 545 archidia-

171 579 260 600 cono
280 563 519 605 Lesmorienfi,
553 564 696 598 domino
720 563 881 598 Wilelmo
909 564 1101 611 capellano,
1135 564 1279 598 domino
1299 564 1433 600 lVardo
1461 566 1652 613 capellano,

173 622 331 656 Roberto
351 622 393 656 de
413 620 585 655 Ellessiam
604 619 752 667 persona
769 620 811 654 de
832 619 1056 661 Inverkelan,
1077 626 1111 655 et
1129 619 1249 654 multis
1267 620 1352 655 aliis.

173 792 331 826 Donatio
349 791 456 826 trium
477 789 695 825 ecclesiarum
713 802 776 837 per
794 788 1027 823 Laurentium
1046 787 1246 835 episcopum
1266 788 1528 835 Ergadiensem.

175 903 414 940 OMNIBUS
445 902 571 938 Christi
599 901 760 936 fidelibus
787 900 963 948 presentes
996 900 1129 935 litteras
1147 900 1269 935 visuris
1287 900 1343 936 vel
1361 901 1532 936 audituris
1549 901 1657 937 frater

175 960 388 995 Laurentius
415 959 485 993 Dei
503 959 615 1004 gratia
633 956 811 1004 episcopus
832 957 983 1003 Ergadie
1001 957 1146 993 salutem
1164 959 1200 992 in
1219 958 1378 993 Domino
1397 958 1654 1006 sempiternam.

177 1017 329 1051 Noverit
355 1014 558 1050 universitas
586 1013 697 1049 vestra
723 1026 788 1048 nos
817 1012 996 1060 inspexiffe
1014 1020 1125 1048 cartas
1144 1015 1276 1049 domini
1296 1014 1437 1062 Engufii
1456 1015 1517 1049 filii
1537 1015 1657 1050 Dove-

175 1073 280 1113 naldi,
302 1078 336 1107 et
353 1071 514 1117 Dusgalli
541 1071 602 1104 filii
622 1070 741 1117 Sifyn’,
763 1082 902 1104 necnon
922 1069 1089 1105 Duncani
1107 1071 1170 1104 filii
1189 1070 1370 1111 Ferkardi‚
1401 1076 1435 1105 et
1457 1070 1656 1106 Laumanni

176 1129 237 1163 filii
265 1128 449 1162 Malcolmi
475 1127 611 1174 nepotis
640 1125 792 1173 ejusdem
822 1125 1001 1167 Duncani,
1034 1125 1136 1173 super
1155 1127 1342 1161 collatione
1362 1126 1657 1174 jurispatronatus

175 1184 405 1225 ecclesiarum,
435 1183 555 1218 Sancti
584 1182 743 1223 Querani
773 1182 809 1215 in
832 1181 982 1229 Kentyir
1010 1195 1077 1228 que
1107 1182 1277 1217 Kilkeran
1296 1183 1502 1230 appellatur,
1537 1183 1657 1218 Sancti

176 1241 373 1277 Colmaneli
400 1240 436 1274 in
465 1239 626 1286 Kentyir,
660 1244 695 1272 ct
714 1238 832 1272 saneti
852 1236 977 1271 Finani
1005 1239 1042 1272 in
1072 1238 1407 1284 KethromecongaL
1439 1238 1532 1273 faeta
1562 1238 1655 1279 Deo,

176 1298 306 1332 saneto
324 1296 468 1336 Jacobo‚
498 1296 628 1330 Sancto
657 1294 793 1328 Mirino
821 1293 1018 1327 monasterii
1037 1293 1080 1328 de
1101 1291 1258 1334 Pafl'elet,
1279 1299 1313 1328 et
1332 1294 1511 1328 monachis
1530 1294 1657 1329 ibidem

175 1353 256 1388 Deo
274 1352 502 1387 servientibus
521 1357 555 1386 et
572 1352 831 1398 imperpetuum
851 1349 1039 1389 servituris,
1060 1362 1099 1382 ac
1117 1348 1401 1384 confirmationes
1419 1349 1510 1384 bone
1529 1362 1659 1384 memo-

175 1411 225 1445 rie
245 1409 376 1444 domini
396 1408 505 1443 Alani
522 1405 769 1455 predecefforis
788 1405 905 1446 nostri,
937 1405 981 1439 ad
1012 1405 1244 1452 optinendum
1263 1410 1298 1440 et
1316 1405 1360 1439 ad
1379 1405 1658 1440 convertendum

175 1466 350 1514 predi&as
368 1463 522 1499 ecclefias
541 1476 620 1498 cum
640 1462 841 1497 vacaverint
858 1462 902 1495 ad
920 1460 1000 1496 usus
1018 1461 1095 1496 suos
1122 1462 1294 1509 proprios,
1328 1462 1430 1496 dietis
1462 1462 1593 1496 Abbati
1624 1468 1659 1496 et

176 1522 365 1557 conventui
380 1518 551 1555 conceffas
569 1525 604 1554 et
623 1520 729 1559 datas,
749 1530 822 1552 non
837 1516 938 1558 rasae,
958 1531 1031 1552 non
1050 1518 1205 1559 abolitas,
1226 1531 1290 1552 nec
1309 1518 1345 1552 in
1363 1518 1479 1564 aliqua
1496 1518 1545 1552 sui
1559 1524 1657 1565 parte

174 1579 322 1612 vitiatas.
376 1576 451 1611 Nos
468 1576 586 1622 igitur,
606 1575 738 1609 meritis
763 1573 957 1608 eorundem
985 1573 1227 1620 religiosorum
1254 1574 1484 1620 exigentibuS‚
1513 1580 1658 1621 propter

174 1633 443 1681 hospitalitatem
462 1638 497 1667 et
514 1632 581 1666 alia
599 1643 706 1678 opera
722 1629 956 1664 miiericordie
975 1642 1042 1675 que
1060 1630 1097 1663 in
1112 1630 1207 1664 dicto
1226 1629 1432 1664 monasterio
1451 1629 1542 1664 fiunt
1560 1636 1594 1665 et
1614 1630 1655 1664 de

176 1691 232 1725 die
250 1691 286 1725 in
304 1691 396 1724 diem
421 1689 563 1724 sumunt
581 1690 850 1727 incrementum,
877 1685 1083 1733 prescriptas
1109 1691 1180 1719 tres
1206 1686 1368 1720 matrices
1394 1685 1550 1719 ecclefias
1576 1698 1656 1720 cum

177 1748 317 1796 capellis
334 1748 402 1783 suis
421 1754 455 1783 et
473 1747 635 1781 omnibus
654 1746 729 1780 aliis
747 1743 966 1779 libertatibus
983 1740 1051 1775 suis
1070 1746 1104 1775 et
1125 1740 1224 1788 justis
1242 1741 1474 1788 pertinentiis,
1502 1741 1656 1776 auetori-

175 1811 247 1841 tate
266 1804 451 1853 episcopali
470 1803 596 1838 eisdem
618 1802 747 1837 Abbati
776 1807 811 1835 et
829 1797 1020 1834 conventui
1047 1797 1282 1837 concedimus,
1312 1797 1433 1831 damus
1452 1802 1486 1831 et
1503 1795 1655 1844 presenti

176 1862 302 1909 scripto
321 1861 436 1895 nostro
455 1860 713 1899 confirmamus,
745 1858 781 1891 in
799 1856 959 1904 proprios
976 1852 1056 1888 usus
1074 1853 1151 1887 suos
1171 1853 1378 1900 optinendas
1397 1859 1431 1887 et
1450 1858 1655 1888 converten-

177 1918 238 1952 das
264 1918 522 1965 imperpetuum
554 1929 633 1950 cum
659 1913 746 1962 ipsas
771 1913 827 1948 vel
862 1912 1012 1958 aliquam
1047 1908 1196 1956 ipsarum
1224 1922 1348 1943 vacare
1375 1909 1573 1955 contigerit,
1608 1909 1656 1943 ita

177 1974 297 2014 libere,
317 1973 444 2019 quiete,
464 1971 548 2007 ficut
565 1971 708 2006 liberius
728 1975 761 2004 et
780 1969 929 2015 quietius
947 1967 1061 2012 alique
1080 1965 1219 2000 ecclesie
1245 1966 1281 1999 in
1299 1965 1379 2000 usus
1396 1966 1557 2013 proprios
1575 1978 1656 2000 con-

177 2029 263 2064 ceffe
281 2043 302 2064 a
318 2030 401 2064 viris
418 2027 582 2075 religiolis
599 2028 636 2062 in
654 2039 764 2073 reguo
784 2025 899 2060 Scotie
915 2022 1131 2071 poflidentur
1147 2037 1156 2064 ;
1187 2022 1297 2057 Salvis
1315 2022 1446 2068 quartis
1465 2022 1656 2056 earundem

179 2085 399 2121 ecclesiarum
417 2085 461 2119 ad
488 2083 641 2118 mensam
668 2081 897 2130 episcopalem
924 2085 959 2114 et
984 2079 1028 2113 ad
1053 2079 1202 2113 vicarios
1227 2077 1475 2125 spectantibus
1506 2083 1541 2112 et
1558 2076 1656 2112 salvis

179 2142 279 2176 nobis
305 2147 339 2175 et
364 2138 610 2175 succefforibus
643 2138 766 2173 nostris
801 2138 838 2171 in
876 2138 978 2172 dietis
1005 2135 1152 2171 ecclesiis
1187 2137 1349 2171 omnibus
1383 2134 1654 2183 episcopalibus3

182 2197 325 2232 Proviso
338 2203 456 2231 tamen
470 2196 565 2243 quod
577 2196 679 2230 dietis
697 2193 843 2229 ecclesiis
862 2192 1002 2227 honeste
1030 2198 1064 2227 et
1083 2192 1199 2227 debite
1219 2191 1443 2227 deserviatur.
1497 2191 1541 2225 In
1559 2190 1656 2238 cujus

180 2254 232 2288 rei
250 2253 482 2287 testimonium
512 2253 579 2286 hoc
596 2251 761 2299 scriptum
779 2248 1003 2284 eonceffionis
1029 2248 1143 2282 nostre
1170 2254 1205 2282 et
1237 2247 1512 2282 confirmationis
1529 2245 1657 2294 appofi-

182 2310 279 2344 tione
290 2308 389 2354 sigilli
406 2308 512 2342 nostri
530 2307 784 2342 roboravimus.
811 2306 944 2340 Datum
959 2304 1052 2352 apud
1067 2303 1143 2338 Are
1157 2304 1212 2339 die
1227 2303 1398 2338 Mercurii
1412 2303 1571 2350 proxima
1583 2301 1657 2349 post

181 2365 303 2400 festum
323 2364 442 2399 Sancti
469 2363 566 2398 Luce
585 2362 791 2410 evangeliste
810 2374 902 2396 anno
929 2361 1040 2408 gratie
1070 2359 1250 2395 millefimo
1269 2357 1502 2395 ducentefimo
1519 2357 1657 2404 iexage-
