1839 2652
740 235 810 270 DE
840 236 1109 272 PASSELET.
1618 245 1665 281 93

177 331 326 365 rundem
338 331 421 378 jura
435 336 470 366 et
482 332 659 366 libertates
673 339 831 380 tempore
846 346 924 368 meo
939 346 1002 380 pro
1015 347 1070 369 me
1085 340 1119 369 et
1130 334 1315 369 heredibus
1326 335 1410 370 meis
1424 334 1493 370 fine
1507 337 1664 384 apechia-

177 393 296 422 mento
316 387 432 434 aliquo
450 388 711 435 imperpetuum
729 395 969 435 augmentare,
998 392 1110 426 dictos
1136 391 1313 438 religiosos
1331 398 1366 427 et
1384 406 1506 428 eorum
1525 394 1659 429 monas-

175 443 304 477 terium
323 444 358 477 in
377 443 581 490 quibusdam
599 445 764 484 articulis,
779 445 1025 480 donationibus
1040 452 1073 481 et
1087 447 1315 488 libertatibus,
1336 448 1378 482 de
1393 461 1487 483 novo
1506 449 1657 496 speciali-

175 504 229 532 ter
248 499 390 534 infeodo
420 506 460 534 ut
487 499 641 546 sequitur
672 506 706 534 et
735 501 923 535 infeodavi.
976 502 1094 537 Sciant
1123 508 1194 537 tam
1224 503 1400 550 presentes
1425 518 1529 550 quam
1547 506 1657 541 futuri

174 557 268 602 quod
287 570 353 603 ego
371 558 551 604 predictus
567 557 721 593 Jacobus
737 557 942 593 senescallus
970 558 1027 599 do,
1058 559 1213 593 concedo
1242 565 1277 593 et
1308 560 1371 594 hac
1392 559 1543 607 presenti
1562 567 1658 597 carta

174 625 252 648 mea
270 614 440 648 confirmo
460 614 562 647 dietis
589 612 754 659 religiosis
782 620 817 648 et
848 627 971 649 eorum
1001 614 1221 655 monasterio,
1251 616 1288 649 in
1314 616 1459 651 liberam
1478 630 1601 664 puram
1620 624 1656 653 et

171 675 378 716 perpetuam
397 668 629 709 elemofinam‚
657 669 865 703 donationes
884 675 919 704 et
936 669 1113 704 libertates
1138 669 1353 717 subscriptas,
1380 673 1543 708 videlicet
1561 675 1656 720 quod

171 724 315 759 liberam
336 731 370 760 et
388 725 526 772 plenam
546 724 749 771 potestatem
768 725 928 765 habeant,
960 738 1023 772 per
1051 730 1159 759 totam
1179 725 1339 761 forestam
1357 741 1470 762 meam
1489 730 1579 764 infra
1596 731 1653 765 ba-

170 782 306 816 roniam
326 782 368 816 de
389 781 539 821 Renfru,
559 780 617 815 ubi
636 781 745 827 magis
763 782 812 816 eis
829 782 935 815 fuerit
953 780 1228 815 aiiiameutosum
1248 787 1282 816 et
1300 783 1348 816 eis
1361 784 1535 818 videbitur
1549 798 1652 833 expe-

169 837 254 878 dire,
286 837 356 872 fine
382 837 498 883 aliqua
516 836 792 883 perturbatione,
821 837 1036 871 districTtione
1055 837 1112 871 vel
1131 838 1425 880 contradictione,
1453 841 1652 888 lapidicinia

167 893 351 939 frangendi
369 900 441 928 tam
459 893 503 927 ad
521 893 755 928 edificandum
781 906 884 939 quam
899 894 942 927 ad
957 893 1088 928 calcem
1119 893 1393 929 comburendam
1421 896 1458 930 in
1489 898 1650 933 omnibus

167 962 287 984 eorum
301 948 506 990 neceffariis,
522 949 614 996 apud
622 949 769 995 Nigram
781 949 895 983 aulam
911 955 944 984 et
959 950 1039 997 [in]
1053 949 1177 984 foresta
1190 951 1359 997 predicta,
1375 952 1575 999 ubicunque
1587 968 1650 1002 po-

165 1012 285 1040 terunt
302 1006 462 1053 predicta
478 999 651 1048 inveniri3
681 1005 848 1040 carbones
878 1006 1030 1040 marinos
1047 1007 1203 1041 fodiendi
1221 1007 1265 1041 ad
1284 1007 1412 1043 dietam
1433 1009 1561 1044 calcem
1576 1025 1586 1054 ;
1615 1018 1650 1046 et

165 1063 277 1096 dictos
295 1062 462 1096 carbones
481 1061 748 1102 comburendos,
768 1067 839 1095 tam
857 1062 901 1096 ad
913 1075 1000 1109 opus
1015 1062 1211 1097 monasterii
1222 1062 1283 1104 sui,
1304 1077 1407 1110 quam
1421 1067 1647 1113 grangiarum

163 1118 313 1158 suarum,
342 1119 532 1159 fabrorum,
560 1118 793 1152 braciatoruln
813 1124 847 1152 et
865 1118 1109 1153 braciatricunl
1126 1118 1280 1161 suorum,
1308 1121 1467 1168 capiendi
1483 1137 1493 1165 3
1522 1129 1557 1158 et
1575 1136 1647 1159 car-

163 1175 272 1209 bones
290 1175 332 1209 de
352 1180 492 1208 mortuo
512 1173 613 1208 bosco
641 1174 869 1209 comburendi
885 1189 894 1217 3
924 1180 958 1208 et
976 1174 1093 1220 glebas
1119 1175 1162 1209 de
1189 1181 1283 1210 terra
1300 1177 1456 1212 fodiendi
1473 1179 1517 1213 ad
1536 1180 1647 1215 dictas

163 1232 331 1267 carbones
350 1231 625 1278 cooperiendos3
656 1236 690 1265 et
716 1231 821 1265 etiam
849 1231 886 1264 in
916 1231 1040 1265 foresta
1067 1244 1145 1266 mea
1174 1233 1333 1279 predicta
1361 1234 1403 1268 de
1422 1235 1524 1269 viridi
1543 1236 1645 1272 bosco

163 1289 281 1322 omnia
299 1287 497 1322 ailiamenta
514 1286 573 1322 sua
591 1287 750 1334 capiendi
777 1287 821 1321 ad
850 1286 1038 1322 neceffaria
1066 1287 1126 1322 sua
1155 1294 1226 1322 tam
1256 1289 1300 1323 ad
1327 1290 1560 1326 edificandum
1578 1306 1642 1340 pro

162 1344 368 1378 monasterio
386 1343 447 1378 suo
466 1345 544 1390 [et]
562 1344 716 1390 grangiis
734 1342 800 1377 suis
812 1343 902 1377 infra
920 1344 1049 1378 dictam
1069 1343 1260 1385 baroniam,
1288 1346 1325 1379 in
1343 1347 1467 1392 quibus
1486 1348 1528 1382 de
1546 1356 1642 1384 ante-

161 1399 346 1434 cefforibus
364 1400 450 1434 meis
467 1400 503 1433 in
522 1400 633 1447 capite
651 1399 731 1434 sunt
757 1399 935 1440 infeodati,
967 1413 1069 1445 quam
1089 1400 1133 1434 ad
1151 1413 1290 1435 omnem
1311 1403 1550 1449 operationem
1570 1407 1642 1440 cul-

160 1463 237 1491 ture
257 1462 291 1491 et
308 1456 537 1491 hulbandrie:
567 1461 601 1490 et
619 1455 840 1502 piscariarum
866 1468 950 1500 quas
969 1456 1011 1490 de
1029 1456 1129 1490 nobis
1147 1462 1269 1491 tenent
1287 1457 1377 1491 infra
1395 1459 1524 1494 dictam
1543 1461 1641 1496 baro-

159 1514 277 1556 niam3
306 1519 341 1548 et
359 1519 537 1548 mortuum
556 1513 697 1547 boscum
728 1513 772 1547 ad
802 1512 1080 1547 comburendum
1106 1511 1174 1547 fine
1193 1513 1455 1560 impedimento,
1483 1518 1640 1563 apechia-

159 1575 278 1604 mento
297 1570 413 1615 aliquo
433 1570 488 1604 vel
507 1570 622 1615 aliqua
640 1568 854 1603 districtione
870 1583 879 1611 3
909 1575 943 1603 et
962 1569 1057 1615 quod
1074 1569 1233 1604 homines
1252 1571 1444 1605 eorundem
1464 1573 1639 1619 religioso-

158 1639 247 1667 rum,
268 1626 303 1659 in
322 1626 423 1660 terris
440 1625 507 1659 suis
526 1625 615 1659 infra
634 1625 762 1659 dictam
781 1625 961 1659 baroniam
981 1632 1172 1664 manentes,
1189 1626 1338 1660 habeant
1353 1627 1395 1661 de
1414 1629 1516 1663 viridi
1537 1630 1636 1665 bosco

159 1683 200 1718 de
220 1683 313 1717 dicta
331 1682 455 1717 foresta
471 1682 514 1716 ad
533 1682 766 1716 edificandum
797 1686 831 1716 et
862 1680 1103 1728 operationem
1134 1680 1271 1715 culture
1298 1694 1419 1716 eorum
1438 1683 1635 1726 neceffaria,

158 1745 192 1774 et
210 1740 252 1774 de
271 1745 412 1773 mortuo
432 1738 533 1773 bosco
552 1738 596 1772 ad
614 1738 892 1773 comburendum
919 1751 981 1785 per
999 1737 1108 1772 visum
1136 1738 1326 1782 sorestarii3
1356 1742 1508 1787 exceptis
1526 1742 1636 1777 homi-

156 1795 257 1829 nibus
276 1794 342 1829 suis
360 1795 396 1828 in
415 1794 445 1829 le
463 1794 572 1835 Glen,
602 1800 636 1829 et
655 1794 854 1828 hominibus
883 1808 1006 1829 eorum
1031 1800 1140 1829 terras
1159 1794 1234 1829 illas
1262 1796 1534 1832 inhabitantibus
1552 1812 1635 1845 quas

156 1852 199 1886 de
218 1852 311 1885 dono
329 1849 581 1885 antecefforum
612 1863 772 1885 meorum
799 1864 872 1885 non
904 1851 1044 1891 habent,
1077 1856 1111 1885 et
1139 1852 1292 1898 exceptis
1309 1852 1508 1888 hominibus
1526 1861 1635 1891 terras

155 1906 373 1942 ecclesiarum
393 1907 429 1940 in
448 1907 542 1940 dicta
571 1906 715 1940 baronia
742 1906 1038 1949 inhabitantibus3
1070 1907 1179 1941 Salvis
1209 1913 1327 1942 tamen
1354 1910 1466 1955 parcis
1496 1912 1581 1945 meis
1600 1920 1633 1947 et

153 1963 277 1997 foresta
294 1963 467 2009 prohibita
483 1977 492 2005 3
522 1963 568 1996 Et
586 1963 689 1997 etiam
709 1961 768 1996 sua
785 1961 971 1997 neceffaria
988 1963 1146 2010 predicta
1158 1964 1322 2004 cariandi,
1342 1977 1404 2010 per
1423 1978 1543 2000 omnes
1562 1969 1633 2002 vias

154 2026 189 2054 et
207 2019 342 2053 semitas
360 2019 395 2052 in
414 2019 508 2053 diG’ta
525 2018 658 2059 foresta,
687 2024 757 2053 tam
776 2018 943 2065 plaustris,
976 2019 1073 2065 bigis,
1104 2019 1201 2064 equis
1219 2025 1253 2053 et
1271 2019 1381 2053 bobus
1399 2034 1502 2066 quam
1522 2025 1632 2057 omni-

154 2076 217 2109 bus
235 2075 309 2108 aliis
327 2075 438 2108 modis
457 2075 621 2114 cariandi‚
641 2087 720 2108 cum
740 2075 848 2108 libero
867 2075 1014 2108 introitu
1033 2080 1067 2109 et
1085 2075 1192 2114 exitu,
1213 2073 1281 2109 fine
1299 2075 1555 2111 atachiamento
1573 2081 1630 2114 vel

153 2131 270 2177 aliquo
289 2130 550 2176 impedimento,
577 2136 648 2164 tam
667 2143 730 2177 pro
748 2130 781 2164 se
800 2136 833 2164 et
852 2130 1059 2165 monasterio
1078 2130 1137 2165 suo
1164 2143 1267 2176 quam
1285 2131 1438 2176 grangiis
1455 2131 1522 2166 suis
1540 2134 1630 2170 infra

153 2188 283 2222 dictam
301 2186 480 2219 baroniam
510 2186 555 2220 de
585 2186 725 2220 Renfru
752 2186 956 2221 constructis
984 2192 1018 2220 et
1036 2186 1297 2228 construendis,
1337 2186 1447 2221 Salvis
1465 2191 1628 2226 maneriis

152 2243 237 2277 meis
252 2248 286 2276 et
304 2241 472 2275 heredum
486 2253 655 2281 meorum,
675 2243 849 2288 pomeriis,
870 2243 991 2289 parcis,
1012 2243 1107 2282 ortis,
1127 2242 1247 2282 bladis,
1274 2242 1399 2277 foresta
1416 2256 1493 2278 mea
1509 2247 1626 2292 prohi-

153 2298 233 2339 bita,
253 2310 316 2345 per
333 2297 394 2331 has
413 2295 545 2337 divisas,
564 2296 727 2331 videlieet
744 2296 828 2331 ficut
846 2297 875 2332 le
891 2297 1121 2332 Ruttanburn
1136 2296 1311 2332 deseendit
1329 2298 1365 2332 in
1376 2298 1571 2343 Lauerane,
1592 2310 1626 2340 et
