1839 2652
725 246 797 282 DE
824 247 1094 283 PASSELET.
1609 252 1655 288 89

173 341 398 376 detrimento.
451 342 494 377 In
513 342 612 389 cujus
629 343 679 377 rei
697 343 931 378 testimonium
958 344 1047 379 hanc
1073 349 1202 379 cartam
1229 343 1381 378 nostram
1407 344 1455 379 eis
1483 343 1654 384 dedimus,

174 396 272 444 figilli
289 398 396 432 nostri
414 399 607 433 munimine
638 399 849 434 roboratam.
902 400 982 434 Hiis
1011 400 1162 441 testibus,
1196 400 1339 434 domino
1357 400 1521 436 ,Iohanne
1538 399 1656 447 priore

175 453 218 488 de
248 453 521 501 Dunfermelyn,
555 455 698 489 domino
730 455 884 490 Radulfo
914 456 1094 503 capellano
1126 456 1259 490 domini
1288 456 1408 503 Regis,
1442 456 1582 490 Thoma
1611 455 1654 490 de

176 508 298 550 Bosco,
321 509 484 544 XVilehno
504 510 690 551 Galbrath,
711 511 830 545 Alano
851 512 893 545 (le
913 512 1020 559 Leya,
1050 512 1219 559 Fynlayo,
1255 513 1445 554 Riclmrdo,
1479 511 1653 560 Crispino,

177 564 347 606 VValtero,
368 571 402 600 et
422 565 599 607 VVilelmo,
620 567 754 601 clericis
772 567 905 608 nostris,
927 573 961 602 et
979 568 1053 602 aliis
1071 568 1201 603 multis.

177 735 409 769 Confirmatio
429 735 584 770 Wilelmi
602 736 693 782 regis
713 735 839 776 Scotie‚
861 735 903 770 de
921 741 1008 770 toto.

178 846 458 881 WILELMUS
474 846 543 881 Dei
558 847 671 893 gratia
688 860 750 882 rex
770 847 956 882 Scotorum
976 847 1153 895 episcopis,
1174 848 1365 889 abbatibus,
1386 849 1580 890 comitibus,
1600 849 1657 883 ba-

176 902 331 943 ronibus,
349 902 557 949 justiciariis,
578 904 850 944 vicecomitibus,
883 903 1074 951 prepositis,
1104 904 1276 946 ministris,
1310 910 1344 939 et
1362 906 1523 940 omnibus
1541 905 1658 953 probis

176 958 374 992 hominibus
392 959 499 992 totius
518 964 611 993 terre
630 958 699 999 sue,
720 960 853 994 clericis
872 966 907 994 et
925 960 1030 1001 laicis,
1052 960 1196 995 Francis
1215 966 1249 996 et
1268 961 1407 1007 Anglis,
1429 962 1552 1002 Scotis,
1573 962 1659 996 Gal-

176 1013 405 1054 widienfibus‚
425 1013 581 1049 salutem.
635 1016 753 1049 Sciant
771 1015 947 1062 presentes
978 1021 1013 1050 et
1042 1017 1152 1051 futuri
1180 1030 1235 1051 me
1262 1017 1298 1051 in
1322 1017 1466 1052 liberam
1486 1023 1520 1052 et
1538 1030 1660 1065 perpe-

176 1077 272 1106 tuam
291 1071 513 1106 elemosinam
540 1070 736 1107 conceflisse
765 1078 799 1107 et
817 1073 881 1107 hac
910 1078 1006 1107 carta
1023 1086 1102 1107 mea
1130 1071 1347 1107 confirmaffe
1366 1073 1448 1108 Deo
1467 1079 1501 1108 et
1520 1072 1659 1108 ecclesie

178 1128 221 1163 de
240 1127 388 1163 Paffelet
407 1134 441 1163 et
461 1129 575 1163 Priori
603 1134 638 1163 et
665 1129 845 1163 monachis
863 1129 991 1163 ibidem
1020 1129 1102 1163 Deo
1130 1128 1360 1163 servientibus
1379 1136 1413 1164 et
1431 1130 1467 1164 in
1485 1129 1659 1177 posterum

176 1184 364 1225 servituris,
394 1198 514 1220 omnes
532 1191 643 1220 terras
661 1185 737 1219 illas
755 1191 790 1219 et
809 1185 974 1227 ecclefias‚
1004 1185 1203 1232 ceterasque
1224 1184 1445 1234 poffeffiones
1464 1192 1499 1221 et
1517 1187 1661 1221 rectitu-

178 1241 277 1275 dines
295 1246 329 1275 et
347 1241 525 1276 libertates
543 1254 627 1287 quas
641 1241 817 1275 VValterus
835 1241 926 1275 filius
946 1242 1054 1276 Alani
1073 1242 1206 1289 dapifer
1223 1255 1322 1276 meus
1341 1241 1466 1276 eisdem
1482 1243 1660 1277 monachis

179 1297 432 1344 imperpetuam
453 1296 672 1332 elemosinam
696 1297 791 1331 dedit
809 1302 844 1331 et
862 1296 1024 1331 conceflit
1043 1303 1078 1332 et
1096 1303 1191 1332 carta
1220 1297 1280 1332 sua
1307 1298 1549 1333 confirmavit:
1593 1298 1661 1332 Te-

178 1353 311 1387 nendas
329 1353 377 1387 ita
394 1353 501 1387 libere
520 1358 555 1387 et
573 1354 688 1399 quiete
708 1358 742 1387 et
760 1353 901 1400 pacifice
920 1352 1004 1387 ficut
1022 1354 1071 1388 eis
1101 1353 1245 1388 testatur
1276 1359 1371 1388 carta
1397 1355 1548 1401 predicti
1571 1354 1661 1388 Wal-

178 1409 256 1449 teri,
289 1414 324 1443 et
342 1408 426 1443 ficut
444 1410 558 1456 alique
577 1408 762 1444 elemofine
781 1410 816 1442 in
835 1414 930 1443 terra
947 1423 1025 1444 mea
1042 1409 1196 1451 liberius,
1216 1410 1378 1456 quietius,
1409 1410 1533 1444 melius
1552 1415 1587 1444 et
1604 1423 1661 1457 pa-

179 1465 372 1499 cificentius
390 1470 556 1499 tenentur
575 1471 609 1500 et
626 1463 842 1512 poffidentur
858 1478 866 1499 ε
896 1465 1055 1513 Excepta
1072 1466 1131 1500 illa
1148 1471 1329 1500 carrucata
1355 1471 1448 1500 terre
1476 1479 1580 1512 quam
1601 1466 1662 1500 Ri-

179 1522 303 1557 cardus
322 1522 522 1569 capellanus
540 1523 654 1557 tenuit
672 1523 707 1556 in
728 1521 979 1562 Hastenesden,
996 1534 1099 1567 quam
1113 1520 1172 1568 ipfi
1185 1521 1313 1567 ubique
1328 1521 1535 1556 remiserunt
1548 1527 1583 1555 et
1601 1522 1662 1556 im-

180 1584 390 1626 perpetuum
409 1579 561 1625 quietam
581 1579 833 1619 clamaverunt,
854 1578 994 1624 quando
1022 1590 1088 1624 ego
1107 1590 1214 1611 unam
1246 1583 1461 1611 carrucatam
1490 1582 1584 1611 terre
1616 1578 1664 1612 eis

180 1636 216 1669 in
234 1635 355 1669 eadem
373 1635 457 1669 villa
475 1635 566 1675 dedi,
598 1648 702 1681 quam
730 1633 858 1669 scilicet
886 1634 1048 1668 Eraddus
1073 1633 1176 1667 abbas
1200 1631 1352 1668 Melroff
1367 1638 1402 1667 et
1422 1633 1602 1680 Philippus
1620 1634 1663 1668 de

182 1691 326 1725 W*allais
345 1696 380 1725 et
400 1691 577 1726 lValterus
609 1691 716 1726 Corb’
746 1692 895 1725 vicarius
921 1703 1030 1730 metm,
1059 1695 1225 1737 precepto
1243 1702 1334 1730 meo,
1363 1689 1411 1723 eis
1429 1689 1662 1724 tradiderunt.

182 1747 353 1787 Testibus,
376 1747 531 1781 Ricardo
550 1748 593 1782 de
613 1747 782 1782 Morevill
811 1746 1075 1786 constabulario,
1108 1745 1227 1779 Alano
1247 1745 1414 1792 dapifero,
1436 1744 1601 1779 Vl'ilelmo
1620 1745 1663 1779 de

184 1803 364 1843 Morevill,
399 1803 557 1837 lValtero
577 1804 620 1838 de
652 1804 757 1838 Berk’
789 1803 991 1843 camerario,
1012 1801 1171 1836 VValtero
1203 1801 1341 1842 Corbe',
1377 1801 1560 1835 Bernardo
1591 1801 1663 1836 filio

184 1859 325 1899 Briem',
357 1859 475 1893 Adam
497 1859 540 1894 de
560 1860 746 1901 Stanford',
770 1859 949 1894 Herberto
969 1858 1011 1893 de
1031 1857 1276 1898 Macceswell',
1299 1857 1464 1891 Wilelmo
1484 1855 1661 1898 Pass'elew,

183 1915 276 1962 apud
295 1914 520 1950 Seleschirke.

188 2082 419 2117 Confirmatio
439 2083 594 2118 Wilelmi
622 2084 713 2130 regis
742 2084 869 2124 Scotie,
899 2084 942 2118 de
974 2083 1135 2117 omnibus
1164 2082 1266 2116 terris
1294 2082 1384 2116 infra
1412 2080 1602 2128 Aldpatrik
1629 2086 1663 2115 et

189 2136 355 2184 Espdayr,
389 2143 423 2172 et
454 2139 496 2173 de
527 2144 622 2173 terra
650 2152 760 2186 prope
788 2139 1030 2174 molendinum
1062 2138 1104 2172 de
1136 2137 1281 2178 PassetO,
1313 2142 1348 2172 et
1378 2137 1421 2172 de
1450 2136 1594 2185 piscaria
1620 2137 1662 2171 de

190 2192 340 2227 Renfru.

190 2302 469 2353 VVlLELMUS
489 2304 559 2340 Dei
576 2305 688 2351 gratia
705 2318 767 2340 rex
794 2305 980 2340 Scotorum
1008 2305 1169 2340 omnibus
1196 2304 1313 2352 probis
1340 2305 1538 2340 hominibus
1555 2306 1663 2340 totius

912 2372 941 2394 M
