1839 2652
757 263 827 299 DE
857 264 1125 300 PASSELET.
1593 269 1662 304 163

179 358 252 395 chis
269 359 398 395 ibidem
417 360 499 395 Deo
516 359 744 396 servientibus
763 366 797 396 et
814 361 1072 410 imperpetuum
1090 362 1278 403 servituris,
1307 363 1344 397 in
1362 362 1518 404 liberam,
1537 377 1662 411 puram

180 420 216 450 et
232 421 438 464 perpetuam
457 415 689 458 elemofinam,
721 422 831 453 totam
850 423 980 453 terram
1007 419 1050 453 de
1077 419 1106 453 F
1108 419 1287 460 imbelach,
1316 432 1396 454 cum
1414 420 1601 455 medietate
1620 421 1663 456 de

182 472 387 514 Dunereue,
413 478 448 508 et
465 486 545 508 cum
563 472 766 520 quibusdam
784 474 925 508 terrulis
944 488 1010 521 que
1031 474 1367 521 Craginbrentalach
1394 482 1429 510 et
1457 474 1663 511 Drunloffet

180 529 413 576 appellantur,
434 542 512 564 cum
532 529 693 563 omnibus
704 529 804 576 justis
823 531 1043 577 pertinentiis
1070 537 1103 565 et
1134 544 1196 578 per
1215 544 1336 566 omnes
1353 530 1429 566 suas
1447 533 1561 567 rectas
1579 533 1663 567 divi-

179 583 229 619 sas
245 597 253 619 τ
290 585 480 620 Tenendas
496 592 532 621 et
549 585 724 620 habendas
742 586 850 620 libere
869 592 904 621 et
921 587 1048 632 quiete,
1069 587 1171 633 plene
1191 593 1225 621 et
1243 588 1447 629 honorifice,
1478 587 1563 623 ficut
1581 588 1663 623 alias

180 640 381 676 elemosinas
411 641 469 675 fibi
496 655 517 676 a
545 641 705 676 fidelibus
723 642 820 676 datas
838 648 872 676 et
902 641 1086 682 conceffas,
1107 643 1260 684 liberius,
1289 645 1451 690 quietius,
1471 645 1609 692 plenius
1628 651 1662 679 et

180 698 467 732 honorificentius
484 702 608 732 tenent
625 703 660 732 et
677 696 858 745 poffident.
912 698 1017 733 Unde
1035 698 1117 732 volo
1137 704 1171 733 et
1190 700 1346 734 concedo
1371 706 1412 734 ut
1440 707 1535 735 carta
1552 701 1662 736 ᾶίἆὶο-

179 766 258 789 rum
277 754 530 788 monachorum
548 766 651 799 quam
670 753 754 787 mihi
773 759 807 788 et
824 754 1010 788 heredibus
1029 755 1113 789 meis
1141 754 1393 797 concesserunt,
1426 756 1527 804 super
1545 758 1662 804 quieta

179 810 388 844 clamatione
406 809 624 856 quarundem
642 814 816 843 terrarum
834 810 870 843 in
888 809 958 857 ipsa
976 816 1070 844 carta
1084 809 1331 858 expressarum,
1351 813 1482 848 nullius
1499 813 1538 848 fit
1555 814 1661 848 firmi-

179 866 259 900 tatis
276 878 341 900 nec
359 865 475 911 aliquo
492 870 651 912 tempore
668 865 819 900 valitura
835 866 879 900 ad
897 867 1092 912 predi&am
1112 867 1338 902 donationem
1352 881 1465 903 meam
1485 870 1661 904 infirman-

180 922 259 956 dam
277 921 379 969 super
408 922 511 956 terris
539 922 718 969 preditffis
772 921 853 956 Hiis
880 922 1033 965 testibus,
1067 922 1176 964 Luca,
1211 923 1369 965 Andrea,
1402 926 1588 972 capellanis
1619 927 1662 960 de

181 976 338 1018 Paffelet,
371 977 523 1012 Patricio
542 977 722 1024 capellano
753 978 796 1012 de
829 978 1028 1025 Kylpatrik,
1062 978 1207 1025 Rogero
1236 978 1419 1015 senescallo
1439 982 1481 1015 de
1502 980 1660 1023 Paffelet‚

180 1033 326 1079 Rogero
358 1033 506 1068 diacono
530 1034 660 1068 vicario
691 1034 734 1068 de
766 1033 1001 1081 Kylberchan‚
1036 1035 1211 1070 Nicholao
1241 1037 1284 1071 de
1312 1037 1462 1078 Renfru,
1496 1037 1661 1073 Gilberto

178 1090 306 1124 clerico
323 1102 415 1130 meo,
452 1089 613 1124 Wilehno
644 1090 687 1124 de
716 1089 834 1129 Cram,
868 1096 902 1124 et
922 1090 1087 1126 wilelmo
1107 1092 1149 1126 de
1171 1092 1342 1133 Kenmor‚
1375 1093 1603 1129 servientibus
1617 1095 1660 1129 de

180 1144 338 1186 Paffelet,
361 1145 566 1180 Alexandro
585 1145 628 1180 de
648 1145 834 1186 Smalham,
858 1146 1017 1182 Henrico
1038 1146 1169 1189 Ruffel,
1190 1153 1225 1183 et
1243 1149 1362 1183 multis
1380 1150 1466 1184 aliis.

182 1314 341 1348 Donatio
361 1314 522 1361 Dufgalli
540 1315 690 1349 rectoris
709 1313 848 1350 ecclefie
867 1315 910 1350 de
930 1315 1130 1364 Kylpatrik,
1151 1317 1194 1351 de
1214 1317 1453 1354 Edinbernan.

182 1425 376 1462 SCIANT
400 1425 578 1474 presentes
596 1431 631 1461 et
648 1426 758 1461 futuri
775 1428 871 1474 quod
889 1440 954 1475 ego
975 1429 1165 1476 Dufgallus
1189 1431 1309 1466 rector
1339 1432 1479 1468 ecclefie
1508 1434 1551 1468 de
1585 1434 1659 1469 Kil-

180 1483 306 1530 patrik,
334 1483 442 1517 frater
460 1483 594 1517 domini
613 1483 814 1519 Maldovini
833 1485 969 1520 comitis
987 1486 1029 1520 de
1049 1485 1229 1528 Levenax,
1258 1487 1350 1529 dedi,
1379 1487 1525 1524 conceffi
1545 1496 1578 1525 et
1596 1491 1660 1525 hac

178 1544 274 1573 carta
290 1551 368 1574 mea
385 1539 590 1574 confirmavi
609 1539 691 1574 Deo
710 1545 745 1575 et
764 1539 901 1575 Sanffis
919 1541 1053 1577 Jacobo
1079 1547 1114 1576 et
1147 1542 1283 1578 Mirino
1302 1544 1345 1578 de
1364 1543 1512 1580 Paffelet
1531 1553 1566 1581 et
1584 1561 1656 1582 mo-

180 1595 298 1630 nachis
315 1595 444 1629 ibidem
463 1594 545 1630 Deo
563 1595 792 1631 servientibus
811 1602 845 1631 et
863 1597 1122 1645 imperpetuum
1140 1598 1329 1641 servituris,
1349 1605 1459 1636 totam
1478 1602 1573 1637 illam
1592 1610 1659 1638 ter-

178 1664 252 1686 ram
270 1664 337 1698 que
356 1651 584 1686 Edinbernan
603 1652 811 1699 appellatur,
840 1666 918 1687 cum
938 1654 1100 1688 omnibus
1111 1654 1211 1702 justis
1228 1657 1449 1702 pertinentiis
1480 1665 1514 1693 et
1545 1659 1657 1694 divifis

179 1707 256 1749 suis,
284 1708 321 1741 in
338 1720 462 1755 puram
481 1713 516 1743 et
532 1714 739 1756 perpetuam
757 1708 990 1750 elemofinam,
1019 1723 1122 1756 quam
1141 1711 1283 1757 quidem
1301 1718 1432 1748 terram
1451 1716 1606 1750 concedo
1626 1723 1660 1751 et

179 1763 391 1810 recognosco
409 1764 454 1798 ad
471 1763 646 1799 eeclefiam
675 1777 797 1799 eorum
828 1766 871 1800 de
905 1765 1093 1814 Kylpatrik
1122 1767 1165 1802 de
1189 1767 1271 1814 jure
1303 1769 1430 1805 debere
1458 1772 1634 1818 pertinere
1650 1786 1657 1806 :

178 1820 275 1854 unde
291 1820 374 1855 volo
393 1825 428 1854 et
446 1821 602 1855 concedo
620 1826 659 1855 ut
678 1821 772 1856 dicta
789 1827 885 1857 terra
902 1822 961 1863 eis,
982 1823 1127 1857 nomine
1154 1823 1248 1858 di6h÷
1267 1824 1406 1861 ecclefie
1433 1826 1491 1861 sue
1510 1828 1553 1862 de
1574 1828 1659 1875 Kyl-

180 1875 306 1923 patrik,
324 1877 585 1924 imperpetuum
603 1883 805 1921 remaneat3
836 1884 870 1913 et
896 1884 936 1912 ut
954 1883 1050 1913 carta
1067 1880 1415 1925 quieteclamationis,
1444 1897 1546 1929 quam
1574 1885 1658 1919 diffl

181 1932 343 1966 monachi
361 1932 445 1966 mihi
464 1938 499 1967 et
516 1933 703 1968 heredibus
720 1934 806 1968 meis
825 1934 867 1968 de
897 1934 1032 1982 prefata
1060 1940 1155 1970 terra
1186 1936 1437 1979 concesserunt,
1471 1940 1525 1974 vel
1545 1940 1659 1986 aliqua

181 1987 249 2022 alia
265 1993 360 2023 carta
377 2001 444 2034 que
463 1988 506 2023 de
524 1988 594 2036 ipsa
610 1994 705 2024 terra
721 1989 843 2024 fecerit
860 1990 1088 2031 mentionem,
1115 1991 1247 2026 nullius
1265 1995 1433 2028 momenti
1464 1994 1502 2029 fit
1521 1997 1576 2029 vel
1602 1997 1658 2030 fir-

182 2043 321 2084 mitatis,
347 2056 413 2079 nec
430 2044 546 2090 aliquo
564 2050 723 2093 tempore
752 2046 837 2080 mihi
864 2046 921 2081 vel
952 2047 1138 2082 heredibus
1155 2049 1241 2082 meis
1258 2049 1418 2084 valitura.
1474 2051 1552 2085 Hiis
1571 2052 1658 2086 testi-

182 2098 256 2138 bus,
284 2099 428 2134 domino
448 2100 603 2135 Radulfo
622 2101 802 2148 capellano
822 2102 954 2137 domini
976 2103 1094 2149 Regis,
1122 2104 1269 2138 Andrea
1287 2106 1466 2152 capellano
1485 2107 1527 2142 de
1548 2107 1658 2143 Paffe-

181 2154 241 2194 let,
272 2154 417 2201 Rogero
435 2154 620 2191 senescallo
639 2157 682 2191 de
703 2156 860 2198 Paffelet,
891 2158 1046 2193 Radulfo
1066 2159 1204 2200 clerico,
1235 2160 1398 2196 Gilberto
1421 2163 1547 2199 clerico
1566 2177 1654 2205 meo,

185 2210 266 2244 Ada
283 2210 326 2245 de
345 2209 439 2252 Neff,
472 2211 634 2246 Wilelmo
652 2218 687 2247 et
706 2213 877 2254 Gwardo,
907 2214 1053 2254 clericis,
1082 2220 1116 2249 et
1135 2215 1252 2250 multis
1271 2216 1355 2250 aliis.
