1839 2652
743 247 813 283 DE
841 248 1114 284 PASSELET.
1605 259 1672 293 139

184 346 265 392 quia
281 344 430 392 figillum
448 358 566 381 meum
584 346 699 380 minus
717 351 842 380 notum
861 345 919 386 est,
938 345 1089 392 sigillum
1107 346 1240 381 domini
1251 346 1375 382 Jacobi
1393 346 1568 383 senescalli
1584 349 1665 385 Sco-

183 402 232 436 tie
248 401 400 449 presenti
425 401 553 450 scripto
579 403 708 450 apponi
726 402 926 449 procuravi.
980 403 1076 438 Data
1102 404 1196 451 apud
1223 403 1370 440 Pafl'elet
1400 405 1455 441 die
1473 405 1602 442 sabbati
1629 409 1665 442 in

182 458 328 493 crastino
348 458 477 494 San&
498 458 614 493 Marie
634 458 850 505 Magdalene
869 472 962 495 anno
980 462 1091 507 gratie
1110 460 1289 497 millefimo
1305 462 1540 499 ducentefimo
1556 478 1665 501 nona-

181 514 310 561 gefimo
338 516 474 561 quinto.
530 515 609 549 Hiis
636 514 786 556 testibus,
825 516 988 563 magistro
1020 517 1185 552 Gilberto
1213 517 1256 553 de
1289 516 1322 552 T
1325 519 1496 566 empilton
1526 522 1666 557 re&ore

181 569 320 606 ecclesie
339 571 381 605 de
402 571 554 612 Rothir’,
587 570 733 617 Fynlaio
753 572 939 618 capellano
958 573 1092 607 domini
1117 573 1241 609 Jacobi
1258 573 1434 610 senescalli
1455 577 1572 613 Scotie
1590 592 1666 626 per-

180 633 288 675 petuo
318 626 448 662 vicario
480 627 522 662 de
553 627 735 674 Kyllinan,
767 627 902 675 Alpino
934 629 1006 663 filio
1036 629 1252 671 Douenaldi‚
1282 631 1462 679 Stephano
1492 634 1534 669 de
1565 634 1663 670 Kent

181 684 312 719 vicario
331 684 374 718 de
394 683 563 731 Inyrkyp,
592 683 736 717 domino
758 683 917 730 Hugone
937 685 1117 733 capellano
1135 687 1327 733 parochiali
1346 688 1389 723 de
1409 689 1555 726 Pafl'elet
1573 692 1666 727 vica-

181 742 234 775 rio
253 741 296 775 de
317 740 551 788 Kylmacolm,
579 745 614 775 et
632 740 707 774 aliis
725 739 857 774 multis.

181 910 357 957 Scriptum
375 908 646 943 renuntiationis
665 914 846 943 nummata
864 914 958 944 terre
986 909 1029 944 de
1058 909 1210 957 Kylmor
1240 912 1333 959 apud
1365 912 1562 963 Louchgilp
1582 929 1661 951 cum

180 966 312 1014 capella
329 965 429 1000 beate
449 964 578 1006 Marie,
597 977 661 1012 per
678 965 847 999 vicarium
868 964 1084 1001 Malmorem
1104 966 1147 1001 de
1169 967 1349 1015 Kyllinan.

180 1078 421 1114 OMNIBUS
448 1077 575 1113 Christi
592 1077 754 1112 fidelibus
771 1077 816 1111 ad
833 1090 921 1124 quos
939 1077 1081 1125 presens
1099 1078 1265 1127 scriptum
1283 1084 1486 1129 pervenerit
1503 1085 1662 1131 magister

183 1135 361 1171 Robertus
380 1135 423 1169 de
444 1134 583 1169 Lanarc
600 1132 815 1168 subdecanus
833 1132 973 1169 ecclesie
993 1134 1215 1182 Glasguenfis
1233 1143 1268 1172 et
1288 1138 1467 1174 Robertus
1486 1140 1528 1175 de
1544 1140 1663 1188 Edyn-

180 1193 271 1239 burg
288 1192 442 1240 ejusdem
460 1189 599 1226 ecclesie
617 1191 818 1231 canonicus,
845 1196 1009 1237 gerentes
1040 1192 1133 1226 vices
1162 1193 1295 1228 domini
1327 1195 1475 1230 Abbatis
1506 1197 1549 1231 de
1579 1197 1664 1244 Kyl-

181 1261 311 1296 wynyn
324 1248 452 1296 judicis
478 1260 499 1281 a
524 1247 668 1282 domino
688 1246 783 1294 Papa
801 1247 963 1294 delegati,
990 1248 1027 1282 in
1058 1248 1159 1283 causa
1185 1263 1253 1296 que
1270 1251 1474 1287 vertebatur
1492 1253 1585 1288 inter
1604 1255 1663 1289 do-

180 1305 294 1339 minos
314 1304 490 1338 Abbatem
508 1308 543 1338 et
561 1309 776 1338 conventum
796 1303 838 1337 de
858 1302 1007 1339 Paffelet
1025 1318 1069 1339 ex
1086 1311 1185 1353 parte
1203 1319 1286 1348 una,
1307 1312 1342 1342 et
1362 1307 1576 1344 Malmorem
1595 1303 1664 1345 dic-

180 1367 257 1396 tum
277 1360 446 1395 Hobolan
463 1365 674 1407 perpetuum
692 1359 862 1394 vicarium
894 1360 937 1394 de
971 1360 1141 1408 Kyllinan
1160 1375 1203 1397 ex
1221 1363 1342 1405 altera,
1370 1363 1515 1400 salutem
1533 1367 1571 1401 in
1589 1366 1663 1401 Do-

181 1419 277 1452 mino
294 1416 553 1464 sempiternam.
606 1415 757 1451 Noverit
773 1415 978 1450 universitas
999 1417 1110 1452 vestra
1139 1419 1234 1465 quod
1263 1432 1343 1454 cum
1375 1420 1537 1457 dominus
1556 1422 1663 1458 Ysaac

179 1473 372 1508 monachus
398 1473 441 1507 de
472 1471 620 1507 Paffelet
636 1478 847 1520 procurator
863 1473 1108 1520 predifflmrum
1130 1474 1279 1510 Abbatis
1307 1482 1343 1511 et
1371 1484 1567 1513 conventus
1584 1492 1663 1526 pro-

179 1528 341 1577 posuiffet
359 1542 477 1565 coram
496 1528 596 1563 nobis
613 1529 650 1562 in
675 1529 810 1576 judicio
828 1529 924 1575 quod
942 1530 1122 1577 predi&11s
1142 1531 1300 1567 Malmor
1318 1533 1468 1568 vicarius
1485 1535 1609 1582 injuste
1629 1543 1663 1570 et

179 1585 248 1621 fine
266 1585 366 1621 cause
384 1586 588 1632 cognitione
613 1584 821 1633 spoliaverat
847 1585 1027 1633 predi6tos
1059 1587 1234 1622 Abbatem
1265 1594 1300 1623 et
1330 1595 1545 1625 conventum
1564 1604 1663 1626 num-

180 1649 274 1678 mata
290 1649 385 1678 terre
404 1643 446 1677 de
469 1642 621 1690 Kylmor
638 1642 730 1690 apud
752 1641 1016 1691 Kenlouchgilp
1035 1648 1069 1678 et
1082 1644 1217 1691 capella
1234 1645 1335 1680 beate
1350 1645 1468 1681 Marie
1485 1647 1521 1681 in
1541 1648 1663 1683 eadem

182 1706 273 1734 terra
290 1699 446 1739 fundata,
474 1699 510 1733 in
538 1698 636 1746 cujus
665 1704 765 1733 erant
791 1697 995 1746 poffeffione
1013 1701 1157 1748 pacifica
1185 1702 1412 1750 percipiendo
1431 1703 1567 1738 firmam
1585 1718 1662 1752 pre-

181 1756 273 1790 ἀίὅὶε
291 1760 471 1790 nummate
489 1760 583 1790 terre
609 1768 673 1802 per
699 1756 841 1802 aliquod
859 1761 1007 1805 tempus,
1037 1759 1303 1805 prenominatus
1323 1759 1486 1795 Vicarius
1513 1761 1556 1796 de
1580 1762 1662 1809 jure

180 1811 241 1846 suo
259 1812 419 1847 diffidens
445 1812 481 1846 in
505 1812 640 1859 judicio
660 1825 777 1847 coram
808 1813 908 1848 nobis
938 1813 1109 1849 confeffus
1141 1815 1206 1850 fuit
1234 1815 1267 1850 se
1299 1816 1413 1851 difflms
1433 1817 1608 1853 Abbatem
1628 1826 1663 1854 et

181 1874 394 1903 conventum
413 1868 574 1915 predifiba
590 1874 773 1903 nummata
797 1874 892 1904 terre
924 1883 1003 1905 cum
1035 1871 1168 1918 capella
1184 1872 1339 1907 indebite
1357 1872 1512 1920 spoliafl'e
1528 1889 1537 1917 3
1567 1876 1661 1909 unde

181 1937 260 1958 cum
278 1924 378 1958 nobis
396 1925 500 1972 plene
518 1924 690 1959 constaret
708 1925 744 1959 in
756 1925 892 1972 judicio
920 1926 963 1960 de
989 1927 1070 1974 jure
1096 1928 1338 1975 predffikorum
1360 1929 1507 1964 Abbatis
1526 1936 1561 1965 et
1580 1944 1660 1965 con-

180 1986 317 2020 ventus,
344 1985 420 2014 tum
448 1993 511 2028 per
538 1980 785 2016 confeflionem
810 1982 962 2029 predififi
980 1982 1124 2024 Vicarii,
1151 1989 1229 2019 tum
1254 1998 1317 2032 per
1348 1985 1520 2031 legittima
1537 1986 1659 2021 instru-

182 2041 310 2076 menta,
336 2037 621 2083 prenominatum
640 2043 905 2085 procuratorem
925 2039 1067 2073 nomine
1085 2040 1262 2075 ἂίὄὶοιᾞιῃ
1282 2040 1429 2076 Abbatis
1448 2047 1482 2076 et
1509 2055 1660 2078 conven-

182 2099 239 2126 tus
257 2092 302 2126 ad
318 2090 557 2138 poffeffionem
576 2093 670 2128 diete
688 2100 869 2129 nummate
888 2100 982 2130 terre
1001 2101 1035 2130 et
1054 2095 1186 2142 capelle
1205 2109 1285 2130 cum
1304 2097 1466 2132 omnibus
1483 2099 1660 2145 pertinen-

181 2149 238 2182 tiis
255 2146 322 2181 suis
340 2147 593 2184 sententialiter
611 2150 832 2185 decrevimus
850 2156 884 2185 et
903 2151 1066 2185 duximus
1084 2150 1337 2186 restituendum
1355 2165 1394 2187 ae
1412 2153 1448 2187 in
1466 2153 1661 2200 pofl'eflion-

183 2217 237 2238 em
256 2203 467 2238 mittendum
482 2218 491 2246 ;
523 2210 558 2239 et
569 2205 685 2240 ditibus
703 2205 865 2240 Vicarius
884 2208 980 2241 omni
992 2207 1066 2253 juri
1084 2207 1180 2252 quod
1196 2208 1234 2242 in
1252 2208 1347 2243 crusta
1364 2215 1458 2245 terra
1476 2216 1510 2245 et
1529 2212 1661 2259 capella

183 2273 261 2294 cum
274 2259 435 2294 omnibus
452 2260 672 2306 pertinentiis
689 2261 757 2295 suis
774 2261 895 2297 habuit
908 2263 965 2297 vel
978 2263 1107 2297 habere
1122 2264 1249 2310 potuit,
1271 2278 1387 2300 coram
1405 2266 1516 2308 nobis,
1537 2268 1572 2302 in
1590 2281 1659 2303 ma-

182 2316 284 2350 nibus
301 2315 450 2363 predicffi
468 2317 705 2362 procuratoris
722 2317 865 2352 nomine
883 2319 1126 2364 predifi'mrum
1145 2319 1293 2356 Abbatis
1316 2327 1350 2356 et
1369 2329 1574 2364 conventus,
1594 2337 1658 2371 pro
