1839 2652
175 292 246 324 0234
576 287 891 324 REGISTRUM
919 286 1257 324 MONASTERII

178 441 407 478 Confirmatio
425 441 589 476 Jocellini
608 440 757 488 episcopi
776 439 1018 487 Glasgwenfis‚
1038 442 1081 476 de
1101 441 1241 477 ecclesia
1259 442 1302 476 de
1322 442 1476 490 Cragyn.

176 553 495 590 JOCELLINUS
515 553 585 587 Dei
603 553 715 599 gratia
733 551 966 599 Glasgwenfis
992 552 1171 601 episcopus
1201 554 1369 589 universis
1394 554 1513 590 fauete
1539 556 1660 590 matris

176 609 313 646 ecclesie
331 611 409 644 filiis
426 616 495 644 tam
515 609 731 657 presentibus
748 622 851 655 quam
869 609 1001 644 futuris
1017 609 1163 644 salutem
1174 610 1211 644 in
1227 610 1398 646 Domino.
1450 611 1572 646 Sciatis
1583 624 1658 653 nos,

177 669 293 703 divine
312 668 462 702 caritatis
488 668 629 707 intuitu,
662 665 855 701 conceffifl'e
887 670 922 701 et
952 665 1137 713 episcopali
1166 667 1378 702 amstoritate
1407 673 1441 702 et
1470 668 1535 703 hac
1566 675 1661 703 carta

178 724 292 759 nostra
309 721 535 763 confirmasse,
570 724 651 758 Deo
682 729 717 758 et
747 723 887 758 ecclesie
916 723 958 757 de
987 721 1135 757 Pafl'elet
1154 728 1188 757 et
1207 724 1386 758 monachis
1419 724 1549 758 ibidem
1579 724 1660 759 Deo

177 781 415 820 servientibus,
446 779 621 814 ecclesiam
640 780 682 814 de
703 779 846 826 Cragyn
864 792 967 825 quam
988 778 1166 813 Walterus
1194 778 1291 814 Hose
1321 781 1435 826 gratia
1464 780 1661 815 devotionis

179 838 328 872 contulit
346 837 393 871 eis
412 837 447 870 in
467 837 611 871 liberam
630 842 664 870 et
682 837 836 882 quietam
855 842 889 870 et
908 840 1111 882 perpetuam
1132 834 1364 876 elemosinam,
1394 849 1473 870 cum
1505 837 1608 871 terris
1625 837 1661 870 in

178 894 279 941 ipfius
298 893 444 928 iValteri
473 898 567 927 carta
596 893 794 932 nominatis,
830 898 865 926 et
895 904 973 926 cum
1005 891 1147 925 decimis
1175 896 1210 925 et
1241 892 1365 925 ceteris
1391 892 1662 927 obventionibus

179 949 406 985 ecclesiasticis
424 954 458 984 et
477 949 638 983 omnibus
656 948 730 982 aliis
748 961 815 994 que
834 948 879 982 ad
896 947 1002 994 ipsam
1021 945 1196 981 eeclefiam
1224 947 1266 981 de
1294 948 1437 995 Cragyn
1448 947 1539 995 juste
1556 949 1662 996 perti-

179 1020 263 1041 nere
282 1005 484 1040 noscuntur.
539 1005 659 1046 Quare
674 1005 838 1039 volumus
856 1010 896 1038 ut
913 1002 973 1050 ipfi
990 1003 1151 1037 monachi
1166 1008 1310 1038 teneant
1328 1010 1363 1039 et
1380 1004 1572 1052 poffideant
1586 1019 1663 1053 pre-

181 1063 311 1097 dictam
330 1061 505 1097 ecclesiam
524 1061 567 1095 de
587 1060 730 1107 Cragyn
748 1073 828 1094 cum
848 1059 1009 1094 omnibus
1029 1058 1128 1105 justis
1154 1060 1374 1106 pertinentiis
1392 1060 1459 1096 suis
1476 1062 1525 1096 ita
1541 1062 1660 1102 libere,

180 1121 307 1166 quiete,
327 1119 481 1165 plenarie
500 1123 534 1153 et
551 1117 744 1152 honorifice
762 1116 848 1151 ficut
865 1116 996 1162 aliquas
1013 1115 1097 1149 alias
1115 1114 1271 1150 eeclefias
1288 1117 1325 1150 in
1345 1116 1544 1164 episcopatu
1563 1117 1662 1152 Glas-

181 1175 310 1223 gwenfi
327 1175 479 1215 liberius,
511 1174 661 1221 quietius
680 1179 714 1208 et
731 1173 1020 1207 honorificentius
1031 1177 1154 1206 tenent
1172 1177 1207 1206 et
1224 1171 1396 1219 possident
1412 1187 1421 1215 ;
1451 1173 1561 1208 Salvis
1580 1173 1664 1220 epis-

182 1233 369 1281 copalibus.
427 1231 507 1266 Hiis
525 1230 675 1271 testibus,
706 1230 863 1276 Hugone
881 1228 1003 1263 abbate
1030 1228 1073 1262 de
1101 1227 1283 1269 Neubotil,
1317 1228 1498 1264 Herberto
1517 1229 1662 1269 decano,

182 1291 335 1337 Symone
353 1288 598 1323 archidiacono
616 1287 744 1324 nostro,
775 1286 893 1325 Helia,
914 1284 1022 1324 Beda,
1045 1283 1221 1325 wilelmo,
1252 1285 1427 1319 canonicis
1446 1283 1664 1331 Glasguenfi-

181 1347 256 1386 bus,
278 1345 384 1380 Petro
400 1345 533 1379 decano
546 1344 588 1377 de
604 1342 802 1383 Cludesdal,
824 1340 990 1375 Wilelmo
1002 1339 1151 1387 persona
1165 1341 1208 1375 de
1225 1340 1473 1388 Drumsyrgar,
1492 1341 1661 1381 waltero,

182 1402 205 1437 J
208 1402 357 1442 ohanne,
378 1401 512 1435 clericis
530 1399 667 1440 nostris,
687 1404 721 1434 et
739 1398 898 1445 pluribus
916 1397 1002 1431 aliis.

187 1570 362 1605 Institutio
381 1567 519 1603 ecclesie
538 1569 581 1602 de
600 1568 753 1614 Cragyn.

187 1680 426 1717 OMNIBUS
446 1679 571 1715 Christi
589 1679 750 1713 fidelibus
768 1679 828 1713 has
846 1678 980 1712 litteras
997 1677 1119 1712 visuris
1138 1678 1193 1713 vel
1211 1679 1381 1713 audituris
1398 1678 1571 1714 Ricardus
1588 1691 1664 1726 per-

187 1744 312 1785 petuus
330 1737 477 1771 vicarius
496 1734 634 1770 ecclesie
649 1735 692 1769 de
709 1732 943 1781 Kylniaurofl',
964 1734 1116 1768 decanus
1131 1734 1173 1769 de
1190 1734 1272 1781 Kyl‚
1286 1733 1431 1769 salutem
1451 1736 1486 1769 in
1505 1735 1664 1769 Domino

187 1794 444 1841 sempiternam.
472 1791 623 1826 Noverit
636 1789 840 1825 universitas
853 1789 965 1825 vestra
978 1804 1033 1826 me
1046 1792 1178 1826 litteras
1191 1793 1400 1827 venerabilis
1413 1793 1520 1840 patris
1533 1793 1663 1827 domini

190 1850 339 1884 Roberti
359 1849 429 1882 Dei
446 1848 558 1894 gratia
576 1845 809 1893 Glasgwenfis
827 1846 976 1894 episcopi
988 1846 1161 1894 recepisse,
1182 1848 1218 1882 in
1236 1848 1299 1882 hec
1311 1848 1417 1883 verba
1432 1863 1442 1891 3
1472 1848 1666 1883 ROBER-

190 1906 287 1940 TUS
317 1904 536 1939 miseratione
565 1903 683 1937 divina
713 1901 851 1937 66616116
879 1902 1111 1949 Glasgwenfis
1142 1903 1319 1951 episcopus
1345 1904 1485 1938 humilis
1514 1903 1666 1938 minister

189 1962 319 1996 dileeto
338 1960 395 1995 fibi
414 1961 450 1994 in
469 1959 606 1995 Christo
626 1959 773 1993 Decano
792 1958 835 1992 de
856 1958 948 2006 Kyle
965 1958 1120 2000 salutem,
1152 1960 1299 2006 gratiam
1318 1966 1353 1995 et
1370 1960 1664 1995 benedictionem.

193 2019 406 2052 Mandamus
423 2017 521 2051 vobis
539 2016 686 2050 firmiter
704 2015 928 2062 injungentes
946 2016 1109 2061 quatinus
1126 2016 1220 2050 viros
1238 2015 1417 2062 religiosos
1436 2016 1613 2050 Abbatem
1632 2022 1665 2050 et

191 2080 404 2109 conventum
423 2073 466 2107 de
486 2070 633 2107 Passelet
647 2072 703 2106 vel
721 2076 984 2118 procuratorem
1004 2070 1102 2105 suum
1115 2072 1257 2106 nomine
1272 2072 1466 2107 eorundem
1477 2072 1514 2106 in
1529 2071 1667 2106 ecclefia

193 2132 235 2165 de
255 2131 407 2176 Cragyn,
427 2130 502 2163 vice
521 2134 555 2163 et
573 2128 783 2162 auetoritate
802 2127 926 2168 nostra,
946 2129 1139 2169 instituatis
1161 2135 1195 2163 et
1214 2130 1249 2163 in
1267 2129 1485 2176 corporalem
1515 2128 1666 2176 ejusdem

192 2184 427 2233 possessionem
459 2185 641 2225 inducatis,
672 2183 851 2231 cujussibet
876 2184 957 2230 jure
988 2184 1080 2219 salvo
1097 2200 1106 2228 ;
1136 2185 1239 2220 Salva
1269 2186 1373 2219 etiam
1403 2185 1565 2232 portione
1591 2197 1667 2232 per-

192 2243 289 2289 petui
308 2242 423 2275 vicarii
441 2254 544 2286 quem
563 2241 646 2275 dieti
668 2240 787 2274 Abbas
806 2246 840 2274 et
858 2247 1051 2275 conventus
1078 2241 1177 2275 nobis
1203 2241 1368 2275 duxerint
1384 2240 1664 2288 presentandum.

195 2299 328 2332 Datum
349 2299 440 2344 apud
463 2298 655 2345 Kylwynin
673 2299 708 2332 in
728 2298 873 2332 crastino
891 2297 1103 2332 inventionis
1117 2297 1234 2332 sanc‘te
1253 2297 1363 2331 crucis
1381 2309 1474 2331 anno
1489 2295 1666 2330 millesimo

196 2355 273 2390 CC⁰
292 2353 413 2387 LXX⁰
431 2353 536 2387 sexto.
591 2354 672 2394 Qua
689 2360 833 2401 propter
851 2352 1062 2389 universitati
1082 2353 1191 2388 vestre
1218 2351 1433 2399 presentibus
1461 2352 1543 2386 duxi
1569 2350 1666 2398 figni-
