<?xml version="1.0" encoding="UTF-8"?>
<!DOCTYPE html PUBLIC "-//W3C//DTD XHTML 1.0 Transitional//EN"
    "http://www.w3.org/TR/xhtml1/DTD/xhtml1-transitional.dtd">
<html xmlns="http://www.w3.org/1999/xhtml" xml:lang="en" lang="en">
 <head>
  <title>
</title>
<meta http-equiv="Content-Type" content="text/html;charset=utf-8" />
  <meta name='ocr-system' content='tesseract 3.04.00' />
  <meta name='ocr-capabilities' content='ocr_page ocr_carea ocr_par ocr_line ocrx_word'/>
</head>
<body>
  <div class='ocr_page' id='page_1' title='image "./registrummonaste00mait_0231.png"; bbox 0 0 1839 2652; ppageno 0'>
   <div class='ocr_carea' id='block_1_1' title="bbox 738 257 1663 298">
    <p class='ocr_par' dir='ltr' id='par_1_1' title="bbox 738 257 1663 298">
     <span class='ocr_line' id='line_1_1' title="bbox 738 257 1663 298; baseline -0.004 -3"><span class='ocrx_word' id='word_1_1' title='bbox 738 260 809 295; x_wconf 92' lang='lat' dir='ltr'>DE</span> <span class='ocrx_word' id='word_1_2' title='bbox 838 257 1108 294; x_wconf 88' lang='lat' dir='ltr'><strong>PASSELET.</strong></span> <span class='ocrx_word' id='word_1_3' title='bbox 1598 260 1663 298; x_wconf 89' lang='lat'>171</span> 
     </span>
    </p>
   </div>
   <div class='ocr_carea' id='block_1_2' title="bbox 177 353 1671 1196">
    <p class='ocr_par' dir='ltr' id='par_1_2' title="bbox 177 353 1671 1196">
     <span class='ocr_line' id='line_1_2' title="bbox 177 353 1665 406; baseline -0.005 -11"><span class='ocrx_word' id='word_1_4' title='bbox 177 361 297 395; x_wconf 90' lang='lat' dir='ltr'>bertus</span> <span class='ocrx_word' id='word_1_5' title='bbox 310 359 464 394; x_wconf 80' lang='lat' dir='ltr'><strong>reddidit</strong></span> <span class='ocrx_word' id='word_1_6' title='bbox 474 359 635 406; x_wconf 67' lang='lat' dir='ltr'>predicto</span> <span class='ocrx_word' id='word_1_7' title='bbox 644 358 776 394; x_wconf 89' lang='lat' dir='ltr'>Comiti</span> <span class='ocrx_word' id='word_1_8' title='bbox 791 363 920 393; x_wconf 81' lang='lat' dir='ltr'>cartam</span> <span class='ocrx_word' id='word_1_9' title='bbox 936 362 971 391; x_wconf 87' lang='lat' dir='ltr'>et</span> <span class='ocrx_word' id='word_1_10' title='bbox 985 355 1289 391; x_wconf 86' lang='lat' dir='ltr'>confirmationem</span> <span class='ocrx_word' id='word_1_11' title='bbox 1304 366 1389 401; x_wconf 86' lang='lat' dir='ltr'>quas</span> <span class='ocrx_word' id='word_1_12' title='bbox 1404 353 1446 388; x_wconf 93' lang='lat' dir='ltr'>de</span> <span class='ocrx_word' id='word_1_13' title='bbox 1462 353 1557 389; x_wconf 64' lang='lat' dir='ltr'>dicta</span> <span class='ocrx_word' id='word_1_14' title='bbox 1570 358 1665 388; x_wconf 84' lang='lat' dir='ltr'>terra</span> 
     </span>
     <span class='ocr_line' id='line_1_3' title="bbox 177 409 1664 458; baseline -0.005 -7"><span class='ocrx_word' id='word_1_15' title='bbox 177 417 221 451; x_wconf 91' lang='lat' dir='ltr'>de</span> <span class='ocrx_word' id='word_1_16' title='bbox 241 415 584 450; x_wconf 88' lang='lat' dir='ltr'>Monachkennaran</span> <span class='ocrx_word' id='word_1_17' title='bbox 602 415 733 456; x_wconf 82' lang='lat' dir='ltr'><strong>habuit,</strong></span> <span class='ocrx_word' id='word_1_18' title='bbox 762 414 973 449; x_wconf 80' lang='lat' dir='ltr'>renuncians</span> <span class='ocrx_word' id='word_1_19' title='bbox 992 412 1203 447; x_wconf 81' lang='lat' dir='ltr'>omnimodis</span> <span class='ocrx_word' id='word_1_20' title='bbox 1221 410 1468 451; x_wconf 79' lang='lat' dir='ltr'>instrumentis,</span> <span class='ocrx_word' id='word_1_21' title='bbox 1495 423 1559 458; x_wconf 91' lang='lat' dir='ltr'>pro</span> <span class='ocrx_word' id='word_1_22' title='bbox 1577 409 1611 444; x_wconf 88' lang='lat' dir='ltr'>se</span> <span class='ocrx_word' id='word_1_23' title='bbox 1629 416 1664 444; x_wconf 86' lang='lat' dir='ltr'>et</span> 
     </span>
     <span class='ocr_line' id='line_1_4' title="bbox 178 467 1665 519; baseline -0.005 -12"><span class='ocrx_word' id='word_1_24' title='bbox 178 472 365 507; x_wconf 80' lang='lat' dir='ltr'><strong>heredibus</strong></span> <span class='ocrx_word' id='word_1_25' title='bbox 383 472 460 513; x_wconf 82' lang='lat' dir='ltr'>suis,</span> <span class='ocrx_word' id='word_1_26' title='bbox 488 471 582 518; x_wconf 75' lang='lat' dir='ltr'>{iqua</span> <span class='ocrx_word' id='word_1_27' title='bbox 598 471 818 519; x_wconf 91' lang='lat' dir='ltr'>postmodum</span> <span class='ocrx_word' id='word_1_28' title='bbox 838 471 982 505; x_wconf 86' lang='lat' dir='ltr'>inventa</span> <span class='ocrx_word' id='word_1_29' title='bbox 1011 470 1142 504; x_wconf 89' lang='lat' dir='ltr'>fuerint</span> <span class='ocrx_word' id='word_1_30' title='bbox 1169 468 1285 514; x_wconf 88' lang='lat' dir='ltr'>aliquo</span> <span class='ocrx_word' id='word_1_31' title='bbox 1316 474 1475 515; x_wconf 89' lang='lat' dir='ltr'>tempore</span> <span class='ocrx_word' id='word_1_32' title='bbox 1503 467 1665 501; x_wconf 81' lang='lat' dir='ltr'>facientia</span> 
     </span>
     <span class='ocr_line' id='line_1_5' title="bbox 178 525 1662 573; baseline -0.003 -10"><span class='ocrx_word' id='word_1_33' title='bbox 178 529 395 564; x_wconf 85' lang='lat' dir='ltr'>mentionem</span> <span class='ocrx_word' id='word_1_34' title='bbox 414 529 457 563; x_wconf 91' lang='lat' dir='ltr'>de</span> <span class='ocrx_word' id='word_1_35' title='bbox 476 529 572 563; x_wconf 58' lang='lat' dir='ltr'>dicito</span> <span class='ocrx_word' id='word_1_36' title='bbox 602 528 766 563; x_wconf 82' lang='lat' dir='ltr'>Gilberto</span> <span class='ocrx_word' id='word_1_37' title='bbox 797 527 854 561; x_wconf 90' lang='lat' dir='ltr'>vel</span> <span class='ocrx_word' id='word_1_38' title='bbox 886 527 1072 562; x_wconf 79' lang='lat' dir='ltr'><strong>heredibus</strong></span> <span class='ocrx_word' id='word_1_39' title='bbox 1089 527 1167 568; x_wconf 89' lang='lat' dir='ltr'>suis,</span> <span class='ocrx_word' id='word_1_40' title='bbox 1197 539 1264 573; x_wconf 90' lang='lat' dir='ltr'>que</span> <span class='ocrx_word' id='word_1_41' title='bbox 1294 525 1318 560; x_wconf 88' lang='lat' dir='ltr'><strong>fi</strong></span> <span class='ocrx_word' id='word_1_42' title='bbox 1346 527 1490 560; x_wconf 87' lang='lat' dir='ltr'>inventa</span> <span class='ocrx_word' id='word_1_43' title='bbox 1520 525 1662 565; x_wconf 84' lang='lat' dir='ltr'>fuerint,</span> 
     </span>
     <span class='ocr_line' id='line_1_6' title="bbox 178 580 1664 631; baseline -0.003 -12"><span class='ocrx_word' id='word_1_44' title='bbox 178 584 266 620; x_wconf 84' lang='lat' dir='ltr'>caffa</span> <span class='ocrx_word' id='word_1_45' title='bbox 284 590 389 620; x_wconf 89' lang='lat' dir='ltr'>erunt</span> <span class='ocrx_word' id='word_1_46' title='bbox 406 590 441 620; x_wconf 91' lang='lat' dir='ltr'>et</span> <span class='ocrx_word' id='word_1_47' title='bbox 460 598 549 619; x_wconf 85' lang='lat' dir='ltr'>vana</span> <span class='ocrx_word' id='word_1_48' title='bbox 576 590 611 619; x_wconf 90' lang='lat' dir='ltr'>et</span> <span class='ocrx_word' id='word_1_49' title='bbox 637 584 775 618; x_wconf 89' lang='lat' dir='ltr'>nullum</span> <span class='ocrx_word' id='word_1_50' title='bbox 794 585 911 618; x_wconf 88' lang='lat' dir='ltr'>locum</span> <span class='ocrx_word' id='word_1_51' title='bbox 930 585 1033 618; x_wconf 87' lang='lat' dir='ltr'>alicui</span> <span class='ocrx_word' id='word_1_52' title='bbox 1052 583 1273 631; x_wconf 86' lang='lat' dir='ltr'>optinebnnt.</span> <span class='ocrx_word' id='word_1_53' title='bbox 1328 582 1398 617; x_wconf 91' lang='lat' dir='ltr'>Pro</span> <span class='ocrx_word' id='word_1_54' title='bbox 1417 583 1481 616; x_wconf 86' lang='lat' dir='ltr'>hac</span> <span class='ocrx_word' id='word_1_55' title='bbox 1498 580 1664 628; x_wconf 74' lang='lat' dir='ltr'>liquidem</span> 
     </span>
     <span class='ocr_line' id='line_1_7' title="bbox 179 639 1666 688; baseline -0.003 -12"><span class='ocrx_word' id='word_1_56' title='bbox 179 642 297 688; x_wconf 87' lang='lat' dir='ltr'>quieta</span> <span class='ocrx_word' id='word_1_57' title='bbox 315 641 523 676; x_wconf 83' lang='lat' dir='ltr'>clamatione</span> <span class='ocrx_word' id='word_1_58' title='bbox 542 641 722 688; x_wconf 64' lang='lat' dir='ltr'>predkstus</span> <span class='ocrx_word' id='word_1_59' title='bbox 742 640 872 674; x_wconf 90' lang='lat' dir='ltr'>Comes</span> <span class='ocrx_word' id='word_1_60' title='bbox 901 641 946 675; x_wconf 83' lang='lat' dir='ltr'>ad</span> <span class='ocrx_word' id='word_1_61' title='bbox 973 639 1182 675; x_wconf 87' lang='lat' dir='ltr'>solutionem</span> <span class='ocrx_word' id='word_1_62' title='bbox 1202 639 1381 686; x_wconf 79' lang='lat' dir='ltr'>sexaginta</span> <span class='ocrx_word' id='word_1_63' title='bbox 1398 651 1594 673; x_wconf 88' lang='lat' dir='ltr'>marcarum</span> <span class='ocrx_word' id='word_1_64' title='bbox 1614 650 1666 672; x_wconf 83' lang='lat' dir='ltr'>ar-</span> 
     </span>
     <span class='ocr_line' id='line_1_8' title="bbox 179 694 1666 745; baseline -0.003 -13"><span class='ocrx_word' id='word_1_65' title='bbox 179 699 275 745; x_wconf 86' lang='lat' dir='ltr'><strong>genti</strong></span> <span class='ocrx_word' id='word_1_66' title='bbox 296 698 392 732; x_wconf 59' lang='lat' dir='ltr'>dieto</span> <span class='ocrx_word' id='word_1_67' title='bbox 412 697 576 732; x_wconf 86' lang='lat' dir='ltr'>Gilberto</span> <span class='ocrx_word' id='word_1_68' title='bbox 606 702 761 736; x_wconf 86' lang='lat' dir='ltr'>tenetur,</span> <span class='ocrx_word' id='word_1_69' title='bbox 789 697 831 731; x_wconf 94' lang='lat' dir='ltr'>de</span> <span class='ocrx_word' id='word_1_70' title='bbox 863 696 988 743; x_wconf 91' lang='lat' dir='ltr'>quibus</span> <span class='ocrx_word' id='word_1_71' title='bbox 1018 695 1194 743; x_wconf 78' lang='lat' dir='ltr'><strong>persolvet</strong></span> <span class='ocrx_word' id='word_1_72' title='bbox 1224 696 1320 730; x_wconf 53' lang='lat' dir='ltr'>dieto</span> <span class='ocrx_word' id='word_1_73' title='bbox 1350 695 1515 730; x_wconf 85' lang='lat' dir='ltr'>Gilberto</span> <span class='ocrx_word' id='word_1_74' title='bbox 1543 694 1666 741; x_wconf 83' lang='lat' dir='ltr'>viginti</span> 
     </span>
     <span class='ocr_line' id='line_1_9' title="bbox 180 750 1665 800; baseline -0.003 -11"><span class='ocrx_word' id='word_1_75' title='bbox 180 768 313 789; x_wconf 87' lang='lat' dir='ltr'>marcas</span> <span class='ocrx_word' id='word_1_76' title='bbox 331 755 367 788; x_wconf 88' lang='lat' dir='ltr'>in</span> <span class='ocrx_word' id='word_1_77' title='bbox 386 754 552 789; x_wconf 89' lang='lat' dir='ltr'>nundinis</span> <span class='ocrx_word' id='word_1_78' title='bbox 571 754 614 788; x_wconf 91' lang='lat' dir='ltr'>de</span> <span class='ocrx_word' id='word_1_79' title='bbox 633 752 778 799; x_wconf 81' lang='lat' dir='ltr'>Glasgw</span> <span class='ocrx_word' id='word_1_80' title='bbox 796 753 976 800; x_wconf 77' lang='lat' dir='ltr'>proximis,</span> <span class='ocrx_word' id='word_1_81' title='bbox 1005 759 1040 787; x_wconf 83' lang='lat' dir='ltr'>et</span> <span class='ocrx_word' id='word_1_82' title='bbox 1068 752 1151 786; x_wconf 86' lang='lat' dir='ltr'>alias</span> <span class='ocrx_word' id='word_1_83' title='bbox 1169 752 1293 798; x_wconf 82' lang='lat' dir='ltr'>viginti</span> <span class='ocrx_word' id='word_1_84' title='bbox 1312 764 1445 786; x_wconf 87' lang='lat' dir='ltr'>marcas</span> <span class='ocrx_word' id='word_1_85' title='bbox 1472 751 1515 785; x_wconf 87' lang='lat' dir='ltr'>ad</span> <span class='ocrx_word' id='word_1_86' title='bbox 1542 750 1665 785; x_wconf 87' lang='lat' dir='ltr'>festum</span> 
     </span>
     <span class='ocr_line' id='line_1_10' title="bbox 182 807 1667 856; baseline -0.003 -11"><span class='ocrx_word' id='word_1_87' title='bbox 182 811 302 846; x_wconf 64' lang='lat' dir='ltr'>Sancti</span> <span class='ocrx_word' id='word_1_88' title='bbox 323 810 471 844; x_wconf 89' lang='lat' dir='ltr'>Martini</span> <span class='ocrx_word' id='word_1_89' title='bbox 492 811 526 844; x_wconf 90' lang='lat' dir='ltr'>in</span> <span class='ocrx_word' id='word_1_90' title='bbox 545 810 680 856; x_wconf 86' lang='lat' dir='ltr'><strong>hyeme,</strong></span> <span class='ocrx_word' id='word_1_91' title='bbox 702 816 736 844; x_wconf 89' lang='lat' dir='ltr'>et</span> <span class='ocrx_word' id='word_1_92' title='bbox 765 809 916 844; x_wconf 89' lang='lat' dir='ltr'>refiduas</span> <span class='ocrx_word' id='word_1_93' title='bbox 934 809 1057 855; x_wconf 79' lang='lat' dir='ltr'>viginti</span> <span class='ocrx_word' id='word_1_94' title='bbox 1078 822 1210 843; x_wconf 86' lang='lat' dir='ltr'>marcas</span> <span class='ocrx_word' id='word_1_95' title='bbox 1241 809 1284 842; x_wconf 87' lang='lat' dir='ltr'>ad</span> <span class='ocrx_word' id='word_1_96' title='bbox 1317 807 1547 842; x_wconf 88' lang='lat' dir='ltr'>Pentecosten</span> <span class='ocrx_word' id='word_1_97' title='bbox 1573 820 1667 842; x_wconf 87' lang='lat' dir='ltr'>anno</span> 
     </span>
     <span class='ocr_line' id='line_1_11' title="bbox 181 864 1668 902; baseline -0.003 0"><span class='ocrx_word' id='word_1_98' title='bbox 181 867 431 902; x_wconf 80' lang='lat' dir='ltr'>incarnationis</span> <span class='ocrx_word' id='word_1_99' title='bbox 460 866 635 901; x_wconf 90' lang='lat' dir='ltr'>dominice</span> <span class='ocrx_word' id='word_1_100' title='bbox 665 865 722 899; x_wconf 91' lang='lat' dir='ltr'>M⁰</span> <span class='ocrx_word' id='word_1_101' title='bbox 741 865 819 901; x_wconf 77' lang='lat' dir='ltr'>CC⁰</span> <span class='ocrx_word' id='word_1_102' title='bbox 837 864 1009 900; x_wconf 84' lang='lat' dir='ltr'>tricefimo</span> <span class='ocrx_word' id='word_1_103' title='bbox 1038 865 1146 900; x_wconf 81' lang='lat' dir='ltr'>sexto.</span> <span class='ocrx_word' id='word_1_104' title='bbox 1201 865 1262 899; x_wconf 83' lang='lat' dir='ltr'>Ad</span> <span class='ocrx_word' id='word_1_105' title='bbox 1280 865 1371 899; x_wconf 89' lang='lat' dir='ltr'>hanc</span> <span class='ocrx_word' id='word_1_106' title='bbox 1395 865 1668 899; x_wconf 87' lang='lat' dir='ltr'>conventionem</span> 
     </span>
     <span class='ocr_line' id='line_1_12' title="bbox 182 922 1666 970; baseline -0.002 -12"><span class='ocrx_word' id='word_1_107' title='bbox 182 924 333 958; x_wconf 88' lang='lat' dir='ltr'>fideliter</span> <span class='ocrx_word' id='word_1_108' title='bbox 367 924 567 963; x_wconf 87' lang='lat' dir='ltr'>tenendam,</span> <span class='ocrx_word' id='word_1_109' title='bbox 600 923 781 969; x_wconf 61' lang='lat' dir='ltr'>predictus</span> <span class='ocrx_word' id='word_1_110' title='bbox 813 922 943 957; x_wconf 89' lang='lat' dir='ltr'>Comes</span> <span class='ocrx_word' id='word_1_111' title='bbox 974 923 1135 970; x_wconf 67' lang='lat' dir='ltr'>predicto</span> <span class='ocrx_word' id='word_1_112' title='bbox 1168 922 1334 957; x_wconf 88' lang='lat' dir='ltr'>Gilberto</span> <span class='ocrx_word' id='word_1_113' title='bbox 1361 922 1493 969; x_wconf 80' lang='lat' dir='ltr'>plegios</span> <span class='ocrx_word' id='word_1_114' title='bbox 1520 922 1666 961; x_wconf 90' lang='lat' dir='ltr'>invenit,</span> 
     </span>
     <span class='ocr_line' id='line_1_13' title="bbox 181 978 1670 1025; baseline -0.002 -11"><span class='ocrx_word' id='word_1_115' title='bbox 181 979 310 1014; x_wconf 77' lang='lat' dir='ltr'>icilicet</span> <span class='ocrx_word' id='word_1_116' title='bbox 327 979 558 1014; x_wconf 83' lang='lat' dir='ltr'>Malcolmum</span> <span class='ocrx_word' id='word_1_117' title='bbox 579 979 689 1013; x_wconf 89' lang='lat' dir='ltr'>filium</span> <span class='ocrx_word' id='word_1_118' title='bbox 707 978 818 1019; x_wconf 89' lang='lat' dir='ltr'>suum,</span> <span class='ocrx_word' id='word_1_119' title='bbox 836 979 1011 1013; x_wconf 86' lang='lat' dir='ltr'>Thomam</span> <span class='ocrx_word' id='word_1_120' title='bbox 1033 979 1138 1020; x_wconf 89' lang='lat' dir='ltr'>Croc,</span> <span class='ocrx_word' id='word_1_121' title='bbox 1158 985 1193 1013; x_wconf 88' lang='lat' dir='ltr'>et</span> <span class='ocrx_word' id='word_1_122' title='bbox 1215 978 1408 1025; x_wconf 81' lang='lat' dir='ltr'>Hugonem</span> <span class='ocrx_word' id='word_1_123' title='bbox 1428 979 1537 1012; x_wconf 87' lang='lat' dir='ltr'>filium</span> <span class='ocrx_word' id='word_1_124' title='bbox 1559 978 1670 1012; x_wconf 89' lang='lat' dir='ltr'>Simo-</span> 
     </span>
     <span class='ocr_line' id='line_1_14' title="bbox 182 1034 1671 1081; baseline -0.001 -11"><span class='ocrx_word' id='word_1_125' title='bbox 182 1037 246 1077; x_wconf 91' lang='lat' dir='ltr'>nis,</span> <span class='ocrx_word' id='word_1_126' title='bbox 275 1041 310 1071; x_wconf 87' lang='lat' dir='ltr'>et</span> <span class='ocrx_word' id='word_1_127' title='bbox 343 1036 521 1070; x_wconf 80' lang='lat' dir='ltr'>Simonem</span> <span class='ocrx_word' id='word_1_128' title='bbox 540 1035 651 1069; x_wconf 89' lang='lat' dir='ltr'>filium</span> <span class='ocrx_word' id='word_1_129' title='bbox 684 1035 836 1069; x_wconf 88' lang='lat' dir='ltr'>Bercolf.</span> <span class='ocrx_word' id='word_1_130' title='bbox 891 1035 935 1069; x_wconf 89' lang='lat' dir='ltr'>In</span> <span class='ocrx_word' id='word_1_131' title='bbox 967 1036 1070 1081; x_wconf 74' lang='lat' dir='ltr'>hujus</span> <span class='ocrx_word' id='word_1_132' title='bbox 1104 1034 1339 1070; x_wconf 86' lang='lat' dir='ltr'>testimonium</span> <span class='ocrx_word' id='word_1_133' title='bbox 1370 1034 1548 1069; x_wconf 86' lang='lat' dir='ltr'>Walterus</span> <span class='ocrx_word' id='word_1_134' title='bbox 1578 1034 1671 1068; x_wconf 86' lang='lat' dir='ltr'>filius</span> 
     </span>
     <span class='ocr_line' id='line_1_15' title="bbox 184 1089 1671 1138; baseline -0.001 -12"><span class='ocrx_word' id='word_1_135' title='bbox 184 1092 292 1126; x_wconf 89' lang='lat' dir='ltr'>Alani</span> <span class='ocrx_word' id='word_1_136' title='bbox 310 1091 514 1126; x_wconf 76' lang='lat' dir='ltr'>senescallus</span> <span class='ocrx_word' id='word_1_137' title='bbox 537 1091 747 1138; x_wconf 86' lang='lat' dir='ltr'>justiciarius</span> <span class='ocrx_word' id='word_1_138' title='bbox 780 1091 908 1132; x_wconf 86' lang='lat' dir='ltr'>Scotie,</span> <span class='ocrx_word' id='word_1_139' title='bbox 935 1098 968 1127; x_wconf 91' lang='lat' dir='ltr'>et</span> <span class='ocrx_word' id='word_1_140' title='bbox 990 1092 1174 1127; x_wconf 49' lang='lat' dir='ltr'>&amp;Vilelmus</span> <span class='ocrx_word' id='word_1_141' title='bbox 1192 1092 1296 1126; x_wconf 85' lang='lat' dir='ltr'>abbas</span> <span class='ocrx_word' id='word_1_142' title='bbox 1324 1092 1366 1125; x_wconf 90' lang='lat' dir='ltr'>de</span> <span class='ocrx_word' id='word_1_143' title='bbox 1398 1089 1544 1126; x_wconf 83' lang='lat' dir='ltr'>Paffelet</span> <span class='ocrx_word' id='word_1_144' title='bbox 1562 1089 1671 1138; x_wconf 82' lang='lat' dir='ltr'>figilla</span> 
     </span>
     <span class='ocr_line' id='line_1_16' title="bbox 182 1147 1435 1196; baseline -0.001 -13"><span class='ocrx_word' id='word_1_145' title='bbox 182 1147 242 1183; x_wconf 86' lang='lat' dir='ltr'>sua</span> <span class='ocrx_word' id='word_1_146' title='bbox 259 1147 358 1184; x_wconf 90' lang='lat' dir='ltr'>fimul</span> <span class='ocrx_word' id='word_1_147' title='bbox 376 1162 456 1183; x_wconf 85' lang='lat' dir='ltr'>cum</span> <span class='ocrx_word' id='word_1_148' title='bbox 475 1148 584 1195; x_wconf 76' lang='lat' dir='ltr'>{igillo</span> <span class='ocrx_word' id='word_1_149' title='bbox 603 1149 754 1196; x_wconf 64' lang='lat' dir='ltr'>predicti</span> <span class='ocrx_word' id='word_1_150' title='bbox 774 1148 923 1184; x_wconf 85' lang='lat' dir='ltr'>Comitis</span> <span class='ocrx_word' id='word_1_151' title='bbox 943 1149 1023 1183; x_wconf 89' lang='lat' dir='ltr'>huic</span> <span class='ocrx_word' id='word_1_152' title='bbox 1040 1149 1167 1196; x_wconf 83' lang='lat' dir='ltr'>scripto</span> <span class='ocrx_word' id='word_1_153' title='bbox 1186 1147 1435 1196; x_wconf 85' lang='lat' dir='ltr'>apposuerunt.</span> 
     </span>
    </p>
   </div>
   <div class='ocr_carea' id='block_1_3' title="bbox 186 1309 1672 1403">
    <p class='ocr_par' dir='ltr' id='par_1_3' title="bbox 186 1309 1672 1403">
     <span class='ocr_line' id='line_1_17' title="bbox 187 1309 1672 1351; baseline -0.001 -6"><span class='ocrx_word' id='word_1_154' title='bbox 187 1311 295 1345; x_wconf 85' lang='lat' dir='ltr'>Carta</span> <span class='ocrx_word' id='word_1_155' title='bbox 313 1311 590 1345; x_wconf 85' lang='lat' dir='ltr'>confirmationis</span> <span class='ocrx_word' id='word_1_156' title='bbox 610 1310 820 1346; x_wconf 88' lang='lat' dir='ltr'>Maldoveni</span> <span class='ocrx_word' id='word_1_157' title='bbox 839 1311 976 1346; x_wconf 89' lang='lat' dir='ltr'>comitis</span> <span class='ocrx_word' id='word_1_158' title='bbox 995 1311 1038 1346; x_wconf 88' lang='lat' dir='ltr'>de</span> <span class='ocrx_word' id='word_1_159' title='bbox 1058 1311 1237 1351; x_wconf 85' lang='lat' dir='ltr'>Levenax,</span> <span class='ocrx_word' id='word_1_160' title='bbox 1267 1311 1310 1346; x_wconf 89' lang='lat' dir='ltr'>de</span> <span class='ocrx_word' id='word_1_161' title='bbox 1329 1310 1491 1345; x_wconf 88' lang='lat' dir='ltr'>omnibus</span> <span class='ocrx_word' id='word_1_162' title='bbox 1509 1310 1611 1344; x_wconf 89' lang='lat' dir='ltr'>terris</span> <span class='ocrx_word' id='word_1_163' title='bbox 1630 1309 1672 1343; x_wconf 92' lang='lat' dir='ltr'>de</span> 
     </span>
     <span class='ocr_line' id='line_1_18' title="bbox 186 1367 367 1403; baseline -0.006 0"><span class='ocrx_word' id='word_1_164' title='bbox 186 1367 367 1403; x_wconf 82' lang='lat' dir='ltr'>Leveuax.</span> 
     </span>
    </p>
   </div>
   <div class='ocr_carea' id='block_1_4' title="bbox 184 1479 1678 2380">
    <p class='ocr_par' dir='ltr' id='par_1_4' title="bbox 184 1479 1678 2380">
     <span class='ocr_line' id='line_1_19' title="bbox 184 1479 1674 1528; baseline -0.002 -12"><span class='ocrx_word' id='word_1_165' title='bbox 184 1480 427 1517; x_wconf 91' lang='lat' dir='ltr'>OMNIBUS</span> <span class='ocrx_word' id='word_1_166' title='bbox 456 1481 583 1516; x_wconf 86' lang='lat' dir='ltr'>Christi</span> <span class='ocrx_word' id='word_1_167' title='bbox 609 1482 770 1516; x_wconf 83' lang='lat' dir='ltr'>fidelibus</span> <span class='ocrx_word' id='word_1_168' title='bbox 797 1488 868 1516; x_wconf 90' lang='lat' dir='ltr'>tam</span> <span class='ocrx_word' id='word_1_169' title='bbox 894 1480 1113 1528; x_wconf 79' lang='lat' dir='ltr'>presentibus</span> <span class='ocrx_word' id='word_1_170' title='bbox 1143 1493 1246 1526; x_wconf 89' lang='lat' dir='ltr'>quam</span> <span class='ocrx_word' id='word_1_171' title='bbox 1278 1481 1406 1514; x_wconf 83' lang='lat' dir='ltr'>suturis</span> <span class='ocrx_word' id='word_1_172' title='bbox 1436 1479 1674 1514; x_wconf 81' lang='lat' dir='ltr'>Maldovenus</span> 
     </span>
     <span class='ocr_line' id='line_1_20' title="bbox 184 1536 1674 1573; baseline -0.001 -1"><span class='ocrx_word' id='word_1_173' title='bbox 184 1551 301 1572; x_wconf 83' lang='lat' dir='ltr'>comes</span> <span class='ocrx_word' id='word_1_174' title='bbox 332 1538 375 1572; x_wconf 89' lang='lat' dir='ltr'>de</span> <span class='ocrx_word' id='word_1_175' title='bbox 408 1538 578 1573; x_wconf 85' lang='lat' dir='ltr'>Levenax</span> <span class='ocrx_word' id='word_1_176' title='bbox 606 1537 763 1573; x_wconf 83' lang='lat' dir='ltr'>salutem.</span> <span class='ocrx_word' id='word_1_177' title='bbox 842 1538 964 1573; x_wconf 81' lang='lat' dir='ltr'>Sciatis</span> <span class='ocrx_word' id='word_1_178' title='bbox 996 1550 1060 1571; x_wconf 85' lang='lat' dir='ltr'>nos</span> <span class='ocrx_word' id='word_1_179' title='bbox 1091 1550 1185 1571; x_wconf 87' lang='lat' dir='ltr'>anno</span> <span class='ocrx_word' id='word_1_180' title='bbox 1217 1537 1467 1571; x_wconf 82' lang='lat' dir='ltr'>incarnationis</span> <span class='ocrx_word' id='word_1_181' title='bbox 1499 1536 1674 1570; x_wconf 89' lang='lat' dir='ltr'>dominice</span> 
     </span>
     <span class='ocr_line' id='line_1_21' title="bbox 187 1592 1676 1642; baseline -0.001 -14"><span class='ocrx_word' id='word_1_182' title='bbox 187 1594 244 1628; x_wconf 79' lang='grc' dir='ltr'>Μο</span> <span class='ocrx_word' id='word_1_183' title='bbox 262 1594 498 1629; x_wconf 84' lang='lat' dir='ltr'>ducentefimo</span> <span class='ocrx_word' id='word_1_184' title='bbox 525 1594 821 1642; x_wconf 78' lang='lat' dir='ltr'>quinquagefinm,</span> <span class='ocrx_word' id='word_1_185' title='bbox 843 1595 993 1630; x_wconf 75' lang='lat' dir='ltr'>secunda</span> <span class='ocrx_word' id='word_1_186' title='bbox 1012 1594 1189 1628; x_wconf 87' lang='lat' dir='ltr'>dominica</span> <span class='ocrx_word' id='word_1_187' title='bbox 1206 1593 1476 1641; x_wconf 79' lang='lat' dir='ltr'>quadragefime,</span> <span class='ocrx_word' id='word_1_188' title='bbox 1498 1594 1591 1641; x_wconf 85' lang='lat' dir='ltr'>apud</span> <span class='ocrx_word' id='word_1_189' title='bbox 1612 1592 1676 1627; x_wconf 81' lang='lat' dir='ltr'>Be-</span> 
     </span>
     <span class='ocr_line' id='line_1_22' title="bbox 184 1649 1675 1692; baseline -0.001 -7"><span class='ocrx_word' id='word_1_190' title='bbox 184 1651 272 1691; x_wconf 84' lang='lat' dir='ltr'>lach,</span> <span class='ocrx_word' id='word_1_191' title='bbox 294 1650 433 1692; x_wconf 84' lang='lat' dir='ltr'>dediffe,</span> <span class='ocrx_word' id='word_1_192' title='bbox 451 1650 645 1687; x_wconf 80' lang='lat' dir='ltr'>concelliffe</span> <span class='ocrx_word' id='word_1_193' title='bbox 665 1659 700 1686; x_wconf 86' lang='lat' dir='ltr'>et</span> <span class='ocrx_word' id='word_1_194' title='bbox 718 1653 781 1687; x_wconf 84' lang='lat' dir='ltr'>hac</span> <span class='ocrx_word' id='word_1_195' title='bbox 797 1658 892 1686; x_wconf 80' lang='lat' dir='ltr'>carta</span> <span class='ocrx_word' id='word_1_196' title='bbox 906 1664 983 1686; x_wconf 83' lang='lat' dir='ltr'>mea</span> <span class='ocrx_word' id='word_1_197' title='bbox 998 1649 1227 1691; x_wconf 79' lang='lat' dir='ltr'>confirmafl&#39;c,</span> <span class='ocrx_word' id='word_1_198' title='bbox 1247 1651 1327 1685; x_wconf 89' lang='lat' dir='ltr'>Deo</span> <span class='ocrx_word' id='word_1_199' title='bbox 1341 1657 1375 1685; x_wconf 87' lang='lat' dir='ltr'>et</span> <span class='ocrx_word' id='word_1_200' title='bbox 1392 1651 1529 1685; x_wconf 63' lang='lat' dir='ltr'>Sanctis</span> <span class='ocrx_word' id='word_1_201' title='bbox 1541 1650 1675 1686; x_wconf 85' lang='lat' dir='ltr'>Jacobo</span> 
     </span>
     <span class='ocr_line' id='line_1_23' title="bbox 186 1706 1677 1755; baseline 0 -13"><span class='ocrx_word' id='word_1_202' title='bbox 186 1713 221 1742; x_wconf 87' lang='lat' dir='ltr'>et</span> <span class='ocrx_word' id='word_1_203' title='bbox 241 1707 378 1742; x_wconf 87' lang='lat' dir='ltr'>Mirino</span> <span class='ocrx_word' id='word_1_204' title='bbox 397 1714 432 1743; x_wconf 91' lang='lat' dir='ltr'>et</span> <span class='ocrx_word' id='word_1_205' title='bbox 450 1709 629 1743; x_wconf 89' lang='lat' dir='ltr'>monachis</span> <span class='ocrx_word' id='word_1_206' title='bbox 648 1709 846 1744; x_wconf 84' lang='lat' dir='ltr'>monasterii</span> <span class='ocrx_word' id='word_1_207' title='bbox 866 1710 909 1744; x_wconf 88' lang='lat' dir='ltr'>de</span> <span class='ocrx_word' id='word_1_208' title='bbox 930 1706 1089 1748; x_wconf 70' lang='lat' dir='ltr'>Pafl&#39;elet,</span> <span class='ocrx_word' id='word_1_209' title='bbox 1118 1708 1154 1742; x_wconf 90' lang='lat' dir='ltr'>in</span> <span class='ocrx_word' id='word_1_210' title='bbox 1173 1721 1309 1755; x_wconf 89' lang='lat' dir='ltr'>puram,</span> <span class='ocrx_word' id='word_1_211' title='bbox 1338 1708 1481 1742; x_wconf 83' lang='lat' dir='ltr'>liberam</span> <span class='ocrx_word' id='word_1_212' title='bbox 1502 1714 1536 1742; x_wconf 80' lang='lat' dir='ltr'>et</span> <span class='ocrx_word' id='word_1_213' title='bbox 1555 1720 1677 1754; x_wconf 85' lang='lat' dir='ltr'>perpe-</span> 
     </span>
     <span class='ocr_line' id='line_1_24' title="bbox 187 1764 1676 1813; baseline 0 -15"><span class='ocrx_word' id='word_1_214' title='bbox 187 1770 281 1799; x_wconf 90' lang='lat' dir='ltr'>tuam</span> <span class='ocrx_word' id='word_1_215' title='bbox 303 1764 536 1805; x_wconf 86' lang='lat' dir='ltr'>elemofinam,</span> <span class='ocrx_word' id='word_1_216' title='bbox 565 1779 671 1800; x_wconf 89' lang='lat' dir='ltr'>unam</span> <span class='ocrx_word' id='word_1_217' title='bbox 690 1766 863 1813; x_wconf 86' lang='lat' dir='ltr'>pasturam</span> <span class='ocrx_word' id='word_1_218' title='bbox 881 1772 975 1800; x_wconf 84' lang='lat' dir='ltr'>terre</span> <span class='ocrx_word' id='word_1_219' title='bbox 1007 1765 1050 1799; x_wconf 90' lang='lat' dir='ltr'>de</span> <span class='ocrx_word' id='word_1_220' title='bbox 1083 1764 1251 1799; x_wconf 82' lang='lat' dir='ltr'>Levenax</span> <span class='ocrx_word' id='word_1_221' title='bbox 1283 1779 1325 1800; x_wconf 82' lang='lat' dir='ltr'>ex</span> <span class='ocrx_word' id='word_1_222' title='bbox 1355 1765 1551 1812; x_wconf 84' lang='lat' dir='ltr'>aquilonari</span> <span class='ocrx_word' id='word_1_223' title='bbox 1577 1770 1676 1812; x_wconf 86' lang='lat' dir='ltr'>parte</span> 
     </span>
     <span class='ocr_line' id='line_1_25' title="bbox 186 1821 1676 1869; baseline 0 -14"><span class='ocrx_word' id='word_1_224' title='bbox 186 1826 280 1856; x_wconf 86' lang='lat' dir='ltr'>terre</span> <span class='ocrx_word' id='word_1_225' title='bbox 298 1821 356 1856; x_wconf 88' lang='lat' dir='ltr'>sue</span> <span class='ocrx_word' id='word_1_226' title='bbox 383 1821 426 1856; x_wconf 88' lang='lat' dir='ltr'>de</span> <span class='ocrx_word' id='word_1_227' title='bbox 456 1821 609 1863; x_wconf 85' lang='lat' dir='ltr'>Backan,</span> <span class='ocrx_word' id='word_1_228' title='bbox 638 1822 723 1857; x_wconf 88' lang='lat' dir='ltr'>ficut</span> <span class='ocrx_word' id='word_1_229' title='bbox 756 1823 930 1857; x_wconf 85' lang='lat' dir='ltr'>Radulfus</span> <span class='ocrx_word' id='word_1_230' title='bbox 962 1821 1163 1869; x_wconf 85' lang='lat' dir='ltr'>capellanus</span> <span class='ocrx_word' id='word_1_231' title='bbox 1195 1822 1328 1856; x_wconf 89' lang='lat' dir='ltr'>domini</span> <span class='ocrx_word' id='word_1_232' title='bbox 1361 1822 1469 1869; x_wconf 73' lang='lat' dir='ltr'>Regis</span> <span class='ocrx_word' id='word_1_233' title='bbox 1498 1822 1676 1868; x_wconf 89' lang='lat' dir='ltr'>quondam</span> 
     </span>
     <span class='ocr_line' id='line_1_26' title="bbox 187 1877 1678 1926; baseline 0.001 -15"><span class='ocrx_word' id='word_1_234' title='bbox 187 1877 223 1911; x_wconf 90' lang='lat' dir='ltr'>in</span> <span class='ocrx_word' id='word_1_235' title='bbox 242 1878 313 1912; x_wconf 87' lang='lat' dir='ltr'>vita</span> <span class='ocrx_word' id='word_1_236' title='bbox 331 1877 390 1912; x_wconf 91' lang='lat' dir='ltr'>sua</span> <span class='ocrx_word' id='word_1_237' title='bbox 409 1879 557 1913; x_wconf 86' lang='lat' dir='ltr'>eandem</span> <span class='ocrx_word' id='word_1_238' title='bbox 585 1879 711 1919; x_wconf 87' lang='lat' dir='ltr'>tenuit,</span> <span class='ocrx_word' id='word_1_239' title='bbox 740 1893 803 1926; x_wconf 86' lang='lat' dir='ltr'>per</span> <span class='ocrx_word' id='word_1_240' title='bbox 829 1879 905 1914; x_wconf 85' lang='lat' dir='ltr'>istas</span> <span class='ocrx_word' id='word_1_241' title='bbox 924 1879 1058 1919; x_wconf 76' lang='lat' dir='ltr'>divisas,</span> <span class='ocrx_word' id='word_1_242' title='bbox 1088 1878 1217 1913; x_wconf 75' lang='lat' dir='ltr'>scilicet</span> <span class='ocrx_word' id='word_1_243' title='bbox 1242 1879 1327 1914; x_wconf 86' lang='lat' dir='ltr'>ficut</span> <span class='ocrx_word' id='word_1_244' title='bbox 1352 1880 1493 1925; x_wconf 89' lang='lat' dir='ltr'>quidem</span> <span class='ocrx_word' id='word_1_245' title='bbox 1513 1879 1678 1914; x_wconf 83' lang='lat' dir='ltr'>wacellus</span> 
     </span>
     <span class='ocr_line' id='line_1_27' title="bbox 187 1933 1678 1982; baseline 0.003 -16"><span class='ocrx_word' id='word_1_246' title='bbox 187 1933 259 1967; x_wconf 85' lang='lat' dir='ltr'>exit</span> <span class='ocrx_word' id='word_1_247' title='bbox 278 1933 320 1966; x_wconf 87' lang='lat' dir='ltr'>de</span> <span class='ocrx_word' id='word_1_248' title='bbox 341 1933 525 1968; x_wconf 88' lang='lat' dir='ltr'>Lochbeth</span> <span class='ocrx_word' id='word_1_249' title='bbox 545 1940 580 1968; x_wconf 88' lang='lat' dir='ltr'>et</span> <span class='ocrx_word' id='word_1_250' title='bbox 598 1935 689 1969; x_wconf 90' lang='lat' dir='ltr'>cadit</span> <span class='ocrx_word' id='word_1_251' title='bbox 709 1934 826 1969; x_wconf 84' lang='lat' dir='ltr'>versus</span> <span class='ocrx_word' id='word_1_252' title='bbox 857 1936 1058 1981; x_wconf 83' lang='lat' dir='ltr'>aquilonem</span> <span class='ocrx_word' id='word_1_253' title='bbox 1085 1937 1121 1969; x_wconf 89' lang='lat' dir='ltr'>in</span> <span class='ocrx_word' id='word_1_254' title='bbox 1152 1936 1247 1970; x_wconf 88' lang='lat' dir='ltr'>illam</span> <span class='ocrx_word' id='word_1_255' title='bbox 1275 1949 1398 1982; x_wconf 85' lang='lat' dir='ltr'>aquam</span> <span class='ocrx_word' id='word_1_256' title='bbox 1432 1950 1499 1982; x_wconf 90' lang='lat' dir='ltr'>que</span> <span class='ocrx_word' id='word_1_257' title='bbox 1531 1942 1678 1970; x_wconf 84' lang='lat' dir='ltr'>vocatur</span> 
     </span>
     <span class='ocr_line' id='line_1_28' title="bbox 188 1988 1677 2038; baseline 0.002 -16"><span class='ocrx_word' id='word_1_258' title='bbox 188 1988 412 2030; x_wconf 84' lang='lat' dir='ltr'>Cornenade,</span> <span class='ocrx_word' id='word_1_259' title='bbox 440 1996 475 2024; x_wconf 85' lang='lat' dir='ltr'>ct</span> <span class='ocrx_word' id='word_1_260' title='bbox 492 2003 555 2037; x_wconf 90' lang='lat' dir='ltr'>per</span> <span class='ocrx_word' id='word_1_261' title='bbox 574 1991 721 2037; x_wconf 73' lang='lat' dir='ltr'>eandem</span> <span class='ocrx_word' id='word_1_262' title='bbox 740 2004 865 2037; x_wconf 84' lang='lat' dir='ltr'>aquam</span> <span class='ocrx_word' id='word_1_263' title='bbox 883 1991 1002 2026; x_wconf 81' lang='lat' dir='ltr'>versus</span> <span class='ocrx_word' id='word_1_264' title='bbox 1021 1992 1239 2026; x_wconf 85' lang='lat' dir='ltr'>occidentem</span> <span class='ocrx_word' id='word_1_265' title='bbox 1258 1991 1365 2038; x_wconf 88' lang='lat' dir='ltr'>usque</span> <span class='ocrx_word' id='word_1_266' title='bbox 1384 1993 1425 2025; x_wconf 83' lang='lat' dir='ltr'>ad</span> <span class='ocrx_word' id='word_1_267' title='bbox 1447 1992 1598 2026; x_wconf 88' lang='lat' dir='ltr'>rivulum</span> <span class='ocrx_word' id='word_1_268' title='bbox 1618 1992 1677 2038; x_wconf 88' lang='lat' dir='ltr'>qui</span> 
     </span>
     <span class='ocr_line' id='line_1_29' title="bbox 189 2045 1678 2095; baseline 0.003 -17"><span class='ocrx_word' id='word_1_269' title='bbox 189 2045 299 2078; x_wconf 82' lang='lat' dir='ltr'>currit</span> <span class='ocrx_word' id='word_1_270' title='bbox 317 2058 359 2078; x_wconf 82' lang='lat' dir='ltr'>ex</span> <span class='ocrx_word' id='word_1_271' title='bbox 379 2052 476 2091; x_wconf 85' lang='lat' dir='ltr'>parte</span> <span class='ocrx_word' id='word_1_272' title='bbox 495 2047 691 2092; x_wconf 87' lang='lat' dir='ltr'>aquilonari</span> <span class='ocrx_word' id='word_1_273' title='bbox 710 2048 753 2081; x_wconf 88' lang='lat' dir='ltr'>de</span> <span class='ocrx_word' id='word_1_274' title='bbox 773 2047 906 2081; x_wconf 57' lang='lat' dir='ltr'>&amp;alvari</span> <span class='ocrx_word' id='word_1_275' title='bbox 926 2048 984 2082; x_wconf 90' lang='lat' dir='ltr'>ubi</span> <span class='ocrx_word' id='word_1_276' title='bbox 1000 2049 1160 2082; x_wconf 85' lang='lat' dir='ltr'>homines</span> <span class='ocrx_word' id='word_1_277' title='bbox 1175 2048 1334 2095; x_wconf 79' lang='lat' dir='ltr'>Dufgalli</span> <span class='ocrx_word' id='word_1_278' title='bbox 1350 2049 1466 2083; x_wconf 86' lang='lat' dir='ltr'>fratris</span> <span class='ocrx_word' id='word_1_279' title='bbox 1480 2050 1548 2083; x_wconf 85' lang='lat' dir='ltr'>mei</span> <span class='ocrx_word' id='word_1_280' title='bbox 1567 2060 1678 2094; x_wconf 89' lang='lat' dir='ltr'>quon-</span> 
     </span>
     <span class='ocr_line' id='line_1_30' title="bbox 189 2100 1677 2150; baseline 0.004 -17"><span class='ocrx_word' id='word_1_281' title='bbox 189 2100 268 2134; x_wconf 88' lang='lat' dir='ltr'>dam</span> <span class='ocrx_word' id='word_1_282' title='bbox 298 2101 496 2135; x_wconf 89' lang='lat' dir='ltr'>habuerunt</span> <span class='ocrx_word' id='word_1_283' title='bbox 520 2102 681 2149; x_wconf 78' lang='lat' dir='ltr'>scalinga,</span> <span class='ocrx_word' id='word_1_284' title='bbox 711 2109 745 2137; x_wconf 85' lang='lat' dir='ltr'>et</span> <span class='ocrx_word' id='word_1_285' title='bbox 763 2102 807 2138; x_wconf 83' lang='lat' dir='ltr'>fic</span> <span class='ocrx_word' id='word_1_286' title='bbox 824 2103 931 2150; x_wconf 83' lang='lat' dir='ltr'>usque</span> <span class='ocrx_word' id='word_1_287' title='bbox 949 2104 993 2138; x_wconf 86' lang='lat' dir='ltr'>ad</span> <span class='ocrx_word' id='word_1_288' title='bbox 1014 2105 1128 2138; x_wconf 61' lang='lat' dir='ltr'>rectas</span> <span class='ocrx_word' id='word_1_289' title='bbox 1148 2105 1271 2138; x_wconf 73' lang='lat' dir='ltr'>divisas</span> <span class='ocrx_word' id='word_1_290' title='bbox 1289 2111 1382 2139; x_wconf 87' lang='lat' dir='ltr'>terre</span> <span class='ocrx_word' id='word_1_291' title='bbox 1402 2104 1459 2139; x_wconf 84' lang='lat' dir='ltr'>sue</span> <span class='ocrx_word' id='word_1_292' title='bbox 1479 2105 1521 2139; x_wconf 90' lang='lat' dir='ltr'>de</span> <span class='ocrx_word' id='word_1_293' title='bbox 1541 2104 1677 2139; x_wconf 87' lang='lat' dir='ltr'>Fimbe-</span> 
     </span>
     <span class='ocr_line' id='line_1_31' title="bbox 189 2156 1676 2209; baseline 0.005 -20"><span class='ocrx_word' id='word_1_294' title='bbox 189 2156 277 2190; x_wconf 84' lang='lat' dir='ltr'>lach.</span> <span class='ocrx_word' id='word_1_295' title='bbox 331 2156 497 2191; x_wconf 85' lang='lat' dir='ltr'>Preterea</span> <span class='ocrx_word' id='word_1_296' title='bbox 515 2157 660 2192; x_wconf 83' lang='lat' dir='ltr'>concefli</span> <span class='ocrx_word' id='word_1_297' title='bbox 681 2159 807 2194; x_wconf 86' lang='lat' dir='ltr'>eisdem</span> <span class='ocrx_word' id='word_1_298' title='bbox 828 2161 1007 2195; x_wconf 89' lang='lat' dir='ltr'>monachis</span> <span class='ocrx_word' id='word_1_299' title='bbox 1026 2167 1097 2195; x_wconf 86' lang='lat' dir='ltr'>tam</span> <span class='ocrx_word' id='word_1_300' title='bbox 1118 2161 1295 2195; x_wconf 84' lang='lat' dir='ltr'>modernis</span> <span class='ocrx_word' id='word_1_301' title='bbox 1314 2175 1416 2208; x_wconf 87' lang='lat' dir='ltr'>quam</span> <span class='ocrx_word' id='word_1_302' title='bbox 1436 2162 1590 2209; x_wconf 83' lang='lat' dir='ltr'>posteris,</span> <span class='ocrx_word' id='word_1_303' title='bbox 1606 2161 1676 2197; x_wconf 89' lang='lat' dir='ltr'>fine</span> 
     </span>
     <span class='ocr_line' id='line_1_32' title="bbox 190 2213 1676 2265; baseline 0.005 -20"><span class='ocrx_word' id='word_1_304' title='bbox 190 2213 287 2246; x_wconf 89' lang='lat' dir='ltr'>omni</span> <span class='ocrx_word' id='word_1_305' title='bbox 302 2213 566 2258; x_wconf 87' lang='lat' dir='ltr'>inquietatione,</span> <span class='ocrx_word' id='word_1_306' title='bbox 587 2221 622 2248; x_wconf 86' lang='lat' dir='ltr'>et</span> <span class='ocrx_word' id='word_1_307' title='bbox 638 2215 846 2262; x_wconf 81' lang='lat' dir='ltr'>calumpnia,</span> <span class='ocrx_word' id='word_1_308' title='bbox 868 2223 902 2251; x_wconf 86' lang='lat' dir='ltr'>et</span> <span class='ocrx_word' id='word_1_309' title='bbox 920 2216 989 2251; x_wconf 86' lang='lat' dir='ltr'>fine</span> <span class='ocrx_word' id='word_1_310' title='bbox 1003 2218 1098 2251; x_wconf 91' lang='lat' dir='ltr'>omni</span> <span class='ocrx_word' id='word_1_311' title='bbox 1111 2218 1355 2259; x_wconf 88' lang='lat' dir='ltr'>diminutione,</span> <span class='ocrx_word' id='word_1_312' title='bbox 1377 2224 1410 2252; x_wconf 91' lang='lat' dir='ltr'>et</span> <span class='ocrx_word' id='word_1_313' title='bbox 1422 2218 1547 2265; x_wconf 73' lang='lat' dir='ltr'>abique</span> <span class='ocrx_word' id='word_1_314' title='bbox 1559 2219 1676 2265; x_wconf 88' lang='lat' dir='ltr'>aliquo</span> 
     </span>
     <span class='ocr_line' id='line_1_33' title="bbox 191 2270 1677 2320; baseline 0.005 -16"><span class='ocrx_word' id='word_1_315' title='bbox 191 2275 447 2310; x_wconf 88' lang='lat' dir='ltr'>retenemento,</span> <span class='ocrx_word' id='word_1_316' title='bbox 476 2276 516 2304; x_wconf 88' lang='lat' dir='ltr'>ut</span> <span class='ocrx_word' id='word_1_317' title='bbox 534 2270 695 2312; x_wconf 78' lang='lat' dir='ltr'>habeant,</span> <span class='ocrx_word' id='word_1_318' title='bbox 723 2277 868 2306; x_wconf 86' lang='lat' dir='ltr'>teneant</span> <span class='ocrx_word' id='word_1_319' title='bbox 896 2279 931 2307; x_wconf 89' lang='lat' dir='ltr'>et</span> <span class='ocrx_word' id='word_1_320' title='bbox 958 2272 1152 2320; x_wconf 85' lang='lat' dir='ltr'>possideant</span> <span class='ocrx_word' id='word_1_321' title='bbox 1171 2287 1293 2309; x_wconf 85' lang='lat' dir='ltr'>omnes</span> <span class='ocrx_word' id='word_1_322' title='bbox 1311 2275 1393 2309; x_wconf 81' lang='lat' dir='ltr'>alias</span> <span class='ocrx_word' id='word_1_323' title='bbox 1412 2282 1522 2310; x_wconf 86' lang='lat' dir='ltr'>terras</span> <span class='ocrx_word' id='word_1_324' title='bbox 1540 2275 1615 2311; x_wconf 87' lang='lat' dir='ltr'>suas</span> <span class='ocrx_word' id='word_1_325' title='bbox 1641 2277 1677 2311; x_wconf 89' lang='lat' dir='ltr'>in</span> 
     </span>
     <span class='ocr_line' id='line_1_34' title="bbox 190 2325 1678 2380; baseline 0.006 -21"><span class='ocrx_word' id='word_1_326' title='bbox 190 2326 360 2361; x_wconf 86' lang='lat' dir='ltr'>comitatu</span> <span class='ocrx_word' id='word_1_327' title='bbox 380 2327 422 2361; x_wconf 90' lang='lat' dir='ltr'>de</span> <span class='ocrx_word' id='word_1_328' title='bbox 443 2325 623 2368; x_wconf 84' lang='lat' dir='ltr'>Levenax,</span> <span class='ocrx_word' id='word_1_329' title='bbox 643 2340 706 2374; x_wconf 90' lang='lat' dir='ltr'>per</span> <span class='ocrx_word' id='word_1_330' title='bbox 724 2341 847 2363; x_wconf 80' lang='lat' dir='ltr'>omnes</span> <span class='ocrx_word' id='word_1_331' title='bbox 865 2330 979 2364; x_wconf 55' lang='lat' dir='ltr'>rectas</span> <span class='ocrx_word' id='word_1_332' title='bbox 998 2329 1121 2365; x_wconf 89' lang='lat' dir='ltr'>divisas</span> <span class='ocrx_word' id='word_1_333' title='bbox 1138 2330 1225 2372; x_wconf 87' lang='lat' dir='ltr'>suas,</span> <span class='ocrx_word' id='word_1_334' title='bbox 1245 2330 1329 2367; x_wconf 91' lang='lat' dir='ltr'>ficut</span> <span class='ocrx_word' id='word_1_335' title='bbox 1347 2331 1406 2380; x_wconf 89' lang='lat' dir='ltr'>ipfi</span> <span class='ocrx_word' id='word_1_336' title='bbox 1423 2333 1480 2367; x_wconf 90' lang='lat' dir='ltr'>vel</span> <span class='ocrx_word' id='word_1_337' title='bbox 1493 2333 1600 2380; x_wconf 86' lang='lat' dir='ltr'>aliqui</span> <span class='ocrx_word' id='word_1_338' title='bbox 1618 2333 1678 2368; x_wconf 84' lang='lat' dir='ltr'>alii</span> 
     </span>
    </p>
   </div>
  </div>
 </body>
</html>
