1839 2652
214 314 283 345 104
626 305 942 342 REGISTRUM
970 305 1308 341 MONASTERII

215 407 258 441 de
289 405 472 444 Liberton‚
514 403 658 438 domino
690 402 810 437 Alano
837 407 1009 449 perpetuo
1035 402 1165 437 vicario
1192 402 1234 436 de
1264 400 1435 442 BIernes’,
1461 401 1624 438 Johanne
1650 403 1694 438 de

216 460 389 496 Maxwell
408 459 552 493 domino
571 459 614 493 de
635 458 757 493 Polloc
783 458 951 498 inferiori,
980 458 1123 492 domino
1153 457 1272 492 Alano
1301 457 1344 491 de
1374 456 1546 492 Glasfrud
1570 458 1691 499 milite,

216 517 376 551 VValtero
397 516 470 549 filio
490 515 655 555 Gilberti,
684 514 848 550 ,Iohanne
867 514 1005 555 clerico,
1034 513 1198 549 Gilberto
1229 514 1271 548 de
1301 512 1526 554 Malotiihok,
1554 519 1588 548 et
1615 514 1694 549 Ma-

214 573 297 607 theo
317 572 359 606 de
381 571 546 611 Flandre,
575 576 610 605 et
636 570 722 604 aliis.
775 570 819 604 In
838 569 936 617 cujus
961 571 1012 604 rei
1039 569 1273 604 testimonium
1303 568 1519 616 presentibus
1545 569 1692 616 figillum

213 642 342 670 meum,
363 642 434 663 una
453 641 532 663 cum
550 627 660 675 figillo
679 627 899 662 officialitatis
917 626 1012 662 curie
1031 625 1263 673 Glasguenfis‚
1283 625 1330 660 est
1347 624 1547 672 appensum.

214 798 352 832 Littera
393 797 599 844 obligatoria
633 809 696 844 per
732 795 951 831 Herbertum
980 794 1163 836 Maxwell‚
1200 793 1332 828 Abbati
1363 798 1398 828 et
1428 794 1617 828 conventui
1649 794 1691 829 de

215 853 396 889 Paffeleto.

215 966 454 1002 OMNIBUS
480 966 541 1000 has
559 966 692 1000 litteras
710 964 832 999 visuris
850 964 906 1000 vel
925 962 1094 998 audituris
1116 962 1314 997 Herbertus
1333 961 1506 997 Maxwell
1528 963 1627 997 miles
1644 963 1692 997 sa-

213 1023 323 1057 lutem
341 1024 378 1056 in
397 1022 567 1056 Domino.
619 1021 770 1056 Noverit
789 1019 991 1055 universitas
1009 1018 1120 1054 vestra
1136 1031 1200 1053 nos
1218 1024 1253 1053 et
1270 1018 1416 1053 heredes
1428 1018 1561 1053 nostros
1578 1020 1691 1054 teneri

214 1085 247 1114 et
267 1079 412 1125 obligari
431 1079 474 1112 ad
492 1078 743 1112 inveniendum
763 1076 980 1124 capellanum
999 1075 1172 1121 quendam
1199 1074 1457 1108 celebraturum
1485 1075 1603 1109 divina
1629 1075 1691 1109 im-

213 1141 423 1182 perpetuum
450 1135 486 1168 in
504 1135 676 1168 honorem
695 1134 795 1168 beate
814 1133 971 1179 Virginis
992 1131 1118 1171 Marie,
1147 1144 1211 1178 pro
1229 1130 1329 1165 nobis
1357 1136 1391 1165 et
1421 1130 1691 1166 anteeefforibus

213 1198 249 1225 et
266 1189 522 1231 succefl'oribus,
551 1191 587 1224 in
606 1189 744 1224 ecclelia
763 1190 805 1224 de
825 1187 995 1229 Mernes',
1017 1188 1120 1234 juxta
1138 1193 1299 1221 tenorem
1329 1187 1445 1221 littere
1476 1187 1652 1234 cujusdam
1670 1201 1691 1222 a

213 1247 313 1281 nobis
331 1246 491 1280 confeehz
510 1258 576 1291 que
595 1258 700 1292 penes
728 1245 904 1279 Abbatem
931 1249 965 1279 et
995 1248 1209 1278 conventum
1241 1243 1283 1277 de
1313 1241 1459 1278 Paffelet
1478 1243 1690 1290 dignolcitur

213 1301 372 1337 refidere.
425 1301 471 1335 Et
490 1301 512 1335 fi
530 1302 710 1347 contingat
728 1313 792 1335 nos
809 1301 865 1335 vel
883 1300 1029 1334 heredes
1046 1300 1180 1334 nostros
1198 1305 1321 1334 contra
1339 1300 1597 1336 ordinationem
1615 1300 1690 1336 nos-

213 1364 303 1392 tram
322 1363 523 1392 contentam
542 1359 578 1391 in
597 1358 692 1391 dieta
709 1357 826 1391 littera
842 1356 958 1403 aliquo
990 1357 1095 1391 modo
1126 1357 1183 1391 vel
1212 1362 1371 1404 tempore
1390 1357 1545 1392 totaliter
1570 1358 1627 1393 vel
1653 1359 1690 1402 in

214 1419 311 1462 parte
331 1414 461 1453 venire,
490 1413 584 1459 quod
602 1412 695 1453 absit,
723 1412 885 1447 volumus
902 1413 1015 1447 teneri
1033 1413 1199 1459 predffifis
1219 1412 1350 1447 Abbati
1377 1418 1412 1447 et
1438 1415 1627 1449 conventui
1653 1415 1689 1449 in

214 1471 335 1505 decem
353 1470 488 1509 mareis,
516 1470 659 1503 nomine
678 1481 778 1516 pene,
806 1469 843 1502 in
870 1469 1057 1503 utilitatem
1083 1469 1279 1503 monasterii
1309 1469 1351 1504 de
1382 1467 1528 1505 Paffelet
1546 1484 1689 1506 conver-

213 1526 338 1566 tendis,
367 1538 432 1572 pro
451 1525 605 1571 qualibet
623 1525 698 1559 viee
717 1537 785 1570 qua
805 1529 929 1558 contra
960 1525 1089 1558 dietam
1108 1525 1365 1559 ordinationem
1383 1525 1533 1561 nostram
1552 1527 1689 1562 duxeri-

214 1594 290 1616 mus
309 1581 535 1620 veniendum,
552 1581 635 1614 dum
651 1586 768 1614 tamen
781 1592 846 1613 nos
862 1579 918 1614 vel
937 1580 1082 1614 heredes
1100 1580 1215 1619 nostri,
1234 1580 1308 1627 post
1325 1580 1476 1615 mensem
1494 1582 1568 1629 post
1585 1597 1687 1629 quam

215 1639 308 1673 dieta
326 1637 500 1671 ordinatio
519 1636 618 1670 nobis
636 1636 742 1670 fuerit
761 1635 900 1676 ostensa,
928 1635 1052 1682 absque
1080 1635 1179 1670 causa
1206 1636 1402 1670 rationabili
1421 1638 1533 1672 eidem
1551 1640 1688 1674 ordina-

214 1695 301 1730 tioni
321 1693 522 1728 duxerimus
539 1691 761 1726 resistendum
776 1704 785 1726 ι
813 1692 862 1726 ita
879 1693 973 1738 quod
986 1691 1098 1726 soluta
1111 1705 1201 1739 pena
1214 1692 1373 1739 predi&a
1386 1693 1560 1728 ordinatio
1574 1695 1689 1730 nostra

215 1752 251 1785 iu
268 1750 329 1784 suo
347 1749 474 1784 robore
493 1749 738 1783 nichilominus
756 1747 963 1795 perseveret.
1016 1748 1060 1782 In
1078 1747 1176 1794 eujus
1203 1748 1254 1782 rei
1271 1747 1505 1784 testimonium
1523 1749 1687 1797 presenti-

214 1807 278 1841 bus
295 1805 443 1852 figillum
461 1804 615 1840 nostrum
634 1803 864 1852 apposuimus

215 1975 373 2009 Donatio
392 1973 530 2009 ecclefie
549 1975 592 2009 de
610 1974 770 2009 Neliston
786 1987 849 2022 per
867 1973 1071 2008 WVilelmum
1095 1973 1277 2008 Hertford.

216 2086 455 2123 OMNIBUS
481 2086 541 2120 has
558 2086 691 2121 litteras
709 2085 830 2121 visuris
848 2086 904 2121 vel
934 2086 1104 2120 audituris
1123 2086 1306 2120 lVilelmus
1334 2086 1377 2121 de
1409 2086 1582 2122 Hertford
1600 2087 1684 2123 salu-

214 2150 296 2178 tem.
348 2143 499 2177 Noverit
516 2141 718 2177 universitas
736 2142 846 2177 vestra
863 2155 918 2177 me
937 2140 1064 2176 dedisse
1082 2142 1126 2176 ad
1144 2142 1278 2176 firmam
1295 2142 1426 2177 Abbati
1444 2149 1478 2178 et
1496 2144 1684 2178 conventui

215 2201 258 2233 de
277 2197 423 2232 Paffelet
442 2197 616 2232 eccleliam
636 2198 678 2233 de
699 2198 875 2239 Neleston,
895 2211 959 2245 pro
971 2210 1039 2244 qua
1052 2198 1152 2232 firma
1170 2198 1284 2245 recepi
1299 2198 1340 2232 ab
1353 2199 1476 2233 eodem
1493 2199 1631 2234 Abbate
1650 2205 1684 2233 et

215 2260 392 2289 conventu
411 2255 453 2288 de
474 2253 620 2289 Paffelet
639 2255 860 2289 medietatem
882 2255 1096 2289 decimarum
1114 2254 1301 2300 garbarum
1315 2255 1357 2289 de
1373 2254 1562 2289 Thornton
1578 2267 1586 2288 ε
1616 2254 1684 2289 Te-

214 2310 365 2345 nendam
381 2316 413 2344 et
426 2310 619 2344 habendam
636 2311 796 2345 omnibus
809 2311 928 2345 diebus
944 2311 1012 2345 vite
1026 2324 1114 2351 mee,
1128 2311 1247 2352 libere,
1261 2311 1387 2357 quiete,
1404 2311 1550 2357 integre,
1566 2311 1683 2357 plena-

214 2367 264 2400 rie
279 2371 312 2401 et
330 2366 481 2412 pacifice,
509 2373 615 2413 prout
634 2372 728 2402 carta
745 2367 895 2414 prediefi
915 2366 1069 2401 Abbatis
1088 2372 1123 2402 et
1142 2372 1338 2402 conventus
1350 2367 1392 2401 de
1408 2365 1602 2401 Pafl'eletde
1620 2366 1683 2400 hac
