1839 2652
715 236 786 272 DE
814 236 1082 273 PASSELET.
1574 242 1641 272 143

157 334 385 382 adjudicium
403 345 477 368 non
494 334 671 375 vocandis,
699 339 734 368 et
752 334 836 374 aliis,
866 333 977 374 editis,
1009 346 1077 381 que
1095 333 1204 368 vestre
1222 331 1359 380 poffent
1385 334 1421 367 in
1447 334 1511 369 hac
1536 340 1635 381 parte

150 389 386 437 jurisdictioni
403 395 464 425 aut
481 390 639 438 potestati
658 389 797 438 ejusque
824 390 934 424 libero
961 390 1149 425 excercitio
1175 389 1441 436 quomodolibet
1467 389 1610 425 obviare
1627 405 1638 433 ;

156 446 215 481 seu
231 445 255 480 fi
272 446 442 492 aliquibus
460 447 693 482 communiter
710 446 767 481 vel
786 445 916 480 divifim
943 459 963 480 a
988 446 1147 493 Ρνεάἰᾶὶῑθ,
1172 445 1211 480 fit
1236 446 1314 480 sede
1333 445 1510 480 indultum
1540 447 1637 493 quod

160 503 469 544 excommunicari,
489 503 648 550 suspendi
666 502 723 538 vel
740 502 902 536 interdici
920 501 978 536 seu
996 507 1095 537 extra
1105 502 1161 537 vel
1175 502 1269 536 ultra
1286 507 1380 536 certa
1397 502 1474 537 loca
1491 502 1535 536 ad
1547 503 1641 550 judi-

158 558 250 594 cium
268 559 406 593 evocari
431 571 505 594 non
529 557 656 606 poffint
680 571 743 605 per
768 558 901 592 litteras
927 558 1128 605 apostolicas
1153 571 1227 593 non
1252 558 1417 593 facientes
1435 558 1575 606 plenam
1603 565 1639 593 et

159 613 351 662 exprefl'am
383 627 423 649 ac
441 615 484 649 de
502 614 610 651 verbo
628 614 671 648 ad
689 613 834 649 verbum
854 613 897 648 de
915 614 1053 648 indulto
1072 613 1272 661 hujusmodi
1291 620 1326 649 et
1344 627 1466 649 eorum
1484 615 1639 662 personis

160 676 194 704 et
211 670 307 711 locis,
327 670 508 706 ordinibus
527 675 562 705 et
579 669 779 705 nominibus
796 670 946 716 propriis
976 670 1204 710 mentionem,
1237 675 1272 704 et
1290 670 1443 716 qualibet
1461 671 1527 705 alia
1545 671 1639 706 dicte

159 725 246 761 sedis
260 726 479 773 indulgentia
492 726 649 772 generali
663 725 719 760 vel
732 725 881 772 speciali,
898 725 1133 772 cujuscunque
1146 726 1279 760 tenoris
1298 726 1427 767 existat,
1448 740 1509 773 per
1523 740 1638 774 quam,

157 781 374 829 presentibus
389 795 464 817 non
481 781 671 830 expressam
690 782 746 817 vel
764 781 920 816 totaliter
945 794 1018 816 non
1045 782 1218 822 insertam,
1247 781 1357 817 vestre
1382 782 1638 829 jurisdifitionis

158 838 343 885 explicatio
368 839 405 872 in
430 838 494 873 hac
521 843 619 885 parte
637 838 751 872 valeat
768 837 1033 884 quomodolibet
1050 838 1223 884 impediri,
1257 843 1292 872 et
1319 838 1361 872 de
1388 852 1456 884 qua
1474 838 1638 886 cujusque

157 900 234 928 toto
247 900 370 929 tenore
389 894 431 928 de
449 894 557 930 verbo
575 894 619 928 ad
637 893 783 929 verbum
802 894 838 927 in
856 893 978 928 nostris
996 893 1156 928 habenda
1172 892 1212 928 fit
1229 894 1355 928 litteris
1382 895 1515 929 mentio
1533 894 1638 941 speci-

156 951 229 985 alis.
281 950 450 986 Ceterum
468 950 631 985 volumus
649 955 684 984 et
702 949 888 997 apostolica
905 950 1115 984 auctoritate
1142 950 1361 984 decrevimus
1379 950 1474 996 quod
1491 950 1638 997 quilibet

157 1006 306 1041 vestrum
318 1006 478 1053 prosequi
491 1006 605 1042 valeat
619 1006 806 1041 articulum
820 1006 924 1040 etiam
938 1018 1001 1053 per
1012 1006 1119 1040 alium
1138 1006 1351 1046 inchoatum,
1372 1007 1529 1052 quamvis
1547 1006 1639 1041 idem

157 1062 324 1097 inchoans
336 1062 435 1097 nullo
449 1062 555 1097 fuerit
569 1062 820 1110 impedimento
834 1063 1003 1097 canonico
1018 1063 1230 1109 prepeditus,
1250 1063 1414 1109 quodque
1427 1076 1447 1097 a
1462 1063 1549 1097 datis
1563 1075 1639 1110 pre-

157 1118 306 1153 sentium
317 1117 356 1153 fit
368 1118 465 1153 vobis
478 1124 512 1154 et
525 1119 714 1165 unicuique
730 1118 879 1153 vestrum
892 1119 928 1152 in
939 1117 1106 1165 premissis
1125 1119 1286 1153 omnibus
1301 1124 1335 1153 et
1350 1132 1472 1153 eorum
1487 1118 1639 1166 lingulis,

158 1175 266 1222 ceptis
285 1180 319 1209 et
337 1187 410 1209 non
429 1175 547 1222 ceptiS,
567 1175 783 1222 presentibus
802 1180 836 1209 et
853 1175 990 1215 futuris,
1010 1180 1216 1222 perpetuata
1227 1175 1376 1222 potestas
1394 1181 1429 1210 et
1441 1175 1640 1223 jiirisdi6'tio

158 1231 335 1272 attributa,
365 1236 405 1265 ut
423 1243 464 1265 eo
483 1231 604 1277 vigore
622 1236 657 1265 et
675 1244 715 1265 ea
732 1231 896 1265 firmitate
913 1229 1043 1277 poffitis
1073 1232 1109 1265 in
1137 1230 1303 1278 premissis
1329 1231 1500 1272 omnibus,
1534 1232 1642 1279 ceptis

160 1293 194 1321 et
212 1299 284 1321 non
303 1287 421 1334 ceptiS,
450 1285 665 1334 presentibus
683 1292 718 1323 et
736 1287 872 1327 futuris,
901 1292 936 1321 et·
961 1299 1026 1333 pro
1044 1287 1211 1334 preditffis
1237 1288 1438 1334 procedere,
1467 1300 1507 1322 ac
1524 1286 1547 1321 fi
1566 1300 1642 1334 pre-

160 1344 254 1378 dieta
272 1343 390 1377 omnia
407 1348 442 1377 et
459 1342 592 1389 singula
618 1356 734 1377 coram
761 1343 859 1377 vobis
885 1348 985 1390 cepta
1010 1342 1159 1383 fuissent,
1189 1349 1223 1378 et
1243 1343 1442 1390 jurisdictio
1468 1343 1580 1378 vestra
1606 1350 1641 1378 et

160 1398 339 1446 cujussibet
365 1398 516 1435 vestrum
543 1399 577 1433 in
605 1399 771 1446 predififis
790 1399 951 1433 omnibus
977 1404 1012 1433 et
1037 1397 1177 1446 singulis
1195 1412 1257 1446 per
1275 1400 1476 1434 citationem
1494 1400 1550 1434 vel
1569 1413 1641 1434 mo-

160 1456 244 1490 dum
274 1455 381 1489 alium
406 1461 613 1502 perpetuata
639 1455 849 1501 legittimum
876 1453 1050 1496 extitisset,
1078 1455 1325 1490 constitutione
1355 1456 1513 1503 prediffm
1539 1455 1641 1503 super

160 1511 460 1547 conservatoribus
478 1517 512 1546 et
530 1511 597 1546 alia
614 1511 767 1558 qualibet
784 1511 821 1545 in
839 1511 1055 1546 contrarium
1082 1511 1176 1546 edita
1194 1524 1268 1546 non
1286 1511 1452 1546 obstante.
1505 1512 1641 1546 Datum

161 1567 341 1608 Avinion',
364 1567 484 1602 Idibus
504 1567 638 1614 Aprilis
652 1567 876 1615 pontificatus
890 1566 996 1601 nostri
1013 1580 1107 1602 anno
1124 1566 1288 1602 secundo.
1344 1567 1447 1603 Unde
1466 1568 1642 1614 conquesti

159 1625 237 1658 sunt
254 1623 355 1658 nobis
373 1623 522 1670 religiofi
539 1624 605 1658 viri
624 1623 744 1658 Abbas
763 1628 797 1658 et
815 1629 1009 1658 conventus
1027 1623 1224 1658 monasterii
1251 1624 1294 1658 de
1322 1622 1480 1665 Paffelet,
1510 1624 1642 1658 ordinis

160 1678 404 1720 Cluniacenfis‚
433 1678 656 1726 Glasguenfis
674 1678 825 1720 dioeefis‚
854 1679 949 1726 quod
967 1679 1175 1715 venerabilis
1193 1680 1230 1714 in
1249 1679 1386 1715 Christo
1405 1686 1505 1727 pater
1532 1680 1641 1714 domi-

159 1749 224 1770 nus
242 1735 421 1770 Martinus
440 1736 510 1771 Dei
539 1736 652 1783 gratia
678 1735 898 1782 Ergadienfis
923 1735 1102 1783 episcopus
1128 1735 1284 1771 ecclefias
1310 1735 1386 1770 suas
1413 1736 1533 1771 Sanfifi
1560 1736 1642 1771 Col-

160 1792 298 1833 maneli,
332 1792 452 1827 Saneti
472 1792 630 1834 Querani
649 1797 684 1827 et
703 1792 822 1827 Santffi
842 1792 968 1826 Finani
998 1792 1088 1827 infra
1106 1791 1266 1827 diocefim
1294 1792 1542 1839 Ergadiensem
1561 1805 1643 1827 con-

160 1848 302 1889 stitutas,
331 1861 370 1882 ac
390 1848 540 1883 decimas
559 1854 594 1883 et
611 1848 748 1883 fructus
766 1848 957 1883 earundem
976 1853 1099 1883 contra
1116 1861 1239 1883 eorum
1257 1849 1477 1883 voluntatem
1495 1854 1643 1896 occupat

164 1910 198 1939 et
209 1904 362 1952 usurpat,
382 1917 421 1939 ac
435 1904 501 1938 alia
514 1904 617 1951 plura
633 1905 682 1939 eis
699 1904 804 1939 infert
821 1905 1034 1951 gravamina,
1054 1909 1177 1939 contra
1193 1905 1376 1952 privilegia
1394 1910 1428 1939 et
1446 1905 1642 1939 libertatem

158 1960 289 1994 ordinis
306 1959 355 1994 sui
375 1959 636 2002 Cluniacenfis;
664 1959 896 2007 supplicantes
926 1960 1025 1995 nobis
1051 1966 1218 2007 tanquam
1243 1959 1311 1994 suis
1338 1960 1640 1994 conservatoribus

161 2021 195 2049 et
219 2015 395 2061 judicibus
421 2028 441 2049 a
466 2014 545 2050 sede
571 2015 757 2063 apostolica
785 2015 829 2050 fic
854 2016 1039 2063 deputatis,
1071 2021 1111 2051 ut
1137 2016 1185 2050 eis
1212 2016 1254 2050 de
1282 2020 1459 2063 oportuno
1486 2015 1641 2049 remedio

160 2071 261 2117 super
278 2070 443 2117 predififis
462 2071 590 2118 injuria
616 2076 651 2106 et
674 2071 888 2118 gravamine,
917 2072 1047 2106 virtute
1073 2071 1178 2106 officii
1204 2071 1303 2106 nobis
1329 2069 1506 2111 commisii,
1539 2070 1643 2105 duce-

161 2138 277 2160 remus
294 2126 492 2173 providere.
543 2126 620 2161 Nos
635 2139 719 2161 vero
735 2127 937 2162 mandatum
956 2127 1181 2174 apostolicum
1200 2131 1403 2161 reverenter
1422 2131 1462 2161 ut
1478 2131 1642 2161 tenemur

161 2181 286 2227 exequi
305 2182 495 2228 cupientes,
516 2181 770 2217 confiderantes
780 2188 899 2217 tamen
916 2183 1011 2229 quod
1030 2182 1180 2216 multum
1199 2181 1338 2216 difficile
1358 2181 1405 2216 est
1422 2187 1457 2216 et
1474 2182 1641 2217 nocivum

162 2236 256 2272 dieto
276 2237 418 2271 domino
438 2235 622 2284 Episcopo,
649 2243 794 2285 propter
819 2237 980 2272 locorum
1011 2237 1205 2272 distantiam
1223 2242 1258 2271 et
1276 2237 1412 2272 viarum
1431 2236 1638 2278 discrimina,

160 2291 204 2326 ad
222 2305 286 2328 nos
302 2293 362 2328 ubi
380 2304 559 2328 moramur
576 2293 693 2329 vocari
711 2293 754 2328 ad
773 2292 958 2340 judicium,
987 2298 1022 2328 et
1038 2293 1075 2328 in
1093 2291 1231 2340 lingulis
1249 2293 1384 2330 afitibus
1402 2306 1519 2330 coram
1543 2293 1643 2329 nobis
