1870 2683
748 270 819 305 DE
853 269 1122 305 PASSELET.
1606 279 1673 317 371

193 365 292 407 turis,
313 366 356 401 de
375 366 517 401 dimidia
533 372 634 414 petra
652 379 731 402 cere
749 367 793 401 ad
810 366 932 401 festum
946 366 1065 401 Sane'ti
1083 366 1206 401 Mirini
1225 368 1267 402 de
1286 368 1394 403 firmis
1412 375 1585 405 terrarum
1603 370 1675 405 sua-

193 435 272 457 rum
291 422 334 457 de
354 422 522 469 Rysslolm
540 436 602 470 per
621 423 734 458 (Ιὶὅὶοε
752 424 929 470 religiosos
947 423 1127 457 annuatim
1155 424 1379 471 percipienda
1404 425 1673 473 imperpetuum.

195 478 455 514 Confirmamus
473 478 546 513 insu
575 492 612 514 er
631 480 781 514 caritatis
799 480 929 514 intuitu
949 480 1174 515 donationem
1190 486 1224 515 et
1238 481 1490 517 conceffionem
1504 484 1579 518 illas
1591 497 1675 530 quas

194 534 375 570 ,lohannes
394 535 436 569 de
455 534 522 569 Kel
541 547 597 569 ow
615 535 658 569 de
679 534 895 570 Kelsouland
923 536 1014 570 filius
1041 536 1122 571 fecit
1153 542 1187 571 et
1218 536 1380 572 conceffit
1407 539 1585 574 caritative
1614 539 1675 575 sub

194 590 303 638 sigillo
321 590 381 625 suo
402 590 482 625 Deo
502 597 536 625 et
553 591 653 626 beate
673 591 789 626 Marie
808 591 960 637 Virgini,
993 592 1100 626 beatis
1118 592 1251 628 Jacobo
1270 599 1305 628 et
1325 594 1459 629 Mirino
1479 596 1521 629 de
1541 595 1675 631 Passeto

196 652 231 681 et
248 647 427 681 monachis
445 647 572 681 ibidem
592 647 673 681 Deo
690 647 918 681 servientibus
936 653 971 681 et
990 648 1246 695 imperpetuum
1265 649 1452 691 servituris,
1474 651 1516 686 de
1534 652 1677 686 dimidia

195 708 296 750 petra
314 715 392 737 cere
410 703 454 736 ad
471 702 593 737 festum
613 702 732 737 San&i
754 702 877 736 Mirini
909 703 951 737 (le
982 704 1090 737 firmis
1119 709 1293 739 terrarum
1312 705 1449 740 suarum
1469 708 1511 741 de
1533 707 1678 742 Kelsou—

195 759 279 793 land
296 772 359 806 per
377 759 490 793 dictos
507 758 685 805 religiosos
703 759 883 792 annuatim
902 759 1125 805 percipienda
1143 761 1413 808 imperpetuum.
1465 763 1676 799 Tenendum

197 820 233 849 et
249 815 448 849 habendum
468 814 569 848 dietis
588 815 766 848 monachis
785 815 870 849 diffi
889 815 1085 849 monasterii
1103 816 1319 862 presentibus
1345 823 1379 852 et
1407 818 1533 853 futuris
1550 820 1678 855 ibidem

198 871 281 905 Deo
299 870 527 905 servientibus
545 875 580 904 et
597 870 854 917 imperpetuum
873 869 1061 911 servituris,
1082 872 1215 906 dietum
1233 885 1388 907 annuum
1409 875 1584 909 redditum
1599 889 1680 922 qua-

199 927 361 972 draginta
379 926 603 960 denariorum
621 938 773 960 unacum
794 926 895 959 dictis
914 926 1050 961 duobus
1069 928 1218 962 dimidiis
1247 929 1354 975 petris
1372 942 1450 964 cere
1468 931 1555 964 adeo
1573 931 1681 965 libere

201 987 236 1018 et
248 982 375 1028 quiete,
394 982 561 1028 plenarie,
581 982 718 1028 integre
737 987 771 1015 et
789 982 992 1022 honorifice,
1013 982 1102 1017 bene
1121 990 1155 1017 et
1174 984 1209 1017 in
1227 997 1322 1030 pace,
1343 985 1378 1018 in
1397 986 1557 1020 omnibus
1573 992 1607 1020 et
1620 1000 1682 1033 per

201 1038 329 1078 omnia,
361 1037 445 1072 ficut
463 1038 499 1071 in
518 1038 620 1072 cartis
639 1038 815 1072 dictorum
836 1037 928 1077 Ado,
964 1037 1128 1084 Hugonis
1147 1044 1182 1073 et
1199 1039 1371 1075 Johannis
1398 1041 1499 1075 dietis
1517 1042 1682 1089 religiosis

201 1094 283 1129 inde
301 1093 470 1128 confe6‘ffis
487 1094 624 1140 plenius
643 1094 844 1128 continetur
860 1108 869 1136 ;
901 1094 1010 1128 Salvis
1028 1095 1128 1129 nobis
1148 1101 1182 1129 et
1200 1096 1386 1131 heredibus
1405 1098 1537 1139 nostris,
1558 1099 1600 1133 de
1616 1099 1684 1134 die-

202 1151 245 1186 tis
263 1150 364 1185 terris
383 1163 461 1184 cum
480 1150 711 1197 pertinentiis,
741 1149 886 1184 servitiis
905 1150 1027 1184 debitis
1055 1156 1089 1185 et
1120 1151 1302 1186 consuetis
1355 1153 1475 1194 Quare
1493 1154 1590 1189 vobis
1608 1168 1684 1202 pre-

203 1207 349 1254 cipimus
368 1212 402 1240 et
419 1206 624 1240 mandamus
643 1206 804 1251 quatinus
823 1212 952 1240 cartam
972 1206 1120 1241 nostram
1139 1206 1199 1241 sub
1218 1221 1346 1254 magno
1364 1207 1473 1255 figillo
1490 1210 1619 1251 nostro,
1648 1211 1684 1244 in

203 1263 316 1297 forma
334 1262 465 1309 capelle
483 1261 598 1296 nostre
617 1261 743 1302 debita,
773 1262 874 1296 diffis
900 1262 1065 1309 religiosis
1082 1264 1157 1297 fieri
1176 1264 1307 1298 faciatis
1324 1264 1425 1311 super
1444 1266 1683 1308 ratificatione,

204 1319 455 1367 approbatione
474 1323 509 1352 et
527 1318 793 1352 confirmatione
811 1318 934 1352 nostris
952 1319 1146 1353 antediffis.
1201 1319 1336 1354 Datum
1354 1320 1414 1354 sub
1432 1320 1541 1367 figillo
1570 1323 1685 1357 nostro

205 1375 337 1410 secreto
367 1375 404 1408 in
436 1374 544 1408 castro
563 1373 679 1408 nostro
700 1373 867 1409 Rothesai
887 1375 1021 1410 decimo
1041 1376 1167 1410 octavo
1199 1376 1253 1410 die
1284 1376 1406 1411 menfis
1433 1377 1566 1425 Aprilis
1594 1391 1686 1413 anno

205 1432 306 1478 regni
323 1430 428 1465 nostri
447 1431 721 1477 quartodecimo.

210 1598 443 1636 Confirmatio
458 1598 606 1633 Roberti
617 1599 708 1645 regis
721 1599 906 1634 Scotorum
919 1600 961 1633 de
974 1599 1220 1634 donationibus
1231 1613 1315 1646 quas
1327 1600 1503 1646 quondam
1517 1601 1633 1636 Adam
1648 1603 1689 1636 de

211 1655 344 1703 Coriby
358 1655 502 1690 donavit
520 1660 555 1689 et
573 1655 615 1690 de
635 1655 770 1689 duobus
789 1656 938 1690 dimidiis
952 1656 1058 1703 petris
1071 1669 1149 1691 cere
1168 1656 1210 1690 de
1230 1656 1398 1703 Rysholm
1413 1662 1447 1692 et
1464 1656 1690 1692 Kelsouland.

215 1766 494 1802 ROBERTUS
514 1766 585 1801 Dei
602 1768 714 1814 gratia
733 1779 794 1802 rex
814 1767 1013 1802 Scottorum
1043 1768 1203 1802 omnibus
1229 1768 1346 1815 probis
1372 1768 1569 1803 hominibus
1586 1770 1693 1804 totius

213 1830 306 1859 terre
325 1823 383 1858 sue
402 1823 536 1858 clericis
554 1829 589 1857 et
607 1823 702 1858 laicis
719 1823 875 1858 salutem.
928 1824 1048 1858 Sciatis
1067 1837 1131 1858 nos
1149 1822 1360 1871 approbaffe‚
1381 1823 1558 1859 ratificaffe
1578 1831 1612 1859 et
1629 1825 1692 1859 hac

214 1879 365 1927 presenti
394 1885 488 1914 carta
518 1879 633 1914 nostra
661 1878 877 1914 confirmaffe
905 1880 1130 1914 donationem
1160 1887 1194 1914 et
1225 1879 1475 1914 conceflionem
1505 1881 1581 1914 illas
1610 1894 1693 1926 quas

216 1936 333 1971 Adam
353 1936 524 1970 Fulerton
543 1936 585 1970 de
605 1934 737 1981 Coriby
755 1936 932 1980 quondam
950 1935 1049 1969 miles
1066 1936 1147 1970 fecit
1178 1941 1212 1970 et
1240 1934 1401 1970 concellit
1429 1937 1606 1971 caritative
1633 1936 1693 1970 sub

214 1991 323 2038 figillo
340 1990 401 2025 suo
422 1991 502 2025 Deo
522 1996 556 2025 et
574 1991 674 2025 beate
694 1990 810 2025 Marie
829 1991 980 2037 Virgini,
1012 1991 1120 2026 beatis
1138 1991 1161 2026 J
1163 1991 1271 2026 acobo
1290 1997 1324 2026 et
1344 1991 1479 2025 Mirino
1497 1992 1540 2026 de
1559 1991 1692 2026 Passeto

214 2053 250 2082 et
267 2047 445 2081 monachis
463 2047 592 2080 ibidem
612 2046 693 2080 Deo
711 2045 939 2081 servientibus
958 2053 992 2081 et
1009 2047 1266 2094 imperpetuum
1285 2047 1471 2087 servituris,
1504 2047 1547 2080 de
1575 2059 1692 2081 annuo

214 2103 354 2137 redditu
389 2102 438 2136 xla
474 2102 699 2136 denariorum
734 2103 870 2148 argenti
905 2103 947 2137 de
982 2103 1042 2137 illo
1077 2115 1195 2137 annuo
1229 2103 1368 2137 redditu
1403 2103 1544 2136 dimidie
1578 2116 1692 2137 marce

215 2159 351 2204 argenti
368 2157 426 2192 fibi
439 2157 521 2204 jure
539 2157 750 2192 hereditario
772 2159 983 2205 competenti
1002 2159 1044 2192 de
1062 2163 1265 2192 tenemento
1282 2159 1374 2204 quod
1394 2164 1540 2192 vocatur
1559 2157 1693 2192 Ruffal-

215 2215 298 2249 land
314 2215 351 2248 in
371 2214 525 2248 dominio
544 2213 604 2247 suo
624 2213 667 2247 de
686 2212 828 2260 Corsby.
881 2213 1139 2248 Confirmamus
1157 2214 1260 2248 etiam
1279 2214 1430 2248 caritatis
1443 2214 1572 2248 intuitu
1586 2214 1691 2248 dona-

215 2271 347 2305 tionem
367 2275 401 2304 et
419 2268 672 2304 conceflionem
689 2268 766 2302 illas
783 2281 866 2314 quas
886 2269 996 2316 Hugo
1016 2269 1106 2316 Boyl
1124 2269 1167 2304 de
1187 2268 1354 2316 Rysslolm
1380 2269 1461 2304 fecit
1479 2275 1513 2304 et
1530 2268 1692 2304 concessit

217 2326 396 2361 caritative
413 2325 474 2360 sub
492 2324 602 2372 figillo
632 2325 693 2359 suo
724 2324 806 2360 Deo
837 2330 872 2359 et
901 2325 1000 2361 beate
1027 2325 1143 2360 Marie
1162 2325 1312 2372 Virgini,
1346 2325 1482 2361 sancitis
1507 2325 1640 2362 Jacobo
1659 2332 1693 2361 et
