1870 2683
748 260 819 295 DE
848 259 1120 296 PASSELET.
1606 268 1673 304 391

191 415 250 449 De
269 413 404 449 eodem.

193 527 251 563 IN
270 527 363 561 DEI
382 526 598 562 NOMINE
612 526 742 561 Amen.
763 526 903 561 Perhoc
915 527 1054 574 presens
1069 527 1246 575 publicum
1262 528 1529 563 instrumentum
1538 530 1675 564 011116ὶί5

192 590 310 632 pateat
328 584 510 618 evidenter
528 589 562 617 et
581 582 619 617 fit
636 591 759 617 notum
780 584 873 629 quod
893 597 986 618 anno
1004 584 1046 618 ab
1065 585 1306 618 incarnatione
1340 584 1488 619 Domini
1509 590 1553 619 M⁰
1569 590 1676 620 0000ο

194 645 336 680 ιΧΧΧΙο,
357 644 437 674 XX1⁰
455 640 510 673 die
529 638 651 674 menfis
671 639 805 679 Martii,
838 640 1031 674 indic-“tione
1050 640 1194 680 decima,
1228 641 1451 687 pontificatus
1478 641 1674 676 lanctissimi

193 698 230 731 in
261 696 398 732 Christo
426 697 533 743 patris
563 709 603 730 ac
634 696 767 730 domini
798 695 903 729 nostri
932 696 1065 730 domini
1097 696 1184 730 Sixti
1213 697 1331 730 divina
1349 698 1571 743 providentia
1588 710 1676 745 pape

194 754 307 800 quarti
326 765 419 786 anno
438 752 637 792 undecimo,
669 752 704 785 in
724 752 791 786 mei
810 754 937 786 notarii
956 753 1085 800 publici
1104 760 1138 787 et
1157 753 1293 788 testium
1312 754 1582 801 subscriptorum
1601 768 1678 802 pre-

194 809 303 844 sentia
320 808 547 856 personaliter
565 807 773 842 constitutus
793 808 958 843 discretus
977 810 1029 843 vir
1047 809 1200 844 ,Iacobus
1231 810 1338 844 Knox
1358 811 1504 845 existens
1525 813 1559 845 in
1578 812 1677 852 statu,

195 866 314 901 saisina
331 872 366 900 et
383 865 526 912 pacifica
543 863 744 911 poffeffione
763 865 987 900 dimidietatis
1006 867 1183 913 cujusdam
1202 869 1396 902 tenementi
1420 868 1531 903 Elene
1546 868 1680 903 &Vilson

191 922 340 970 jacentis
358 922 393 955 in
412 922 551 955 civitate
571 919 777 966 Glasguenfi
795 922 892 968 prius
910 921 968 956 fibi
987 923 1122 958 Jacobo
1141 923 1281 958 alsedati
1302 938 1364 971 per
1383 925 1513 959 di&am
1532 925 1679 960 Elenam

197 984 232 1014 et
250 978 455 1013 Wilelmum
476 976 633 1011 Robison
651 977 749 1011 suum
769 976 929 1024 sponsum
948 992 1013 1026 pro
1032 980 1134 1014 certis
1153 981 1321 1020 terminis,
1343 994 1386 1015 ex
1404 987 1503 1028 parte
1523 982 1682 1016 occiden-

197 1035 259 1070 tali
276 1034 395 1081 magni
413 1034 479 1068 vici
498 1033 719 1068 extendentis
737 1033 779 1067 ab
799 1033 939 1068 ecclelia
956 1036 1146 1070 cathedrali
1166 1035 1372 1082 Glasguenfi
1398 1036 1505 1083 usque
1532 1038 1576 1072 ad
1607 1051 1683 1072 cru-

198 1105 275 1128 cem
292 1092 359 1126 fori
378 1090 543 1138 ejusdem,
573 1090 665 1124 inter
683 1095 794 1124 terras
824 1089 891 1125 five
910 1097 1113 1126 tenementa
1131 1092 1281 1139 magistri
1310 1093 1484 1128 ,Iohannis
1505 1094 1684 1142 Akynhed

200 1163 244 1184 ex
259 1154 359 1196 parte
377 1147 515 1182 australi
534 1147 576 1181 ab
594 1159 675 1187 una,
705 1152 740 1181 et
758 1152 868 1181 terras
894 1147 961 1182 five
988 1154 1191 1183 tenementa
1221 1149 1370 1184 Roberti
1391 1150 1624 1185 Brownsuald
1643 1165 1685 1186 ex

200 1211 300 1254 parte
327 1204 459 1239 boreali
478 1203 634 1251 partibus
664 1203 707 1237 ab
734 1203 855 1244 altera,
887 1203 1067 1251 quousque
1092 1204 1150 1239 fibi
1178 1204 1331 1239 solvatur
1349 1206 1453 1252 plene
1485 1213 1519 1241 et
1550 1208 1686 1254 integre

201 1262 334 1297 summa
351 1274 398 1295 xx
416 1273 612 1295 marcarum
632 1272 694 1306 per
711 1260 906 1306 predictam
927 1261 1086 1302 Eleuam,
1118 1262 1217 1296 suum
1236 1261 1397 1308 sponsum
1429 1263 1485 1297 vel
1511 1262 1590 1297 suos
1608 1277 1686 1298 exe-

202 1323 342 1353 cutores
360 1323 394 1352 et
412 1315 608 1363 affignatos.
661 1316 708 1350 Et
726 1317 906 1363 predi6hls
923 1316 1076 1352 Jacobus
1095 1330 1212 1352 coram
1245 1331 1299 1352 1110
1327 1320 1466 1353 notario
1492 1319 1633 1366 publico
1653 1327 1687 1354 et

203 1374 344 1410 testibus
362 1373 586 1421 infrascriptis
604 1373 777 1407 fatebatur
794 1373 827 1407 se
847 1374 935 1409 bene
954 1381 990 1409 et
1007 1376 1159 1410 fideliter
1190 1376 1405 1423 persolutum
1426 1382 1462 1411 et
1480 1383 1687 1412 contentum

204 1432 247 1466 de
266 1431 361 1465 dieta
378 1430 511 1464 summa
529 1443 575 1463 xx
593 1442 789 1464 marcarum
817 1442 881 1478 per
909 1431 1040 1466 dietam
1061 1432 1222 1473 Elenam,
1253 1439 1287 1467 et
1307 1432 1424 1480 ipsam,
1445 1433 1523 1467 suos
1542 1434 1688 1468 heredes

205 1493 240 1523 et
257 1486 443 1534 aflignatos
461 1487 597 1532 quietos
616 1486 778 1520 clamavit
796 1486 1068 1534 imperpetuum,
1089 1494 1123 1523 et
1143 1489 1185 1523 de
1205 1489 1307 1523 dietis
1318 1489 1405 1524 statu
1425 1496 1459 1524 et
1477 1489 1595 1524 saifina
1606 1491 1690 1538 seip-

204 1544 278 1578 sum
296 1543 436 1590 penitus
455 1542 657 1583 denudavit,
678 1548 713 1576 et
731 1543 767 1576 in
785 1543 945 1577 manibus
958 1544 1108 1578 Roberti
1127 1544 1198 1578 Hal
1212 1545 1330 1579 ballivi
1349 1544 1534 1592 resignavit
1552 1559 1639 1593 pure
1656 1553 1691 1581 et

205 1599 414 1647 fimpliciter.
469 1599 551 1640 Qua
568 1597 800 1645 resignatione
818 1598 861 1634 fic
879 1599 972 1635 faeta
989 1613 1052 1648 per
1071 1606 1181 1635 terras
1201 1607 1235 1636 et
1253 1601 1386 1648 lapides
1403 1608 1443 1636 ut
1461 1603 1688 1650 premittitur,

209 1656 388 1691 Robertus
409 1655 480 1690 Hal
495 1655 654 1696 ballivus,
676 1668 719 1690 ex
733 1655 870 1702 speciali
883 1657 1048 1692 mandato
1068 1658 1153 1692 dicti
1172 1657 1296 1693 Jacobi
1317 1658 1437 1699 Knox,
1457 1659 1593 1699 statum,
1608 1658 1692 1693 saifi-

208 1726 289 1748 narn
308 1713 553 1747 hereditariam
572 1712 731 1760 predifi'oe
751 1713 973 1748 dimidietatis
992 1715 1185 1748 tenementi
1204 1715 1338 1762 prefate
1359 1715 1483 1757 Elene,
1504 1715 1691 1750 heredibus

208 1769 276 1805 suis
305 1776 339 1804 et
367 1768 540 1815 affignatis
558 1770 701 1803 tradidit
732 1775 766 1804 et
796 1768 976 1816 aflignavit
1005 1783 1068 1817 per
1098 1776 1208 1805 terras
1240 1776 1275 1805 et
1301 1771 1434 1818 lapides
1451 1777 1492 1806 ut
1510 1772 1617 1806 moris
1635 1772 1692 1807 est.

212 1826 317 1860 Tunc
335 1825 406 1872 ipsa
423 1825 597 1872 sepedicta
610 1825 733 1866 Eleua,
754 1838 826 1860 non
845 1827 879 1860 vi
898 1827 1006 1861 duc'ta
1024 1832 1085 1861 aut
1103 1833 1199 1861 metu
1225 1840 1291 1862 nec
1318 1840 1437 1862 errore
1463 1828 1555 1875 lapsa
1580 1841 1693 1875 neque

210 1896 274 1930 per
292 1882 441 1928 aliquem
462 1882 711 1922 circumventa,
731 1881 790 1916 sed
808 1882 954 1917 existens
972 1883 1008 1916 in
1026 1896 1153 1929 magna
1178 1889 1384 1931 paupertate
1403 1897 1470 1930 que
1490 1884 1602 1931 legem
1621 1897 1694 1919 non

213 1939 354 1986 patitur,
385 1937 484 1972 causa
510 1937 791 1984 supportationis,
812 1937 1067 1973 sustentationis
1086 1944 1120 1973 et
1138 1938 1273 1974 subfidii
1299 1939 1358 1974 sue
1377 1941 1446 1975 vite
1474 1946 1508 1975 et
1534 1939 1692 1988 persone,

212 2007 292 2030 cum
310 1994 370 2028 sua
387 2006 494 2034 mera,
513 1993 623 2028 libera
641 1999 675 2028 et
693 1992 884 2041 spontanea
901 1995 1095 2035 voluntate,
1116 1996 1276 2030 vendidit
1302 2002 1336 2030 et
1359 1996 1463 2030 titulo
1481 1997 1694 2031 venditionis

212 2051 377 2086 alienavit
405 2063 425 2084 a
453 2050 486 2084 se
514 2055 549 2084 et
575 2050 763 2084 heredibus
781 2050 848 2085 suis
866 2051 1124 2098 imperpetuum
1152 2051 1352 2099 predictum
1371 2057 1613 2086 tenementum
1633 2051 1696 2086 dis-

211 2113 308 2142 creto
328 2107 403 2140 viro
422 2105 584 2152 magistro
601 2106 756 2142 ,Iohanni
777 2107 956 2154 Akynhed
974 2107 1104 2141 vicario
1124 2107 1167 2141 de
1188 2105 1402 2148 Haffenden,
1422 2108 1609 2142 heredibus
1626 2107 1693 2143 suis

213 2170 247 2199 et
264 2162 448 2210 affignati5‚
479 2175 544 2210 pro
561 2175 634 2197 una
651 2168 746 2197 certa
764 2161 897 2198 summa
913 2164 1062 2211 pecunie
1080 2162 1139 2197 fibi
1159 2163 1271 2198 Elene
1301 2176 1364 2211 per
1382 2164 1555 2211 prefatum
1574 2164 1695 2211 magis-

212 2226 307 2255 trum
324 2219 525 2255 Johannem
543 2219 580 2253 in
597 2218 657 2254 sua
674 2232 801 2266 magna
818 2226 968 2266 urgente
986 2220 1184 2255 necestitate
1195 2220 1285 2256 bene
1300 2228 1335 2256 et
1348 2221 1501 2256 fideliter
1517 2222 1696 2269 persoluta

212 2289 276 2324 pro
295 2275 395 2310 totali
413 2275 528 2323 pretio
558 2275 708 2323 predifffi
739 2277 944 2317 tenementi,
976 2277 1220 2324 prefatumque
1250 2277 1451 2325 magistrum
1481 2278 1694 2320 Johannem,

211 2332 291 2368 suos
312 2332 460 2367 heredes
479 2337 514 2367 et
531 2330 715 2379 affignatos
734 2332 871 2378 quietos
889 2332 1053 2370 clamavit
1070 2334 1430 2382 imperpetuum‚juri,
1450 2334 1506 2370 liti
1527 2340 1562 2370 et
1592 2334 1692 2370 cause
