1839 2652
177 272 248 304 4284«
575 265 890 302 REGISTRUM
920 264 1258 300 MONASTERII

180 379 275 400 novo
294 363 478 399 eximimus
496 368 531 397 et
548 362 703 397 totaliter
720 362 920 403 liberamus,
941 361 1069 407 illaque
1095 361 1132 395 in
1156 361 1215 408 jus
1242 367 1277 396 et
1301 362 1552 409 proprietatem
1569 363 1633 398 bea
1641 363 1668 398 ti

184 421 279 456 Petri
297 424 332 454 et
349 417 437 453 sedis
455 417 620 465 ejusdem,
653 424 688 453 et
704 417 765 453 sub
784 430 907 452 eorum
924 417 1062 464 speciali
1089 422 1124 452 et
1141 417 1341 452 immediata
1358 418 1580 464 protmffione
1597 418 1669 453 sus-

181 478 346 524 cipientes
365 480 399 509 et
417 474 542 515 nostra,
575 475 794 509 decrevimus
812 473 1057 508 monasterium
1076 473 1227 508 vestrum
1256 478 1291 507 et
1321 473 1440 507 omnia
1467 479 1501 508 et
1533 472 1670 521 lingula

182 533 250 567 alia
266 530 483 570 monasteria,
511 531 698 578 prioratus,
726 530 915 564 decanatus
936 535 971 563 et
988 529 1055 563 alia
1073 529 1229 563 membra
1255 535 1290 563 et
1314 527 1478 576 personas
1507 530 1666 577 predifi'ffl

181 588 243 622 soli
261 593 295 622 et
313 587 512 621 immediate
530 586 600 621 sedi
619 586 803 634 apostolice
821 584 1009 632 subjacere,
1038 585 1201 631 quodque
1227 584 1387 619 locorum
1407 585 1574 619 ordinarii
1593 585 1665 619 dio·

183 643 293 678 cesani
312 643 367 677 vel
387 643 455 677 alia
472 643 592 689 quevis
610 641 757 690 persona
776 640 1007 681 ecclefiast-ica,
1034 641 1071 674 in
1095 653 1167 681 VOS,
1196 640 1458 681 monasterium,
1476 641 1666 688 prioratus,

183 701 371 734 decanatus
389 704 424 733 et
443 699 510 733 alia
527 698 684 733 membra
702 703 736 732 et
753 696 916 745 personas
934 696 1078 743 prefata,
1099 701 1222 743 utpote
1241 695 1382 743 prorsus
1400 702 1573 744 exempta,
1593 709 1668 730 non

182 753 307 802 possint
325 755 535 789 au&oritate
554 755 732 788 ordinaria
749 753 1132 792 excommunicationis,
1152 750 1378 799 suspenfionis
1396 758 1458 787 aut
1487 752 1668 786 interdicti

183 810 370 845 sententias
387 811 624 858 promulgare,
641 810 698 845 vel
712 809 806 850 alias,
829 810 932 844 etiam
950 809 1086 842 ratione
1105 808 1226 843 delicti
1244 807 1303 843 seu
1321 809 1523 843 contra&us
1541 808 1597 843 vel
1616 809 1667 843 rei

183 867 225 901 de
243 880 311 912 qua
341 873 475 912 agetur,
504 867 703 912 ubicunque
735 866 973 900 committatur
1002 864 1182 905 delictum,
1211 865 1349 899 ineatur
1374 864 1577 899 contra&us
1606 870 1666 898 aut

182 936 237 957 res
254 922 324 970 ipsa
343 921 508 963 confistat,
528 922 732 970 potestatem
750 921 809 956 seu
822 920 1105 968 jurisdifitionem
1117 920 1268 966 aliquam
1287 919 1551 966 quomodolibet
1570 932 1666 954 exer-

183 991 261 1013 cere
276 993 284 1021 3
316 978 425 1012 felicis
455 978 707 1012 recordationis
740 977 939 1011 Innocentii
966 989 1054 1023 pape
1080 977 1128 1010 iiii
1160 975 1408 1023 predecessoris
1438 975 1544 1010 nostri
1575 975 1667 1010 circa

182 1041 362 1081 exemptos
381 1034 473 1068 edita
490 1047 556 1080 que
576 1034 705 1080 incipit,
731 1033 908 1072 Volentes,
929 1038 963 1066 et
982 1032 1143 1066 omnibus
1161 1032 1236 1066 aliis
1253 1031 1555 1066 constitutionibus
1572 1031 1668 1078 apos·

184 1090 296 1125 tolicis
314 1090 349 1123 in
368 1090 582 1124 contrarium
602 1089 703 1123 editis
722 1101 793 1123 non
812 1088 1023 1122 obstantibus
1043 1087 1315 1134 quibuscunque.
1369 1087 1446 1122 Nos
1460 1087 1553 1122 enim
1571 1086 1666 1134 quas-

183 1146 267 1181 libet
285 1146 699 1185 excommunicationum,
720 1143 975 1192 suspensionum
994 1149 1028 1178 et
1046 1144 1226 1178 interdicti
1240 1144 1427 1179 sententias
1446 1149 1480 1178 et
1497 1143 1666 1190 quoscun-

184 1215 251 1248 que
269 1200 444 1249 proceffus
470 1200 605 1247 quasvis
622 1214 729 1248 penas
747 1207 782 1235 et
809 1199 996 1234 sententias
1023 1200 1256 1240 continentes,
1285 1213 1370 1247 quas
1388 1205 1422 1234 et
1440 1212 1526 1246 quos
1544 1206 1667 1234 contra

184 1271 256 1298 vos,
286 1257 501 1297 monasteria,
530 1257 716 1304 prioratus,
746 1257 933 1291 decanatus
951 1262 986 1290 et
1003 1256 1070 1290 alia
1088 1256 1244 1290 membra
1261 1262 1297 1291 et
1314 1255 1477 1303 personas
1494 1256 1664 1303 predicta,

184 1320 306 1348 contra
324 1318 482 1347 tenorem
502 1318 537 1347 et
555 1312 703 1346 formam
722 1312 953 1359 exemptionis
978 1311 1187 1359 hujusmodi,
1219 1311 1484 1358 quomodolibet
1509 1312 1665 1359 promul-

182 1370 257 1416 gari
288 1375 321 1404 et
352 1369 471 1403 haberi
501 1369 698 1415 contigerit,
732 1369 847 1402 irritos
866 1368 1083 1403 decrevimus
1109 1375 1144 1404 et
1170 1370 1301 1404 inanes.
1354 1369 1529 1404 Volumus
1547 1374 1664 1404 autem

184 1426 278 1472 quod
292 1438 365 1465 vos,
380 1426 414 1459 in
427 1424 560 1470 {ignum
579 1430 743 1472 percepte
760 1424 803 1458 ab
821 1424 942 1458 eadem
964 1424 1126 1459 Romana
1144 1423 1283 1460 ecclefia
1296 1424 1465 1459 libertatis
1479 1430 1514 1460 et
1525 1437 1665 1472 exemp-

184 1483 290 1516 tionis
307 1480 516 1528 hujusmodi,
533 1493 640 1515 unam
654 1481 793 1515 unciam
806 1481 881 1514 auri
900 1481 992 1515 dicte
1014 1481 1175 1516 Romane
1189 1480 1327 1515 ecclefie
1338 1481 1375 1515 in
1385 1480 1468 1515 festo
1481 1481 1663 1515 beatorum

182 1537 416 1585 apostolorum
436 1537 531 1571 Petri
558 1543 592 1571 et
612 1537 712 1571 Pauli
729 1536 863 1570 solvere
880 1537 1069 1570 teneamini
1087 1537 1267 1571 annuatim
1286 1551 1295 1579 ;
1328 1537 1490 1582 quodque
1507 1549 1570 1583 per
1587 1549 1664 1584 pre-

183 1593 315 1628 sentem
333 1593 591 1639 exemptionem
607 1598 641 1626 et
655 1593 721 1626 alia
735 1591 942 1639 supradifita,
962 1591 1189 1632 libertatibus,
1206 1592 1394 1639 privilegiis
1413 1598 1447 1626 et
1465 1592 1663 1627 immunita·

186 1649 275 1683 tibus
293 1649 368 1682 aliis
385 1648 503 1682 vestris
522 1654 556 1682 et
575 1648 706 1682 ordinis
724 1647 824 1682 vestri
843 1647 980 1681 nullum
998 1648 1228 1694 prejudicium
1247 1654 1448 1695 generetur,
1468 1648 1661 1694 quinimmo

184 1705 348 1739 volumus
379 1704 473 1750 quod
500 1703 559 1737 illa
589 1704 625 1737 in
653 1702 712 1737 sua
737 1703 842 1750 plena
859 1711 1063 1738 remaneant
1081 1705 1257 1739 firmitate.
1310 1704 1479 1739 Ceterum
1508 1717 1581 1738 non
1610 1705 1662 1739 in-

183 1760 358 1795 tendimus
376 1760 478 1793 alicui
497 1759 552 1793 vel
571 1759 753 1805 aliquibus,
785 1772 848 1806 per
866 1760 1124 1807 exemptionem
1153 1766 1187 1794 et
1218 1760 1414 1794 libertatem
1432 1761 1592 1807 prefatas,
1623 1761 1660 1794 in

184 1816 376 1851 vestrorum
395 1828 434 1849 ac
453 1815 752 1855 monasteriorum,
772 1816 1002 1862 prioratuum,
1024 1815 1255 1850 decanatuum
1275 1821 1309 1850 et
1327 1816 1565 1851 membrorum
1583 1829 1660 1864 pre-

183 1873 371 1912 dststorum,
391 1870 609 1906 ecclesiarum
627 1871 877 1918 parochialium
896 1869 1155 1912 visitationibus,
1176 1884 1315 1906 necnon
1328 1873 1364 1906 in
1378 1872 1659 1920 perceptionibus

183 1935 254 1962 tam
273 1940 393 1962 earum
412 1939 478 1973 que
498 1927 634 1961 ratione
652 1925 854 1961 visitat-ionis
872 1927 1029 1973 predicte
1048 1927 1232 1968 debentur,
1260 1941 1364 1974 quam
1395 1928 1541 1962 aliarum
1571 1929 1660 1962 anti-

181 1996 328 2030 quarum
350 1989 385 2017 et
402 1983 583 2017 solitarum
601 1983 889 2030 procurationum
911 1982 969 2016 seu
994 1981 1077 2016 alias
1095 1982 1218 2028 absque
1238 1981 1430 2017 visitatione
1449 1982 1655 2023 debitarum,

180 2040 398 2086 aliquatenus
419 2039 600 2084 derogare.
653 2038 752 2072 Nulli
771 2051 854 2084 ergo
873 2039 1018 2073 omnino
1048 2038 1230 2073 hominum
1249 2039 1351 2073 liceat
1381 2039 1470 2073 hanc
1495 2039 1656 2086 paginam

182 2095 377 2129 nostrarum
396 2094 637 2141 exemptionis,
658 2094 882 2133 liberationis,
898 2092 1132 2141 susceptionis,
1152 2094 1437 2129 constitutionum
1449 2100 1484 2129 et
1498 2095 1657 2129 volunta-

182 2158 254 2185 tum
276 2151 465 2197 infringere
483 2150 540 2184 vel
558 2150 588 2184 ei
607 2150 689 2184 ausu
708 2150 893 2184 temerario
913 2150 1097 2184 contraire.
1150 2150 1186 2185 Si
1203 2151 1279 2197 quis
1293 2157 1409 2185 autem
1427 2151 1493 2186 hoc
1511 2156 1656 2198 attemp-

181 2214 255 2240 tare
273 2206 525 2253 presumpserit,
555 2205 833 2251 indignationem
853 2206 1102 2252 omnipotentis
1129 2205 1199 2240 Dei
1231 2212 1265 2241 et
1295 2206 1478 2241 beatorum
1508 2206 1603 2241 Petri
1620 2212 1654 2240 et

184 2263 282 2297 Pauli
301 2263 533 2309 apostolorum
552 2263 625 2310 ejus
652 2263 684 2297 se
703 2263 841 2297 noverit
859 2260 1090 2297 incursurum.
1142 2261 1276 2296 Datum
1296 2262 1466 2296 Avinion'
1486 2261 1654 2296 Kalendis

184 2319 326 2366 Aprilis,
360 2319 582 2365 pontificatus
600 2318 705 2353 nostri
723 2331 817 2353 anno
835 2319 958 2365 primo.
1012 2317 1109 2359 Quas
1126 2318 1266 2364 quidem
1284 2318 1416 2352 litteras
1433 2318 1514 2357 vidi,
1542 2319 1652 2358 tenui,
