1839 2652
736 260 806 295 DE
836 259 1104 295 PASSELET.
1590 257 1658 288 <221

183 364 218 393 et
236 358 423 392 conventui
443 355 594 404 ejusdem
614 357 656 391 de
674 369 768 391 novo
787 357 908 391 damus
926 361 961 390 et
979 356 1212 396 concedimus,
1234 359 1268 389 et
1285 365 1350 401 pro
1362 351 1462 387 nobis
1480 356 1514 385 et
1532 349 1659 385 succes-

183 414 313 448 soribus
331 414 453 447 nostris
470 414 506 447 in
523 426 647 460 puram
665 418 700 448 et
717 420 922 460 perpetuam
941 411 1162 446 elemofinam
1181 410 1391 445 ratificamus
1407 421 1415 442 :
1450 406 1658 442 Tenendam

183 476 217 504 ct
235 470 428 504 habendam
457 474 567 503 totam
593 474 628 503 et
656 469 828 515 integram
847 468 976 502 dictam
1002 466 1178 514 piscariam
1199 467 1242 501 de
1261 466 1408 512 Leueyn
1425 463 1560 510 brenyn
1579 474 1659 496 cum

183 527 284 560 terris
301 525 533 571 sequentibUS,
560 525 780 571 pertinentiis
811 530 845 558 et
872 524 1073 571 adjacentiis
1100 523 1252 570 ejusdem
1284 522 1379 556 dicto
1398 518 1605 554 monasterio
1624 523 1660 552 et

183 582 373 616 conventui
391 581 434 615 de
454 580 587 615 Passeto
606 586 640 615 et
658 579 902 614 succefl'oribus
919 578 985 613 suis
1004 580 1040 613 in
1058 592 1180 626 puram
1213 584 1247 613 et
1274 582 1479 624 perpetuam
1508 572 1660 610 elemofi-

183 650 275 677 nam,
305 636 424 677 libere,
455 636 582 681 quiete,
611 636 778 682 plenarie,
807 636 954 681 integre,
983 635 1187 675 honorifice,
1218 634 1307 668 bene
1334 638 1368 667 et
1395 633 1430 666 in
1456 644 1551 679 pace,
1580 643 1660 665 cum

184 693 293 727 libero
312 693 457 726 introitu
476 697 511 726 et
538 692 633 726 exitu
651 704 690 726 ac
709 704 788 726 cum
807 691 968 725 omnibus
993 691 1067 724 aliis
1093 696 1127 725 et
1153 689 1292 737 singulis
1311 689 1538 729 libertatibus,
1569 699 1661 722 com-

184 749 417 789 moditatibus,
437 748 601 795 proficuis
619 754 653 782 et
679 746 883 782 aifiamentis
901 759 941 781 ac
962 746 1061 793 justis
1079 747 1299 793 pertinentiis
1325 744 1597 792 quibuscunque,
1626 749 1660 778 et

183 806 271 839 adeo
289 805 407 845 libere,
427 805 554 850 quiete,
574 804 739 851 plenarie,
768 805 915 850 integre,
947 804 1151 844 honorifice,
1180 804 1268 838 bene
1287 809 1322 838 et
1340 804 1376 837 in
1393 816 1477 850 pace
1496 803 1532 836 in
1551 802 1661 836 omni-

184 861 247 895 bus
265 866 299 895 et
316 873 379 907 per
397 860 524 900 omnia,
553 858 637 894 ficut
654 859 768 905 aliqua
785 859 927 906 piscaria
945 865 979 893 et
997 864 1091 894 terra
1108 859 1252 906 sequens
1271 859 1361 893 infra
1378 871 1526 905 regnum
1546 858 1661 892 Scotie

183 917 286 950 alicui
303 928 365 962 per
383 915 532 961 aliquem
560 915 597 948 in
628 928 751 962 puram
782 920 817 950 et
844 921 1049 962 perpetuam
1077 915 1296 950 elemofinam
1322 915 1464 949 liberius
1483 915 1585 948 datur
1602 912 1662 947 seu

183 971 388 1007 conceditur
405 976 465 1005 aut
483 971 557 1005 dari
576 970 633 1005 seu
652 971 797 1006 concedi
814 971 1103 1019 qualitercunque
1129 972 1259 1020 poterit
1285 972 1493 1011 infuturum,
1526 983 1565 1005 ac
1592 969 1661 1004 fine

184 1027 428 1067 retinemento,
461 1027 685 1062 revocatione
703 1032 764 1061 aut
782 1027 957 1062 obstaculo
975 1029 1116 1075 aliquali
1133 1042 1141 1063 :
1177 1041 1317 1063 necnon
1343 1028 1513 1075 prefatam
1531 1032 1663 1062 cartam

185 1084 270 1118 dicti
288 1082 536 1130 predecefforis
553 1083 659 1117 nostri
677 1084 714 1117 in
732 1084 893 1119 omnibus
920 1083 988 1118 suis
1007 1085 1158 1132 punctis,
1188 1084 1447 1119 conditionibus
1465 1089 1500 1118 et
1518 1084 1664 1118 circum-

184 1140 312 1174 stantiis
329 1138 600 1185 quibuscunque,
620 1139 656 1173 in
675 1140 836 1174 omnibus
854 1145 888 1174 et
906 1153 968 1188 per
988 1142 1105 1176 onmia
1127 1141 1370 1189 approbamus,
1399 1141 1610 1176 ratificamus
1629 1146 1664 1175 et

185 1209 250 1243 pro
267 1195 366 1229 nobis
385 1200 419 1229 et
445 1195 630 1229 heredibus
648 1195 770 1229 nostris
796 1196 832 1229 in
858 1209 983 1243 puram
1011 1204 1046 1232 et
1072 1203 1276 1245 perpetuam
1297 1197 1519 1232 elemofinam
1538 1197 1664 1233 confir-

185 1264 342 1294 mamus;
370 1256 404 1285 et
421 1263 485 1285 nos
503 1263 587 1285 vero
607 1251 722 1286 dictus
739 1251 762 1287 J
765 1252 919 1286 ohannes
934 1265 1049 1287 comes
1064 1254 1106 1288 de
1122 1254 1288 1288 chenax
1303 1260 1337 1288 et
1349 1254 1510 1288 dominus
1525 1253 1663 1288 Dernle

187 1314 221 1342 et
250 1307 395 1342 heredes
413 1306 519 1341 nostri
536 1307 730 1353 predictam
759 1306 937 1354 piscariam
969 1309 1012 1343 de
1041 1309 1208 1344 Lenbren
1240 1315 1274 1344 et
1301 1315 1432 1344 terram
1462 1309 1663 1356 sequentem

187 1376 267 1398 cum
285 1363 351 1397 suis
369 1362 534 1409 proficuis
552 1368 587 1396 et
605 1363 836 1410 pertinentiis,
870 1364 972 1399 dictis
990 1366 1198 1400 monasterio
1218 1371 1252 1400 et
1271 1367 1449 1401 monachis
1467 1366 1510 1400 de
1531 1365 1664 1400 Passeto

188 1426 221 1454 et
239 1420 306 1454 11115
323 1417 567 1453 filccefforibus
593 1424 633 1453 ut
658 1420 860 1466 predicitur,
893 1426 1016 1455 contra
1046 1434 1166 1456 omnes
1193 1423 1357 1457 mortales
1375 1422 1666 1456 varantizabimus

187 1490 226 1511 ac
244 1477 280 1510 in
297 1488 421 1522 puram
439 1481 473 1509 et
490 1481 695 1522 perpetuam
714 1475 934 1510 elemosinam
946 1476 1204 1523 imperpetuum
1217 1477 1455 1512 defendemus.
1509 1477 1553 1511 In
1567 1477 1666 1524 cujus

188 1532 239 1566 rei
256 1531 489 1566 testimonium
508 1530 654 1578 sigillum
673 1532 826 1566 nostrum
845 1531 1060 1579 presentibus
1085 1533 1132 1567 est
1157 1533 1346 1580 appensum
1372 1534 1465 1581 apud
1494 1533 1666 1568 Passetum

188 1588 301 1635 primo
328 1587 383 1621 die
414 1586 535 1621 menfis
553 1587 712 1622 Januarii
730 1600 823 1622 anno
842 1588 989 1622 Domini
1016 1588 1194 1624 millefimo
1213 1589 1487 1637 quingentesimo
1505 1588 1666 1624 vicesimo

188 1645 301 1692 primo
318 1658 327 1687 ;
356 1656 472 1678 coram
491 1643 555 1677 hiis
572 1643 722 1684 testibus,
742 1644 851 1678 nobili
870 1649 904 1678 et
921 1645 1057 1691 potenti
1075 1645 1219 1680 domino
1232 1645 1397 1680 WVilelmo
1413 1646 1555 1680 domino
1569 1646 1666 1693 Sym-

189 1701 262 1747 pill,
294 1699 444 1734 Patricio
466 1699 629 1733 Houston
659 1700 702 1734 (10
730 1700 866 1741 00(10111,
901 1700 1019 1735 Alano
1048 1701 1219 1743 Steward,
1252 1708 1286 1737 et
1316 1703 1477 1750 magistro
1507 1703 1666 1737 Roberto

194 1756 351 1791 Maxvell
369 1756 508 1790 rectore
526 1756 568 1790 de
587 1755 796 1798 Terbolton,
816 1770 895 1792 cum
915 1757 1053 1793 diverfis
1071 1759 1156 1792 aliis.

195 1926 467 1961 Instrumentum
486 1926 590 1961 status
609 1931 642 1961 et
659 1926 775 1961 saifine
794 1927 837 1961 de
854 1926 997 1974 piscaria
1016 1927 1214 1975 Lenbreyn.

196 2037 252 2072 IN
283 2037 375 2071 DEI
406 2037 621 2072 NOMINE
651 2051 764 2073 amen.
834 2039 902 2074 Per
929 2040 996 2074 hoc
1025 2039 1164 2087 presens
1193 2040 1371 2087 publicum
1402 2040 1667 2076 instrumentum

193 2093 329 2128 cunctis
356 2098 472 2139 pateat
502 2094 683 2129 evidenter
713 2100 748 2129 et
774 2094 813 2129 fit
842 2102 967 2130 notum
993 2096 1087 2141 quod
1117 2109 1210 2130 anno
1230 2096 1402 2130 dominice
1421 2097 1669 2132 incarnationis

194 2147 374 2183 millefimo
386 2149 659 2195 quingentesimo
672 2156 717 2191 et,
732 2150 922 2186 seeundum
937 2157 1139 2198 compotum
1155 2150 1292 2186 ecclefie
1307 2151 1500 2192 Scoticane‚
1510 2152 1669 2188 vicefimo

193 2205 319 2251 primo,
350 2204 405 2238 die
433 2217 517 2238 vero
547 2204 669 2239 menfis
688 2206 845 2241 Januarii
863 2206 1034 2248 viceiimo,
1064 2207 1257 2241 indictione
1275 2207 1419 2249 decima,
1447 2209 1670 2255 pontificatus

195 2258 391 2294 sanctiffimi
409 2260 445 2293 in
465 2259 600 2295 Christo
618 2262 725 2308 patris
755 2275 794 2296 ac
820 2263 952 2297 domini
978 2262 1083 2297 nostri
1102 2263 1233 2297 domini
1253 2264 1402 2298 Adriani
1422 2265 1539 2300 divina
1555 2267 1671 2313 provi-

198 2316 315 2350 dentia
335 2315 427 2362 Pape
446 2315 529 2350 sexti
550 2329 642 2351 anno
660 2318 785 2364 primo,
805 2318 842 2352 111
859 2319 927 2353 mei
945 2319 1072 2353 notarii
1090 2319 1217 2366 publici
1238 2325 1272 2354 et
1290 2319 1423 2355 testium
1439 2321 1669 2369 infrascripto-
