1870 2683
787 592 1072 637 INDEX

369 777 698 822 LOCORUM
740 777 1006 822 CODICIS
1046 779 1493 834 VEXATORUM,

191 971 275 1000 Tum
290 981 392 1001 eorum
409 982 478 1012 quae
493 972 650 1002 emendare
664 972 778 1012 placuit
793 982 886 1011 quum
902 973 1023 1002 illorum
1042 973 1073 1002 in
1093 973 1211 1012 quibus,
1230 984 1403 1014 quanquam
1420 984 1502 1004 error
1517 974 1666 1014 apparuit,

265 1022 339 1051 nihil
355 1022 476 1052 omnino
490 1027 642 1052 mutatum
661 1027 715 1059 est,
731 1027 887 1062 propterea
903 1023 983 1061 quod
998 1023 1081 1052 nulla
1096 1033 1176 1053 verae
1190 1022 1326 1053 lectionis
1341 1024 1428 1054 valde
1442 1024 1603 1063 probabilis

480 1072 651 1113 conjectura
666 1083 783 1103 sensum
799 1073 869 1103 satis
885 1073 1111 1103 convenientem
1126 1073 1377 1104 subministrabat.

196 1339 224 1365 P.
254 1348 277 1365 v.

310 1338 328 1365 l.
347 1341 392 1366 10.
429 1338 496 1365 Post
510 1336 588 1365 hunc
619 1338 647 1365 in
674 1338 746 1365 M.S.
770 1338 901 1374 sequitur

309 1378 363 1405 iste
387 1376 559 1409 titulus,-“
572 1377 608 1404 Ee
628 1378 798 1413 confirmatio
821 1377 902 1404 Alex-

310 1456 417 1483 tabulae
432 1455 460 1482 in
471 1455 552 1492 justo
565 1455 665 1483 ordine
679 1455 805 1492 ponitur.

254 1505 279 1522 x.
302 1495 320 1522 l.
336 1499 362 1523 5.
384 1495 492 1523 Littera
517 1495 707 1533 obligutoria]
744 1495 816 1523 M.S.
842 1495 903 1523 Lit-

216 1693 244 1719 P.
264 1698 286 1720 1.

264 1776 290 1798 5.

264 1810 289 1837 (5v

264 1853 289 1879 7.

265 1932 292 1955 8.

247 1971 290 1994 13.

248 2011 291 2034 14.

311 1539 369 1562 tera
383 1534 551 1571 obligatoris.

309 1693 327 1720 l.
346 1697 389 1721 12.
414 1692 531 1729 Olauo.]
553 1690 599 1718 Sic
623 1692 693 1719 M.S.
719 1691 855 1719 mendose
872 1696 903 1718 ut

312 1732 427 1760 videtur
442 1741 495 1768 pro
510 1732 604 1759 Alano.

311 1772 330 1798 1.
347 1775 391 1799 18.
410 1770 610 1807 pertiuentiis]
633 1770 704 1798 M.S.
717 1770 867 1807 petienciis.

312 1811 330 1838 l.
350 1814 393 1838 14.
415 1810 576 1846 luminare]
593 1809 663 1836 M.S.
680 1810 783 1837 lumire.

312 1850 329 1877 l.
340 1853 386 1877 23.
397 1849 435 1876 ila
447 1849 537 1881 libere,
545 1848 631 1886 quiete
642 1853 666 1876 et
676 1848 818 1886 pacifice]
831 1850 902 1876 M.S.

312 1890 350 1917 ila
365 1889 446 1916 libere
460 1892 484 1916 el
499 1888 584 1925 quiete
597 1888 719 1924 pacifice.

312 1928 330 1955 1.
349 1932 392 1956 14.
415 1927 602 1964 quotidiana-:J
625 1927 695 1954 M.S.
711 1928 858 1964 quotidina.

312 1967 330 1996 l.
347 1971 393 1995 21.
415 1966 520 2003 laicis]
543 1967 614 1993 M.S.
630 1966 716 1993 loisis.

314 2006 332 2033 l.
349 2006 375 2034 6.
397 2006 502 2042 lacum]
524 2005 596 2032 M.S.
612 2005 673 2032 laci.

314 2046 331 2073 l.
351 2050 393 2073 18.
415 2044 656 2083 adquietationes]
678 2044 749 2072 M.S.
764 2044 903 2083 adquietu-

313 2090 417 2113 tionem.

312 2124 330 2151 ].
346 2128 392 2152 22.
414 2124 447 2151 [le
460 2123 560 2151 decimo
568 2123 709 2160 denaria]
726 2122 798 2151 M.S.
813 2123 845 2150 de
859 2124 903 2150 de-

313 2163 380 2191 cimo
394 2163 509 2191 denarii.

313 2202 331 2230 l.
346 2202 393 2231 26.
424 2201 562 2229 monachis
589 2202 621 2229 de
651 2201 774 2229 Passelet
802 2206 904 2229 tantum

313 2241 439 2270 denarios
453 2251 518 2279 quos
537 2250 585 2278 ego
600 2240 654 2278 [ιι]
669 2241 749 2268 dictis
770 2241 906 2268 monachis

312 2281 345 2309 de
360 2280 462 2308 Melroc
474 2280 586 2317 percepi
606 2281 799 2317 imperpetuum
814 2290 905 2316 recep-

312 2321 410 2358 turis]
434 2320 504 2347 M.S.
519 2320 658 2347 monachis
666 2319 699 2346 de
710 2320 831 2347 Passelel
844 2324 905 2346 lan-

313 2364 368 2387 ium
382 2359 503 2388 denariis
517 2369 583 2397 quos
597 2369 645 2397 ego
665 2359 744 2387 dictis
769 2359 906 2387 monachis

961 1418 989 1443 P.

1014 1419 1056 1444 15.

1012 1495 1056 1523 16.

1012 1618 1054 1644 17.

1012 1892 1055 1915 18.

1013 2128 1055 2156 19-

1010 2206 1056 2229 90.

1076 1339 1109 1366 de
1123 1338 1228 1366 Melsos
1238 1340 1351 1378 percepi
1368 1340 1562 1378 imperpetuum
1576 1350 1666 1378 recep-

1076 1378 1156 1405 luris.

1078 1416 1096 1443 1.
1115 1421 1159 1445 15.
1173 1418 1310 1445 ecclesiam
1319 1419 1352 1447 de
1362 1418 1514 1457 Kengaf‘fi]
1537 1419 1583 1447 Sic
1594 1419 1666 1447 M.S.

1078 1455 1176 1484 Hodie
1192 1457 1340 1494 Kingartlz.

1077 1495 1095 1522 1.
1111 1499 1157 1523 25.
1181 1496 1396 1535 cluniacensis]
1417 1498 1464 1526 Sic
1480 1498 1553 1526 M.S.
1577 1497 1624 1525 hic
1638 1503 1668 1525 et

1076 1534 1144 1562 alibi
1156 1546 1164 1568 3
1179 1535 1254 1563 forte
1268 1545 1303 1563 ex
1317 1536 1467 1571 industria,
1483 1546 1535 1575 pro
1552 1535 1666 1565 Clunia-

1077 1574 1164 1602 censis
1176 1575 1287 1602 ordinis.

1076 1613 1096 1640 l.
1110 1617 1157 1646 29.
1178 1618 1293 1651 tempore
1307 1615 1339 1642 de
1357 1617 1486 1654 pessum]
1508 1616 1581 1644 M.S.
1603 1620 1667 1643 tem-

1075 1662 1141 1689 pore
1154 1653 1187 1680 de
1196 1654 1306 1688 pessim,
1330 1655 1466 1683 mendose
1491 1656 1552 1682 sine
1576 1655 1666 1682 dubio

1076 1701 1129 1727 pro
1142 1702 1237 1729 pesson
1253 1693 1298 1720 vel
1311 1704 1422 1731 pessun,
1438 1694 1562 1731 Anglice
1575 1699 1653 1722 mast.

1077 1730 1095 1758 l.
1121 1731 1168 1764 26,
1195 1735 1241 1764 30,
1268 1734 1319 1759 &a
1344 1734 1523 1771 memmium]
1556 1734 1614 1761 Hic
1639 1739 1667 1761 et

1077 1769 1146 1797 alibi
1161 1771 1266 1807 passim
1283 1772 1355 1799 M.S.
1370 1782 1511 1800 mererium.

1076 1809 1094 1835 l.
1110 1813 1158 1842 27,
1184 1813 1231 1843 30,
1257 1811 1308 1838 &c.
1323 1812 1489 1850 foc-alium]
1522 1812 1568 1840 Sic
1594 1812 1665 1839 M.S.

1077 1848 1177 1876 vitiose
1191 1855 1224 1877 ut
1241 1856 1360 1886 apparet
1373 1861 1427 1888 pro
1429 1851 1535 1888 jbcule.

1078 1887 1096 1915 l.
1114 1892 1139 1916 5.
1162 1889 1330 1926 wassellus]
1351 1890 1423 1918 M.S.
1446 1890 1492 1918 hic
1507 1891 1667 1919 massellum.

1079 1937 1135 1954 vox
1149 1927 1249 1955 eadem
1259 1930 1364 1965 saepius
1378 1929 1407 1956 in
1426 1931 1556 1966 Registro
1566 1939 1666 1957 occur-

1076 1967 1114 1994 rit
1127 1967 1233 2003 scripta
1244 1969 1385 1996 mascellus
1398 1975 1427 1996 et
1440 1970 1565 1997 vacellus.
1607 1970 1666 1997 De-

1075 2011 1156 2033 notat
1170 2006 1244 2034 forte
1258 2007 1421 2041 valliculam,
1438 2008 1548 2036 Scotice
1563 2019 1580 2036 α
1594 2009 1653 2036 den.

1077 2045 1095 2072 l.
1114 2049 1157 2073 18.
1179 2047 1294 2083 quietam
1315 2047 1500 2075 clamaverunt
1523 2048 1666 2086 insulam]

1080 2085 1153 2112 M.S.
1171 2086 1287 2122 quietam
1301 2086 1484 2114 clamaverunt
1499 2087 1526 2114 in
1542 2088 1665 2115 insulam.

1077 2123 1095 2150 l.
1113 2128 1140 2151 2.
1155 2124 1245 2162 alique
1258 2125 1364 2153 ecclesie
1379 2145 1385 2152 .
1400 2147 1406 2152 .
1424 2145 1430 2152 .
1445 2130 1568 2153 tenentur
1581 2131 1605 2154 et
1618 2137 1666 2164 po-

1080 2163 1231 2200 sidentur]
1254 2164 1325 2191 M.S.
1349 2169 1455 2192 tenetur
1469 2170 1494 2193 et
1507 2166 1665 2202 possidetur.

1078 2201 1096 2228 l.
1111 2202 1138 2230 6.
1161 2203 1279 2239 Regerio
1303 2204 1441 2241 AvenelL]
1470 2205 1541 2232 M.S.
1564 2215 1667 2242 perpe-

1078 2250 1137 2268 ram
1162 2242 1280 2279 Rogerio
1295 2243 1431 2271 Arienello
1442 2255 1454 2275 ;
1479 2254 1577 2272 verum
1601 2254 1667 2272 cum

1080 2280 1146 2307 satis
1161 2287 1272 2309 constet
1294 2288 1323 2309 et
1344 2283 1415 2310 citra
1438 2293 1523 2311 omne
1547 2284 1668 2312 dubium

1079 2319 1204 2356 positum
1220 2321 1256 2348 sit
1270 2321 1320 2357 qui
1336 2322 1379 2348 vir
1388 2322 1549 2357 denotetur,
1563 2333 1668 2351 nomen

1079 2359 1230 2388 emendare
1244 2360 1323 2388 nulla
1337 2360 1392 2388 fuit
1407 2361 1516 2398 religio.
