1870 2683
60 666 140 687 Judcx
154 667 276 689 committit

93 699 160 720 xices.

297 283 367 319 1208
694 277 1010 314 REGISTRUM
1039 278 1379 315 MONASTERII

299 378 363 417 nis,
383 373 573 423 prepofitis,
594 374 805 414 cantoribus,
826 374 1088 416 archidiaconis,
1108 374 1249 410 sacristis
1268 377 1425 411 omnium
1444 382 1479 412 et
1495 375 1706 423 lingularum
1726 392 1779 415 ec-

300 431 476 467 cleliarum
489 429 754 470 cathedralium,
764 429 939 464 diocesum
955 431 1207 477 prediGtarum,
1217 436 1252 466 et
1264 432 1425 467 omnibus
1437 432 1511 467 aliis
1524 433 1710 479 dignitates
1721 436 1778 470 vel

299 487 503 535 personatus
520 486 557 520 in
576 485 678 520 dictis
697 485 846 521 ecclefiis
864 486 1121 521 cathedralibus
1137 499 1280 522 necnon
1298 488 1489 535 collegiatis
1507 489 1779 531 continentibus,

299 557 368 590 quo
386 543 430 578 ad
447 540 608 590 premiffa
625 542 744 576 omnia
762 548 797 577 et
814 541 947 588 fingula
964 542 1000 577 in
1018 543 1185 590 predififis
1198 543 1324 578 litteris
1338 544 1531 592 apostolicis
1549 551 1726 586 contenta,
1746 552 1780 581 et

301 599 517 646 emergentia
534 597 593 632 seu
612 598 849 645 dependentia
875 611 918 633 ex
944 598 1082 639 eisdem,
1106 599 1211 646 juxta
1237 605 1273 634 et
1302 599 1492 635 secundum
1521 599 1671 648 ipsarum
1691 601 1782 637 litte-

302 668 419 690 rarum
438 654 702 702 apostolicarum
723 655 933 701 exigentiam
960 654 1019 689 leu
1050 655 1301 690 continentiam
1321 661 1356 690 et
1379 661 1540 691 tenorem
1570 656 1686 692 debite
1712 658 1782 692 exi—

302 711 450 758 quenda,
465 710 564 745 vobis
579 716 614 745 et
627 710 769 745 cuilibet
787 711 937 745 vestrum
955 710 1141 745 insolidum
1161 716 1284 746 tenore
1301 712 1513 759 presentium
1533 713 1782 748 committimus

304 769 395 803 vices
412 766 554 807 nostras,
583 767 695 801 donec
714 780 770 801 eas
788 767 831 801 ad
849 780 913 801 nos
931 767 1136 802 duxerimus
1161 768 1386 802 revocandas.
1436 768 1504 803 Per
1522 769 1680 815 preditfflae
1696 782 1781 804 vero

303 836 521 871 nequaquam
541 823 755 858 intendimus
773 823 895 858 nostris
913 823 1132 871 prejudicare
1151 823 1294 870 collegis
1311 825 1499 870 quominus
1516 823 1577 872 ipfi
1606 830 1641 860 et
1671 826 1782 871 quivis

303 894 345 915 ex
363 879 438 927 ipfis
456 879 557 927 super
575 878 742 926 premiffis
760 880 951 927 procedere
969 879 1108 914 valeant
1121 879 1225 926 juxta
1249 880 1488 926 prediEtarum
1515 880 1665 915 formam
1683 887 1718 916 et
1734 880 1782 916 se·

300 939 386 972 riem
406 937 613 976 litterarum,
633 936 914 982 quandocunque
932 936 1009 983 ipfis
1034 937 1210 971 videbitur
1240 938 1416 984 expedire.
1470 937 1643 973 Premiffis
1677 939 1779 973 etiam

301 993 415 1040 pareri
433 992 596 1026 volumus
614 998 648 1026 et
660 991 838 1038 jubemus,
858 1005 930 1026 non
950 992 1105 1027 obstante
1123 993 1217 1038 quod
1236 993 1406 1040 originale
1423 994 1657 1042 privilegium,
1678 1008 1781 1042 prop-

302 1056 356 1084 ter
373 1049 509 1084 viarum
528 1048 682 1095 pericula
700 1053 734 1082 et
752 1048 974 1083 inimicorum
993 1048 1160 1090 incursus,
1189 1049 1339 1090 mittere,
1369 1055 1404 1084 et
1431 1050 1549 1097 plures
1574 1051 1660 1085 alios
1686 1050 1781 1086 casus

304 1105 465 1139 fortuitos
483 1105 608 1150 quibus
625 1104 862 1139 mediantibus
880 1104 1078 1152 predictum
1097 1103 1207 1152 pofl'et
1227 1106 1339 1140 amitti
1369 1106 1603 1153 privilegium,
1632 1119 1705 1141 non
1723 1121 1781 1142 au-

305 1162 425 1196 demus
441 1175 450 1203 ;
480 1160 537 1195 sed
555 1159 754 1207 petentibus
772 1160 993 1206 privilegium
1011 1160 1121 1208 ipsum
1141 1161 1271 1202 videre,
1301 1161 1457 1196 exhiberi
1488 1163 1525 1196 in
1552 1167 1631 1197 tuto
1650 1163 1728 1197 loco
1747 1169 1781 1197 et

305 1217 528 1252 convenienti
545 1221 651 1263 prout
669 1216 774 1250 fuerit
793 1217 938 1251 rationis
954 1216 1130 1251 faciemus.
1184 1217 1360 1252 Volumus
1371 1224 1488 1253 autem
1501 1219 1605 1266 juxta
1622 1224 1780 1254 tenorem

304 1272 567 1320 apostolicarum
585 1272 782 1306 litterarum
801 1271 958 1319 superius
977 1271 1182 1307 insertarum
1202 1285 1267 1307 nos
1296 1279 1356 1308 aut
1383 1272 1707 1309 subconservatores
1725 1274 1782 1310 seu

304 1328 545 1374 subdelegatos
576 1327 710 1362 nostros
748 1328 966 1375 supradifitos
996 1329 1179 1364 certificari
1210 1335 1452 1376 competenter
1481 1330 1523 1365 de
1557 1329 1782 1377 affignatione

305 1385 372 1419 diei
391 1390 425 1419 et
444 1384 699 1431 opponentium
718 1385 918 1419 nominibus
932 1384 991 1420 sub
1005 1384 1122 1432 figillis
1139 1385 1257 1420 vestris
1274 1386 1331 1420 vel
1350 1386 1435 1421 aliis.
1489 1387 1584 1427 Quia
1601 1392 1719 1422 autem
1737 1388 1783 1422 la-

305 1440 479 1475 boriosum
498 1439 658 1475 existeret
676 1439 699 1473 fi
718 1441 802 1474 dieti
821 1440 981 1487 religiosi,
1009 1447 1217 1488 procurator
1234 1441 1293 1477 seu
1311 1448 1558 1489 procuratores
1575 1444 1780 1484 eorundem,

305 1504 337 1531 ot
356 1509 459 1543 quam
478 1496 668 1544 plurimum
694 1496 944 1544 sumptuosum,
974 1510 1038 1544 pro
1069 1498 1224 1544 qualibet
1255 1500 1419 1534 citatione
1446 1500 1575 1534 virtute
1606 1500 1782 1534 difitorum

302 1553 567 1600 privilegiorum
587 1566 607 1587 a
624 1553 724 1587 nobis
747 1553 804 1587 seu
831 1553 1195 1589 lubconservatoribus
1213 1555 1269 1589 vel
1288 1554 1518 1601 subdelegatis
1536 1556 1659 1590 nostriS
1677 1557 1784 1603 impe-

302 1610 437 1650 tranda,
467 1610 511 1643 ad
537 1621 601 1643 nos
619 1608 677 1643 seu
695 1608 937 1655 subdelegatos
963 1610 1096 1644 nostros
1126 1611 1355 1657 personaliter
1383 1612 1602 1652 accederent,
1634 1625 1698 1646 nos
1723 1625 1782 1647 vo-

303 1667 415 1701 lentes
434 1664 509 1713 ipfis
527 1665 692 1711 religiolis
710 1665 812 1712 super
840 1666 905 1700 hoc
931 1679 1074 1713 parcere
1106 1667 1282 1701 laboribus
1312 1674 1346 1701 et
1377 1667 1542 1714 expenfis,
1571 1668 1782 1702 auctoritate

303 1722 487 1769 apostolica
506 1721 603 1755 vobis
621 1728 655 1756 et
673 1721 823 1756 vestrum
853 1722 994 1756 cuilibet
1023 1722 1207 1756 insolidum
1236 1723 1388 1758 ‹lIstriGte
1407 1725 1617 1770 precipimus
1635 1729 1671 1759 et
1687 1737 1783 1759 man-

302 1780 434 1819 damus,
463 1779 498 1812 in
517 1778 647 1812 virtute
666 1777 783 1812 sancte
802 1778 999 1813 obedientie
1019 1785 1053 1813 et
1072 1778 1130 1812 sub
1149 1780 1247 1826 penis
1267 1778 1493 1826 suspenfioniS
1520 1786 1554 1814 ct
1584 1793 1782 1815 excommu-

301 1835 483 1869 nicationis
497 1847 581 1880 quas
595 1835 631 1868 in
644 1833 807 1881 personas
825 1840 1038 1874 curatorum,
1060 1835 1331 1882 capellanorum,
1352 1836 1530 1870 rediturum
1550 1835 1780 1877 ecclefiarum,

303 1891 531 1925 tabellionum
552 1896 585 1925 et
612 1891 830 1925 notariorum
848 1891 1128 1937 supradifitorum
1157 1896 1191 1925 et
1221 1891 1372 1926 vestrum
1400 1892 1590 1938 quemlibet
1618 1905 1680 1939 per
1706 1906 1781 1940 pre-

303 1946 414 1981 sentes
432 1946 574 1981 ferimus
592 1945 615 1980 fi
633 1947 835 1980 mandatum
854 1946 1008 1981 nostrum
1036 1959 1154 1993 ymmo
1185 1947 1300 1981 verius
1328 1948 1552 1995 apostolicum
1585 1948 1782 1984 distuleritis

304 2001 361 2037 scu
380 2002 605 2049 neglexeritis
623 2002 825 2049 adimplere,
853 2003 1016 2049 quatinus
1035 2003 1146 2037 citetis
1172 2003 1432 2051 perhemptorie
1461 2017 1576 2039 coram
1605 2005 1704 2039 nobis
1721 2011 1781 2040 aut

303 2059 413 2093 altero
440 2057 788 2092 filbconlervatorum
815 2058 874 2093 seu
906 2057 1209 2105 lilbdelegatorum
1239 2060 1435 2095 nostrorum
1470 2062 1711 2108 predictorum
1738 2061 1781 2095 de

301 2127 369 2160 quo
387 2114 522 2149 fueritis
539 2113 701 2160 requisiti,
721 2114 765 2149 ad
783 2115 874 2149 diem
892 2114 951 2149 seu
969 2115 1042 2149 dies
1060 2121 1310 2163 competentes,
1330 2130 1402 2151 non
1420 2117 1572 2158 feriatos,
1597 2117 1640 2152 de
1657 2117 1781 2164 quibus

303 2170 422 2204 diebus
441 2175 476 2204 et
493 2171 817 2205 adordinandorum
836 2170 894 2205 seu
914 2171 1134 2207 citandortini
1147 2172 1348 2207 nominibus
1358 2178 1419 2207 aut
1433 2173 1699 2219 cognominibus
1717 2185 1780 2207 nos

303 2232 336 2259 et
355 2225 595 2272 subdelegatos
610 2226 742 2261 nostros
761 2227 957 2262 certificetis
975 2232 1227 2275 competenter,
1243 2241 1364 2263 omnes
1382 2229 1460 2263 illos
1479 2234 1513 2263 et
1527 2229 1603 2263 illas
1621 2242 1707 2275 quos
1724 2229 1780 2263 vel

304 2294 387 2327 quas
405 2281 496 2316 lator
514 2282 725 2329 presentium
744 2283 842 2318 vobis
861 2284 1000 2318 duxerit
1017 2284 1251 2318 nominandos
1266 2290 1300 2319 et
1318 2285 1559 2326 nominandas,
1579 2285 1728 2331 querelis
1746 2291 1780 2319 et

306 2337 531 2383 petitionibus
550 2338 725 2374 dictorum
748 2339 987 2385 religiosorum
1008 2339 1064 2375 seu
1083 2340 1226 2375 alterius
1252 2340 1403 2387 ipsorum
1434 2341 1490 2375 vel
1517 2353 1638 2375 eorum
1656 2353 1779 2387 procu-
