1839 2652
169 249 214 284 66
566 245 879 282 REGISTRUM
908 245 1244 281 MONASTERII

172 345 258 378 lium
276 343 510 389 stirlingorum
531 342 578 376 eis
596 342 737 388 lingulis
755 341 854 375 annis
872 341 965 387 apud
984 339 1131 375 Pass'elet
1156 340 1350 380 solvendos,
1379 340 1422 373 ad
1450 339 1536 373 duos
1563 339 1644 373 anni

173 400 340 434 terminos
358 398 520 432 videlicet
550 398 773 431 medietatem
802 397 845 430 ad
875 395 1101 430 Pentecosten
1133 402 1167 430 et
1197 395 1419 429 medietatem
1450 395 1493 428 ad
1524 394 1644 428 festum

175 455 295 490 Saneti
315 453 463 487 Martini
481 454 517 486 in
535 453 671 499 hyeme,
703 451 772 486 fine
800 452 922 486 fraude
953 450 1011 485 seu
1038 451 1288 498 prorogatione
1306 450 1447 484 termini
1465 450 1646 495 longioris.

177 509 324 556 Insuper
343 506 583 542 concesserunt
602 513 636 542 et
653 506 803 554 presenti
821 506 947 553 scripto
965 507 1262 541 confirmaverunt
1279 506 1373 551 quod
1390 504 1414 538 fi
1432 505 1475 539 de
1491 504 1649 551 predffiko

176 565 198 601 J
202 566 350 604 ohanne,
370 569 450 598 ante
463 562 633 598 decefl'um
648 562 815 597 Cristiane
828 561 947 609 sponse
959 562 1028 603 sue,
1044 564 1224 609 contingat
1235 562 1447 601 humanitus,
1467 561 1562 607 quod
1575 573 1651 607 pre-

179 621 272 655 dieta
290 619 459 654 Cristiana
476 620 754 667 prenominatam
786 619 984 665 portionem
1010 623 1103 652 terre
1129 631 1208 652 cnm
1230 617 1448 665 pertinentiis
1476 616 1600 650 habeat
1619 621 1653 650 et

179 682 297 711 teneat
310 681 386 710 toto
405 681 562 722 tempore
581 676 650 709 vito
668 674 738 715 sue,
758 673 924 709 solvendo
943 674 1108 721 prediGtis
1127 673 1290 720 religiosis
1308 673 1486 707 annuatim
1499 685 1563 719 pro
1576 684 1653 719 pre-

180 733 275 768 dieta
292 738 386 767 terra
402 732 583 766 tresdecim
602 730 727 765 solidos
746 736 780 765 et
798 736 948 776 quatuor
969 730 1130 764 denarios
1155 730 1329 763 bonorum
1349 734 1382 762 et
1401 728 1564 774 legalium
1582 726 1653 761 stri-

181 789 358 835 lingorum
376 788 469 835 apud
488 785 634 821 Paffelet
664 787 708 820 ad
735 786 904 820 terminos
931 785 1149 832 prescriptos.
1202 785 1249 819 Et
1277 785 1457 831 predie'cus
1475 783 1655 819 Johannes

181 844 240 878 seu
258 844 501 891 prenominata
520 842 689 876 Cristiana
706 841 827 888 sponsa
844 840 903 875 sua
916 854 989 876 non
1003 841 1180 875 habebunt
1193 841 1397 888 potestatem
1415 852 1479 886 pro
1498 844 1656 886 tempore

183 901 255 942 suo,
275 901 552 948 prenominatam
572 899 770 946 portionem
789 904 881 932 terre
900 897 955 931 vel
974 897 1124 942 aliquam
1138 903 1272 943 partem
1288 894 1440 942 ejusdem
1459 895 1562 928 alicui
1580 906 1658 941 per·

183 957 266 992 sone
284 957 327 990 ad
345 957 480 990 firmani
508 956 601 995 dare,
622 955 868 1001 impignorare,
899 953 953 986 vel
982 952 1097 998 aliquo
1125 952 1228 985 titulo
1257 951 1475 985 alienationis
1493 950 1655 989 alienare,

183 1026 248 1061 per
259 1013 352 1059 quod
364 1012 529 1059 liredietis
541 1009 704 1056 religiosis
717 1010 917 1056 dampnum,
937 1020 1138 1054 gravamen,
1158 1007 1388 1054 prejudicium
1406 1006 1461 1040 vel
1479 1005 1658 1052 perturba-

186 1069 236 1103 tio
253 1067 353 1115 poffit
371 1067 542 1114 generari.
595 1066 641 1100 Et
658 1065 835 1100 sciendum
855 1064 901 1098 est
920 1064 1013 1110 quod
1032 1063 1191 1109 predicta
1212 1063 1328 1109 portio
1346 1068 1439 1096 terre
1458 1073 1536 1095 cum
1554 1061 1658 1107 perti-

187 1125 326 1164 nentiis,
366 1123 440 1170 post
470 1120 641 1157 decefl'uni
676 1134 810 1160 eorum,
847 1120 890 1153 ad
924 1119 1101 1166 predhstos
1135 1117 1312 1164 religiosos
1347 1123 1381 1151 et
1415 1116 1658 1150 monasterium

189 1193 311 1215 eorum
338 1180 445 1214 libere
464 1184 498 1213 et
516 1178 585 1212 fine
616 1178 711 1212 omni
741 1176 1003 1224 perturbatione
1021 1174 1079 1208 seu
1107 1174 1308 1219 gravamine
1326 1178 1534 1211 revertetur,
1561 1171 1660 1205 nullo

188 1236 420 1284 proponendo
455 1234 608 1268 obstante
642 1234 698 1268 vel
732 1233 895 1267 valituro.
965 1230 1009 1264 In
1039 1229 1137 1276 cujus
1170 1229 1221 1262 rei
1255 1228 1489 1262 testimonium
1523 1225 1661 1273 presens

189 1292 354 1339 scriptum
388 1292 424 1325 in
462 1291 607 1324 niodum
654 1288 827 1334 cirograffi
862 1287 908 1321 est
943 1286 1155 1324 eonfeetuni,
1192 1284 1290 1331 cujus
1323 1283 1413 1330 parti
1447 1295 1553 1330 penes
1586 1294 1662 1328 pre·

192 1349 304 1382 ᾶίἇὶοε
330 1347 352 1382 J
356 1347 530 1381 ohannein
565 1351 599 1379 et
634 1344 818 1379 Cristinam
853 1341 1008 1389 sponsam
1043 1340 1137 1375 suam
1172 1340 1367 1374 remanenti
1398 1338 1586 1386 appensum
1617 1338 1663 1371 est

192 1416 378 1438 commune
395 1401 543 1448 sigillum
562 1400 702 1447 capituli
730 1400 772 1433 de
793 1397 949 1438 Paffelet,
982 1403 1015 1431 et
1042 1397 1151 1431 altera
1168 1409 1257 1443 pars,
1277 1408 1344 1441 que
1362 1408 1468 1442 penes
1487 1394 1663 1441 predi&os

193 1458 370 1493 Abbatem
401 1463 435 1492 et
463 1462 676 1491 conventum
697 1460 864 1494 remanet,
894 1453 1008 1499 sigillis
1039 1453 1170 1486 domini
1201 1451 1323 1487 Jacobi
1342 1449 1514 1485 senescalli
1535 1450 1661 1488 Scotie‚

194 1514 325 1548 domini
346 1512 493 1546 lValteri
511 1512 553 1545 de
574 1510 766 1557 Lyndefiiy,
800 1510 932 1543 domini
959 1508 1146 1554 Reginaldi
1176 1508 1218 1541 de
1248 1506 1433 1546 Crauford,
1467 1512 1501 1539 et
1531 1504 1663 1538 domini

196 1569 346 1603 Simonis
365 1566 582 1606 Flandreus’,
601 1579 672 1600 una
690 1579 767 1600 cum
786 1564 895 1611 sigillo
914 1564 1133 1598 officialitatis
1145 1563 1240 1597 curie
1255 1560 1486 1607 Glasguensis,
1508 1567 1542 1594 et
1556 1560 1664 1605 figillo

194 1624 345 1672 preditffi
362 1622 533 1658 Johannis
552 1622 594 1655 de
614 1622 766 1661 Aldlius,
787 1621 831 1654 est
850 1620 1023 1653 roborata.
1079 1618 1157 1652 Hiis
1170 1617 1319 1657 testibus,
1340 1616 1483 1650 domino
1502 1615 1665 1649 Wilelmo

197 1681 240 1714 de
259 1679 383 1726 Soulys
395 1677 580 1725 justitiario
600 1676 795 1716 Laudonie,
816 1675 959 1709 domino
979 1675 1120 1709 Simone
1145 1673 1316 1713 Friclieel,
1344 1672 1485 1706 domino
1503 1671 1666 1706 Johanne

198 1735 334 1782 Soulys,
355 1733 497 1768 domino
518 1732 697 1766 Herberto
717 1732 759 1766 de
781 1730 947 1770 MaxweL
980 1730 1123 1764 domino
1143 1729 1297 1763 Radulfo
1319 1728 1470 1768 Heclin',
1504 1726 1667 1762 Gilberto

198 1793 241 1826 de
270 1788 536 1836 Cunigysburg’,
566 1788 728 1822 Arthuro
757 1788 799 1821 de
828 1786 1010 1826 Dunhou',
1042 1786 1206 1822 Johanne
1237 1785 1279 1819 de
1311 1784 1425 1824 Knoe,
1456 1783 1596 1818 Tlioma
1625 1782 1668 1816 de

199 1847 342 1886 Fuston,
363 1851 400 1880 et
418 1845 494 1879 aliis
518 1844 652 1878 multis.

201 2015 411 2061 Preceptum
431 2011 580 2046 Roberti
598 2009 771 2045 senescalli
791 2010 916 2050 Scotie,
937 2015 1033 2044 terre
1053 2009 1095 2043 de
1115 2008 1266 2043 Aldhus.

202 2123 480 2159 ROBERTUS
507 2121 710 2157 senescallus
737 2122 862 2162 Scotie,
892 2121 1034 2155 domino
1058 2119 1214 2155 Johanni
1241 2117 1436 2153 senescallo
1459 2117 1601 2151 domino
1628 2116 1671 2150 de

203 2180 378 2215 Crukston
407 2179 534 2213 ballivo
553 2178 669 2213 nostro
687 2178 730 2212 de
751 2178 899 2217 Renfru,
932 2176 1087 2210 salutem.
1141 2175 1235 2216 Quia
1255 2174 1508 2208 infeodationes
1526 2178 1560 2207 et
1578 2171 1672 2218 quas-

203 2236 281 2270 dam
296 2234 440 2268 misticas
452 2232 669 2281 pofleffiones
688 2232 927 2280 religiosorum
939 2232 1096 2266 virorum
1111 2231 1244 2265 domini
1262 2230 1410 2264 Abbatis
1428 2235 1462 2263 et
1480 2234 1673 2263 conventus

204 2292 246 2325 de
278 2289 447 2324 Paffeleto
479 2289 720 2335 distinguendo
749 2294 783 2323 et
813 2288 1018 2322 nominatim
1045 2287 1224 2321 caritative
1250 2298 1363 2332 nuper
1381 2283 1672 2323 confirmavimus,

204 2352 238 2382 et
255 2346 431 2381 libertates
445 2344 601 2392 pristinas
619 2343 745 2380 eisdem
764 2344 990 2392 approbando
1005 2343 1234 2383 inovavimus,
1255 2346 1290 2376 et
1303 2341 1347 2375 ob
1361 2340 1495 2376 caulam
1511 2354 1520 2382 ;
1549 2352 1617 2386 quo
1631 2339 1675 2374 ad
