1870 2683
599 267 670 302 DE
703 266 972 302 PASSELET.
1467 269 1538 300 413

59 368 174 402 theme
194 371 228 401 et
246 364 541 412 infangandthefe‚
575 370 609 398 et
639 365 721 398 alias
738 364 914 398 libertates
932 376 952 397 a
968 363 1109 410 prefatis
1129 362 1294 397 Wilelmo
1321 374 1403 409 rege
1423 361 1538 396 Scotie

59 429 93 458 et
116 423 269 457 Waltero
286 421 471 456 senescallo
490 427 524 455 et
542 434 663 455 eorum
682 419 927 455 suceefforibus
939 419 1028 466 juste
1047 419 1144 454 vobis
1160 418 1343 459 concessas,
1364 431 1442 453 cum
1462 430 1537 464 pra-

57 479 110 519 tis,
140 479 252 519 terris,
282 477 494 517 nemoribus,
523 476 672 523 usuagiis
691 483 725 511 et
743 477 884 523 pascuis,
917 477 953 510 in
971 475 1084 516 bosco,
1115 476 1151 509 in
1170 475 1286 522 plano,
1319 475 1355 509 in
1373 474 1480 520 aquis,
1502 479 1536 507 et

58 535 278 574 molendinis,
311 534 347 567 in
376 534 450 573 viis,
480 532 618 573 semitis,
639 538 673 567 et
691 533 852 567 omnibus
870 533 944 567 aliis
961 532 1178 567 libertatibus
1207 538 1241 566 et
1259 530 1535 565 immunitatibus

56 590 132 624 suis.
149 591 239 624 Sane
251 589 430 624 novalium
444 588 633 623 vestrorum
649 601 716 634 que
728 589 877 635 propriis
891 585 1048 622 manibus
1061 593 1121 622 aut
1133 587 1323 634 sumptibus
1338 584 1535 626 colitis,five

55 646 98 680 de
110 645 301 680 vestrorum
314 644 516 678 animalium
535 645 768 684 nutrimentis,
785 644 903 678 nullus
921 657 941 678 a
960 644 1056 678 vobis
1075 644 1225 678 decimas
1244 644 1383 689 exigere
1406 641 1460 676 vel
1480 654 1535 675 ex-

53 708 217 747 torquere
235 700 420 748 presumat.
473 700 594 734 Liceat
612 713 751 746 quoque
769 700 867 734 vobis
885 700 1029 734 clericos
1046 700 1101 735 vel
1120 700 1235 740 laicos,
1268 699 1396 733 liberos
1426 703 1461 732 et
1479 697 1535 731 ab-

51 756 181 792 solutos
200 770 218 792 e
236 757 350 791 seculo
369 756 543 801 fugientes
561 756 604 790 ad
623 755 882 791 conversionem
903 757 1057 803 recipere
1072 769 1111 790 ac
1125 769 1183 790 eos
1201 754 1326 801 absque
1341 754 1532 788 contradic-

51 814 146 847 tione
164 813 279 858 aliqua
296 812 459 846 retinere.
513 811 743 846 Prohibemus
762 811 900 859 insuper
917 818 957 846 ut
976 812 1064 846 nulli
1082 813 1229 846 fratrum
1248 811 1439 845 vestrorum
1460 809 1532 856 post

49 869 176 905 saetam
196 869 231 902 in
249 867 456 902 monasterio
474 866 585 900 vestro
604 865 847 913 professionem
865 869 914 903 fas
932 868 971 903 fit
988 867 1057 903 sine
1077 869 1224 903 Abbatis
1237 867 1284 902 sui
1301 867 1450 907 licentia,
1471 864 1531 899 nifi

49 925 209 959 arfifioris
235 924 413 970 religionis
441 923 599 963 obtentu,
630 924 673 958 de
704 924 828 959 eodem
859 925 937 959 loco
966 924 1140 959 discedere
1155 939 1164 967 ;
1193 924 1427 958 discedentem
1445 936 1529 957 vero

48 980 172 1027 absque
191 981 429 1015 communium
448 980 645 1014 litterarum
663 979 852 1014 vestrarum
880 981 1043 1015 cautione
1070 981 1188 1015 nullus
1214 981 1340 1014 audeat
1366 980 1529 1013 retinere.

49 1039 143 1073 Illud
162 1039 347 1073 distriefius
365 1038 561 1072 inhibentes
579 1051 623 1072 ne
642 1043 751 1072 terras
765 1037 832 1071 five
851 1036 1030 1083 quodlibet
1045 1036 1252 1071 beneficium
1269 1035 1406 1071 ecclesie
1422 1034 1530 1069 vestre
1546 1049 1607 1086 {vota
1626 1049 1686 1086 qaod
1705 1051 1815 1086 non'por.

47 1095 213 1129 collatum
232 1095 334 1129 liceat
351 1095 454 1129 alicui
473 1094 701 1141 personaliter
720 1095 793 1128 dari
811 1093 878 1128 five
905 1093 973 1128 alio
1000 1094 1106 1127 modo
1133 1093 1275 1128 alienari
1306 1093 1431 1139 absque
1450 1105 1530 1127 con·
1543 1081 1820 1143 }}¹,{{J¹‡{‡}¹e⁹},¹¹s{¹·{³a²³l,l}{¹u¹²l{d

46 1149 143 1185 sensu
161 1151 269 1185 totius
288 1151 428 1197 capituli
447 1150 503 1184 vel
521 1150 662 1196 majoris
681 1156 742 1184 aut
759 1149 901 1184 sanioris
920 1150 1026 1197 partis
1057 1149 1170 1196 ipsius.
1223 1150 1327 1195 Sique
1356 1162 1439 1184 vero
1471 1149 1531 1183 do-

46 1207 204 1240 nationes
223 1207 278 1241 vel
296 1206 523 1241 alienationes
541 1206 642 1240 aliter
660 1219 762 1252 quam
795 1206 929 1240 dffi‘cum
961 1206 1007 1240 est
1034 1206 1126 1241 fa&e
1157 1207 1299 1247 suerint,
1332 1219 1388 1240 eas
1416 1206 1530 1240 irritas

45 1261 111 1297 effe
130 1263 320 1297 censemus.
372 1262 526 1297 Licitum
553 1268 713 1310 preterea
730 1261 768 1297 fit
787 1262 883 1296 vobis
912 1263 948 1296 in
977 1261 1081 1297 caufis
1106 1263 1266 1310 propriis,
1298 1261 1365 1296 five
1393 1262 1528 1296 civilem

43 1317 111 1352 five
140 1319 356 1353 criminalem
388 1319 592 1353 contineant
622 1318 846 1364 questionem,
867 1318 1014 1352 fratrum
1033 1318 1226 1353 vestrorum
1244 1318 1446 1353 testimoniis
1463 1318 1526 1358 uti,

44 1387 88 1409 ne
107 1387 171 1422 pro
190 1375 329 1409 defefflzu
348 1375 483 1409 testium
496 1374 556 1421 jus
574 1374 724 1409 vestrum
742 1374 855 1409 valeat
886 1375 919 1408 in
950 1375 1066 1421 aliquo
1086 1375 1257 1422 deperire.
1310 1375 1354 1408 In
1372 1375 1528 1422 parochi-

43 1431 153 1465 alibus
171 1443 256 1465 vero
276 1430 423 1465 ecclesiis
441 1444 525 1477 quas
543 1430 675 1464 habetis
694 1430 795 1465 liceat
813 1430 910 1464 vobis
936 1430 1131 1465 sacerdotes
1157 1430 1339 1466 diocesano
1366 1431 1526 1479 episcopo

42 1486 252 1534 presentare,
281 1486 406 1532 quibus
423 1485 446 1521 fi
464 1487 593 1533 ydonei
612 1486 742 1520 fuerint
761 1487 939 1534 episcopus
965 1500 1084 1521 curam
1102 1488 1297 1521 animarum
1317 1489 1522 1529 committat,

42 1549 82 1578 ut
100 1544 131 1578 ei
150 1543 193 1577 de
210 1542 455 1590 spiritualibus,
476 1543 574 1577 vobis
592 1556 676 1577 vero
696 1543 738 1577 de
756 1543 1006 1590 temporalibus
1021 1543 1169 1577 debeant
1183 1542 1403 1590 respondere.
1432 1545 1523 1579 Cum

41 1605 157 1634 autem
176 1599 340 1646 generale
358 1605 451 1634 terre
478 1600 706 1634 interdietum
722 1599 836 1639 fuerit,
857 1599 959 1633 liceat
973 1599 1080 1640 vobis,
1102 1598 1220 1633 clausis
1232 1599 1360 1646 januis,
1382 1601 1523 1635 exclufis

42 1656 351 1691 excommunicatis
369 1661 404 1690 et
422 1656 628 1696 interdifitis,
649 1668 721 1689 non
740 1653 880 1702 pulsatis
892 1656 1077 1702 campaniS,
1097 1654 1269 1702 suppressa
1288 1669 1383 1696 voce,
1406 1657 1524 1692 divina

41 1712 154 1747 officia
171 1712 358 1746 celebrare.
416 1711 550 1747 Crisma
568 1724 663 1752 vero,
685 1711 801 1745 oleum
816 1711 985 1751 faustum,
1002 1711 1276 1746 consecrationes
1290 1712 1450 1747 altarium
1464 1713 1521 1748 seu

41 1767 265 1808 basilicarum,
297 1768 534 1802 ordinationes
553 1767 761 1802 clericorum
780 1767 837 1813 qui
866 1767 910 1801 ad
940 1766 1052 1801 sacros
1070 1767 1210 1802 ordines
1235 1768 1364 1802 fuerint
1383 1782 1521 1816 promo-

40 1825 156 1865 vendi,
178 1838 198 1858 a
217 1823 398 1859 diocesano
417 1823 603 1871 suscipietis
621 1822 780 1871 episcopo
798 1821 963 1869 siquidem
983 1823 1173 1857 catholicus
1190 1824 1295 1858 fuerit
1314 1830 1348 1858 et
1367 1838 1520 1860 commu-

40 1881 181 1915 nionem
201 1879 415 1914 sacrosanEloe
436 1880 597 1914 Romane
616 1879 702 1914 sedis
720 1879 890 1919 habuerit,
924 1885 958 1913 et
976 1892 1017 1913 ea
1034 1879 1131 1914 vobis
1151 1879 1300 1914 voluerit
1318 1879 1386 1916 fine
1405 1882 1519 1928 aliqua

40 1937 210 1984 pravitate
229 1936 404 1970 exhibere.
457 1935 687 1970 Prohibemus
704 1948 789 1970 vero
801 1941 840 1969 ut
859 1935 948 1970 infra
965 1936 1052 1970 fines
1070 1936 1313 1982 parochiarum
1329 1938 1517 1972 vestrarum

40 1993 168 2032 nullm,
176 1991 245 2026 fine
259 1990 391 2026 affensu
403 1991 574 2026 diocesani
587 1990 736 2038 episcopi
751 1997 785 2026 et
796 1991 918 2032 vestro,
929 1992 1096 2039 capellam
1104 1991 1162 2026 seu
1170 1993 1361 2026 oratorium
1375 1994 1416 2028 de
1424 2007 1517 2028 novo

40 2044 239 2083 construere
258 2048 395 2088 audeat,
427 2047 526 2082 salvis
543 2047 732 2094 privilegiis
750 2048 956 2094 pontificum
987 2048 1244 2082 Romanorum.
1295 2049 1517 2095 Sepulturam

39 2117 177 2150 quoque
197 2102 297 2150 ipfius
313 2103 381 2138 loci
401 2103 544 2138 liberam
563 2102 629 2138 effe
647 2104 867 2138 decernimus
884 2110 924 2138 ut
942 2117 1063 2138 eorum
1092 2104 1271 2138 devotioni
1297 2110 1332 2139 et
1362 2112 1517 2142 extreme

41 2160 215 2194 voluntati
232 2160 291 2205 qui
319 2158 352 2194 se
382 2159 452 2193 illic
469 2158 603 2206 sepeliri
622 2160 915 2200 deliberaverunt,
947 2158 1007 2193 nifi
1036 2159 1126 2194 sorte
1154 2162 1444 2196 excommunicati
1462 2164 1519 2198 vel

41 2216 220 2251 interdifi’ci
238 2214 312 2256 sint,
332 2215 451 2249 nullus
469 2214 611 2255 obsistat,
632 2214 723 2249 [alva
740 2221 858 2250 tamen
870 2215 1002 2262 justitia
1019 2215 1159 2250 illarum
1171 2215 1388 2251 ecclesiarum
1407 2231 1428 2252 a
1444 2221 1517 2265 qui-

41 2272 104 2306 bus
122 2277 342 2305 mortuorum
362 2284 509 2318 corpora
525 2269 753 2305 affi1muntur.
806 2270 971 2306 Obeunte
989 2284 1074 2306 vero
1101 2277 1135 2306 te
1165 2284 1260 2306 nunc
1279 2272 1429 2319 ejusdem
1449 2275 1516 2310 loci

44 2327 182 2364 Abbate
200 2327 256 2363 vel
274 2333 416 2362 tuorum
444 2327 599 2373 quolibet
628 2325 868 2369 successorum,
900 2327 1018 2362 nullus
1043 2327 1089 2362 ibi
1114 2328 1266 2374 qualibet
1284 2328 1513 2378 subreptionis
