1839 2652
179 284 249 320 216
579 277 894 316 REGISTRUM
922 274 1265 311 MONASTERII

183 380 372 428 piscariam.
425 377 573 424 Insuper
592 377 672 411 dedi
691 381 725 410 et
742 376 806 409 hac
824 379 919 409 carta
936 385 1014 407 mea
1031 371 1234 406 confirmavi
1263 369 1365 404 dictis
1384 368 1559 416 religiofis,
1588 382 1658 404 me-

184 436 334 470 remium
352 432 523 468 sufficiens
541 432 583 467 de
601 444 746 466 nemore
764 443 843 465 meo
862 430 905 464 de
924 427 1069 462 Bohtlul
1087 426 1142 461 vel
1169 426 1250 460 alibi
1274 425 1334 460 ubi
1362 425 1486 460 melius
1517 431 1552 460 et
1580 438 1660 473 pro-

184 490 347 538 pinquius
365 493 534 536 poterunt
553 487 747 533 adquirere,
777 485 846 520 fine
873 484 1099 524 distri6’done,
1128 488 1163 517 et
1180 488 1316 530 petram
1342 481 1403 516 ubi
1432 482 1661 529 propinquius

185 550 353 593 poterunt
371 544 544 584 invenire,
564 543 608 577 ad
626 542 897 577 construendum
916 546 951 575 et
968 539 1228 575 emendandum
1247 538 1376 572 dictam
1394 536 1572 584 piscariam
1588 551 1597 580 3
1628 542 1663 571 et

185 600 356 649 pasturam
377 600 459 634 06,ὶο
476 599 584 633 boum
614 598 672 633 vel
700 603 754 632 tot
783 597 931 631 aliorum
961 595 1164 629 animalium
1195 594 1232 628 in
1263 593 1441 628 communi
1458 592 1594 640 pastura
1619 592 1662 627 de

187 656 334 691 Bohtlul
349 656 392 690 ad
411 655 613 690 cariandum
633 654 767 689 (11610111
785 652 992 687 meremium
1013 656 1048 685 et
1064 656 1199 698 petram
1214 648 1513 696 quotienscunque
1530 646 1663 682 neceffe

187 713 303 752 fuerit,
332 716 366 746 et
384 710 494 745 focale
513 711 557 745 ad
574 709 857 745 sustentationem
875 707 1086 754 piscatorum
1114 706 1243 740 di&am
1269 704 1448 752 piscariam
1474 703 1665 739 custodien—

187 769 286 808 tium,
316 767 358 802 de
377 772 520 801 mortuo
538 765 667 800 boscho
687 770 721 800 et
745 765 885 812 jacente
904 764 940 798 in
959 775 1103 797 nemore
1132 762 1174 796 de
1204 761 1361 796 Bohtlul.
1412 760 1603 796 Tenendas
1628 766 1663 795 et

185 823 362 858 habendas
374 823 416 857 de
430 835 486 857 me
505 827 539 856 et
551 821 738 856 heredibus
756 821 841 854 meis
859 818 1026 866 predictis
1044 817 1208 865 religiosis
1223 818 1492 865 imperpetuum,
1508 817 1545 851 in
1562 816 1665 851 liber-

185 892 252 920 am,
280 891 403 926 puram
434 883 469 912 et
498 882 707 925 perpetuam
738 874 972 915 elemosinam,
999 874 1119 915 libere,
1147 875 1264 920 quiete
1292 879 1326 908 et
1351 873 1505 921 pacifice,
1534 878 1569 907 et
1593 871 1662 906 fine

187 935 283 969 omni
317 933 582 981 perturbatione
617 933 673 967 vel
705 932 909 979 gravamine
944 931 1013 965 mei
1046 930 1103 965 vel
1130 930 1300 965 heredum
1329 942 1489 964 meorum
1506 943 1515 972 3
1561 928 1664 964 Salva

188 991 273 1025 mihi
307 996 342 1024 et
369 989 555 1024 heredibus
594 989 679 1023 meis
719 989 755 1022 in
798 993 1007 1035 perpetuum
1036 987 1223 1021 medietate
1258 986 1416 1020 omnium
1450 984 1591 1032 piscium
1628 990 1662 1019 et

187 1047 336 1081 aliorum
372 1046 528 1080 omnium
563 1058 630 1091 que
659 1045 694 1079 111
725 1044 819 1078 [11613
845 1042 989 1090 piscaria
1019 1043 1214 1090 capiuntur.
1268 1042 1315 1076 Et
1341 1041 1491 1089 predicti
1517 1039 1664 1087 religiosi

186 1103 381 1150 predifiifflm
400 1099 577 1148 piscariam
596 1100 745 1148 propriis
763 1098 954 1146 sumptibus
972 1098 1039 1133 suis
1057 1099 1093 1132 in
1112 1098 1273 1132 omuibus
1298 1103 1333 1132 et
1362 1096 1503 1143 fingulis
1522 1097 1660 1136 facient,

188 1157 425 1193 emendabunt
443 1162 478 1191 et
495 1156 720 1196 sustinebunt,
749 1155 915 1201 quamdiu
944 1167 1009 1200 ego
1029 1160 1064 1189 et
1081 1154 1227 1188 heredes
1254 1154 1323 1188 mei
1348 1154 1462 1187 dictos
1488 1152 1666 1199 religiosos

189 1215 233 1249 ad
250 1214 317 1248 hoc
334 1213 531 1248 faciendum
549 1212 777 1247 warantizare
795 1210 988 1257 poterimus
1006 1216 1040 1244 et
1059 1210 1260 1245 defendere.
1314 1209 1357 1244 In
1377 1209 1475 1256 cujus
1501 1209 1552 1243 rei
1577 1208 1666 1243 testi-

190 1271 347 1305 monium
365 1268 515 1316 presenti
532 1267 658 1314 scripto
677 1265 825 1313 figillum
845 1279 961 1300 meum
993 1267 1075 1301 duxi
1096 1266 1356 1314 apponendum.
1409 1265 1544 1300 Datum
1571 1265 1663 1312 apud

192 1326 331 1360 Renfru
355 1325 409 1359 die
429 1324 549 1359 Sancti
566 1322 748 1357 Valentini
767 1322 917 1356 martiris
935 1323 1017 1356 anni
1035 1323 1146 1369 gratie
1165 1321 1333 1356 millesimi
1352 1320 1577 1356 ducentesimi
1595 1321 1666 1368 sep-

190 1380 368 1428 tuagefimi
387 1380 492 1415 tertii.
546 1379 626 1413 Hiis
643 1378 794 1418 testibus,
824 1377 985 1424 Eugenio
1013 1379 1203 1426 capellano,
1234 1378 1351 1412 Alano
1379 1378 1421 1412 de
1452 1377 1664 1417 Duochnan,

191 1438 356 1473 Gssberto
376 1437 447 1471 filio
467 1434 667 1475 Absolonis,
697 1434 891 1469 Malcolmo
910 1435 951 1469 de
971 1435 1212 1474 Drummund,
1242 1433 1382 1468 Thoma
1399 1434 1471 1467 filio
1492 1433 1666 1468 Summer-

191 1495 272 1535 ledi,
300 1493 462 1529 Johanne
490 1491 604 1531 Knoc,
633 1490 774 1525 Thoma
804 1490 847 1524 de
878 1490 1020 1531 Fulton,
1048 1490 1212 1526 Johanne
1244 1489 1359 1530 Pride,
1389 1489 1566 1536 Stephano
1592 1488 1665 1523 filio

193 1550 337 1585 Ricardi
356 1549 490 1595 Thoyr,
523 1547 629 1582 Petro
659 1545 732 1580 filio
765 1545 959 1586 Malcolmi,
990 1546 1149 1580 Henrico
1177 1546 1250 1580 filio
1279 1545 1460 1586 waemie,
1490 1545 1597 1580 Petro
1623 1546 1665 1579 de

194 1605 322 1646 11111113,
344 1605 458 1640 Alano
478 1604 520 1638 de
540 1603 681 1642 Fulton,
711 1601 877 1636 Wilelmo
896 1602 939 1636 de
960 1601 1075 1643 Knoc‚
1088 1601 1252 1638 Johanne
1270 1602 1343 1636 filio
1362 1602 1478 1642 Alani,
1496 1607 1530 1636 et
1548 1601 1665 1636 multis

193 1663 278 1697 aliis.

197 1829 357 1866 Secunda
375 1826 543 1863 concessio
564 1826 783 1866 Maldoveni,
811 1826 854 1860 de
873 1825 1051 1872 Lynbren.

196 1938 563 1976 MALDOVENUS
589 1950 704 1973 comes
722 1937 764 1972 de
784 1936 950 1971 Levenax
981 1937 1141 1972 omnibus
1166 1939 1283 1973 amicis
1313 1944 1347 1973 et
1378 1938 1575 1973 hominibus
1600 1937 1666 1972 suis

195 1996 410 2044 presentibus
429 2002 464 2031 et
481 1996 606 2030 futuris
633 1994 790 2028 salutem.
843 1993 963 2027 Sciatis
993 2005 1048 2027 me
1076 2007 1140 2040 pro
1170 1994 1278 2029 salute
1307 1994 1456 2028 Domini
1483 1994 1551 2029 mei
1576 1994 1667 2040 regis

196 2053 400 2093 Alexandri,
429 2058 463 2087 et
481 2064 545 2098 pro
563 2050 671 2085 salute
689 2050 804 2084 anime
822 2062 899 2084 mee
917 2054 952 2083 et
970 2047 1220 2084 antecefforum
1240 2056 1274 2084 et
1301 2050 1470 2084 heredum
1494 2062 1665 2090 meorum,

198 2107 335 2150 dediffe,
364 2105 556 2143 conceffiffe
587 2112 621 2141 et
650 2106 714 2140 hac
741 2111 835 2140 carta
860 2117 938 2139 mea
964 2104 1178 2139 confirmafl'e
1198 2105 1279 2140 Deo
1306 2111 1341 2140 et
1372 2105 1508 2140 Sanctis
1533 2105 1665 2141 Jacobo

198 2172 232 2200 et
260 2164 394 2199 Mirino
421 2164 463 2198 de
493 2161 640 2198 Pafl'elet
669 2167 704 2196 et
733 2161 911 2195 monachis
937 2161 1063 2195 ibidem
1097 2161 1178 2196 Deo
1209 2161 1447 2202 servientibus,
1472 2174 1584 2196 unum
1610 2162 1666 2195 iar

197 2222 297 2269 super
315 2234 452 2256 amnem
472 2221 514 2256 de
533 2220 654 2254 Leven
674 2232 717 2254 ex
737 2224 883 2264 utraque
901 2224 998 2265 parte
1017 2218 1127 2251 amnis
1144 2217 1341 2252 faciendum
1361 2223 1396 2252 et
1412 2217 1611 2252 habendum
1629 2217 1665 2250 in

197 2284 291 2312 terra
309 2290 385 2311 mea
401 2277 461 2310 ubi
480 2276 602 2310 melius
619 2275 797 2309 voluerint
815 2280 850 2309 et
867 2273 975 2309 visum
1006 2273 1111 2308 fuerit
1130 2273 1178 2307 eis
1197 2273 1386 2320 expedire3
1416 2273 1472 2307 Ita
1488 2272 1581 2319 quod
1600 2284 1664 2317 ego

197 2340 231 2368 et
248 2333 392 2368 heredes
411 2333 479 2368 mei
498 2332 699 2367 habebimus
716 2343 822 2366 unam
841 2330 1062 2365 medietatem
1082 2329 1174 2364 illius
1191 2327 1332 2376 piscarie
1351 2334 1385 2363 et
1411 2327 1572 2363 monachi
1589 2340 1664 2374 pre-
