1870 2683
657 255 726 289 DE
760 253 1028 289 PASSELET.
1514 254 1583 286 <203

102 353 150 387 eis
167 353 323 387 remedio
340 351 536 392 subvenire,
555 364 617 399 per
635 352 730 398 quod
748 350 899 399 ipsorum
920 349 1156 398 compescatur
1172 348 1349 383 temeritas
1368 351 1403 381 et
1420 345 1494 380 aliis
1512 346 1581 380 adi-

101 414 156 443 tus
174 408 416 443 committendi
434 407 554 442 fimilia
571 408 808 455 precludatur,
829 406 1027 442 discretioni
1045 405 1154 440 vestre
1173 417 1235 452 per
1253 403 1439 451 apostolica
1456 402 1582 448 scripta

100 464 306 499 mandamus
336 465 499 511 quatinus
518 477 579 499 vos
598 464 652 499 vel
672 465 742 498 duo
761 470 821 498 aut
839 476 931 498 unus
949 462 1097 497 vestrum
1125 474 1187 508 per
1213 473 1276 494 vos
1302 459 1358 494 vel
1383 471 1447 506 per
1473 458 1579 492 alium

98 518 156 554 seu
176 520 271 561 alios,
303 521 406 555 etiam
424 519 448 554 fi
466 519 530 555 fint
549 526 648 555 extra
664 520 741 555 loca
768 520 803 553 in
831 519 954 565 quibus
981 518 1138 565 deputati
1165 517 1240 551 estis
1266 514 1527 550 conservatores
1545 520 1580 548 et

93 575 241 622 judices,
271 576 461 616 abbatibus,
490 576 675 623 prioribus,
697 575 847 616 decanis,
878 574 1107 609 conventibus
1127 579 1161 608 et
1180 572 1340 607 domibus
1358 584 1397 606 ac
1416 571 1579 605 membris

97 632 275 678 predictis,
308 632 455 667 efficacis
486 631 692 666 defentionis
710 630 856 679 prefidio
875 630 1069 670 affil’centes,
1103 642 1175 664 non
1202 628 1412 676 permittatis
1441 626 1578 662 eosdem

96 688 198 735 iuper
217 688 383 735 premissis
401 693 436 723 et
454 687 658 734 quibussibet
675 688 749 722 aliis
768 688 867 722 bonis
893 693 927 721 et
950 687 1089 734 juribus
1108 686 1151 720 ad
1169 685 1258 733 ipsos
1284 684 1519 732 spe6'fflntibus
1536 684 1578 718 ab

97 743 224 779 eisdem
255 751 289 779 et
316 743 577 791 quibuscunque
595 744 669 778 aliis
687 743 762 791 ipfis
780 744 984 790 gravamina
1001 743 1060 777 seu
1087 742 1239 789 dampna
1256 741 1312 775 vel
1331 740 1474 787 injurias
1493 740 1578 774 irro-

94 801 169 846 gari
185 815 195 843 ;
223 801 349 835 fa&uri
367 799 453 848 ipfis,
480 813 559 835 cum
578 800 620 834 ab
635 801 682 834 eis
694 800 751 834 vel
770 813 892 835 eorum
905 799 1020 845 aliquo
1035 799 1093 832 seu
1106 802 1333 845 procuratore
1347 797 1400 830 vel
1414 809 1578 843 procura-

94 856 228 891 toribus
247 857 440 891 eorundem
459 856 514 891 vel
533 856 679 903 alicujus
697 869 819 891 eorum
838 856 973 891 fueritis
991 853 1152 900 requifiti,
1186 853 1228 887 de
1247 852 1413 900 predictis
1443 859 1477 886 et
1503 853 1578 886 aliis

93 911 247 959 personis
261 912 476 959 quibussibet,
492 911 595 959 super
608 912 825 947 restitutione
837 912 1068 960 prioratuum,
1083 910 1327 948 decanatuum,
1344 907 1574 947 ecclesiarum,

91 971 330 1016 grangiarum,
351 969 552 1010 castrorum,
581 969 754 1010 casalium,
783 974 969 1008 terrarum,
1001 964 1256 1014 poffessionum‚
1279 963 1575 1011 jurisdififionum,

87 1026 221 1072 jurium
241 1032 275 1061 et
293 1026 467 1061 bonorum
486 1026 717 1060 immobilium
736 1031 771 1060 et
788 1024 982 1063 mobilium,
1002 1022 1202 1056 reddituum
1217 1032 1356 1066 quoque
1374 1026 1409 1054 et
1428 1033 1575 1067 proven-

91 1088 190 1117 tuum
211 1088 245 1118 et
263 1083 411 1117 aliorum
430 1095 720 1129 quorumcunque
736 1082 922 1120 bonorum,
943 1091 1081 1113 necnon
1101 1077 1144 1111 de
1163 1075 1367 1123 quibussibet
1386 1076 1520 1123 injuriis
1540 1084 1573 1111 et

91 1139 262 1180 molestiis,
283 1139 499 1187 presentibus
516 1145 550 1174 et
564 1140 702 1179 futuris,
723 1139 758 1172 in
772 1137 927 1186 personis
941 1142 975 1170 et
989 1135 1092 1169 rebus
1106 1132 1270 1180 ipsorum,
1287 1136 1322 1166 in
1335 1133 1401 1166 illis
1415 1133 1575 1167 videlicet

90 1208 157 1240 que
170 1195 375 1242 judicialem
393 1196 578 1242 requirunt
596 1195 798 1242 indaginem
816 1192 1014 1240 {impliciter
1029 1196 1063 1224 et
1082 1190 1124 1223 de
1143 1189 1260 1236 plane,
1293 1187 1361 1223 fine
1380 1188 1522 1236 strepitu
1543 1196 1576 1223 et

90 1251 203 1297 figura
225 1251 361 1299 judicii,
395 1252 430 1286 in
462 1251 536 1286 aliis
554 1264 639 1286 vero
660 1256 766 1298 prout
784 1250 930 1297 qualitas
949 1260 1071 1283 eorum
1090 1247 1247 1292 exigerit,
1270 1245 1400 1292 justitie
1427 1247 1577 1292 comple-

90 1313 249 1342 mentum
265 1322 274 1351 ;
296 1313 523 1355 occupatores
537 1307 594 1342 seu
610 1308 822 1346 detentores,
844 1304 1090 1343 molestatores,
1111 1301 1369 1349 presumptores
1383 1308 1417 1336 et
1431 1302 1572 1349 injuria-

90 1370 183 1398 tores
202 1363 413 1411 hujusmodi,
433 1377 570 1398 necnon
591 1363 868 1398 contradictores
897 1360 1065 1407 quossibet
1096 1365 1130 1393 et
1160 1358 1307 1392 rebelles
1338 1357 1572 1405 cujuscunque

90 1419 210 1461 status,
231 1421 363 1455 ordinis
381 1420 437 1455 vel
456 1420 678 1460 conditionis,
699 1419 800 1454 etiam
820 1417 843 1452 fi
861 1415 1157 1463 archiepiscopalis
1171 1414 1227 1448 vel
1247 1413 1447 1461 episcopalis
1465 1415 1574 1461 digni-

89 1476 169 1510 tatis
187 1477 379 1517 extiterint,
401 1477 681 1523 quandocunque
701 1474 905 1523 expedierit,
927 1473 1138 1507 auctoritate
1157 1469 1282 1510 nostra,
1315 1482 1376 1517 per
1395 1469 1574 1505 censuram

90 1531 357 1574 ecclefiasticam‚
378 1533 612 1580 appellatione
630 1530 822 1580 postposita,
843 1527 1105 1576 compescend0‚
1126 1528 1289 1560 invocato
1302 1526 1345 1559 ad
1357 1526 1423 1560 hoc
1437 1524 1459 1559 fi
1471 1526 1574 1560 fuerit

91 1602 178 1636 opus
196 1589 327 1623 auxilio
345 1589 476 1623 brachii
494 1587 655 1623 secularis
670 1603 679 1631 ;
708 1600 781 1622 non
800 1585 1011 1621 obstantibus
1029 1584 1136 1619 felicis
1155 1582 1407 1617 recordationis
1435 1582 1573 1616 Bonifa-

91 1646 133 1680 cii
151 1658 239 1693 pape
259 1646 375 1681 06tavi
393 1643 640 1692 predecessoris
658 1644 765 1679 nostri
783 1644 819 1677 in
837 1642 962 1689 quibus
981 1646 1124 1676 cavetur
1150 1653 1194 1673 ne
1221 1639 1343 1685 aliquis
1362 1644 1461 1673 extra
1479 1638 1572 1673 suam

91 1702 266 1736 civitatem
285 1707 345 1736 aut
363 1700 534 1742 diocesim,
555 1700 617 1735 nifi
635 1701 671 1735 in
690 1700 792 1735 certis
811 1699 964 1746 exceptis
983 1695 1122 1736 cafibus‚
1157 1702 1191 1730 et
1209 1696 1245 1729 in
1273 1695 1338 1729 illis
1357 1695 1450 1729 ultra
1466 1708 1571 1730 unam

92 1758 219 1792 dietam
239 1771 259 1791 a
276 1757 346 1792 fine
364 1757 422 1792 sue
441 1756 592 1797 diocesis,
613 1757 656 1791 ad
669 1757 842 1804 judicium
863 1760 1030 1790 evocetur
1048 1767 1056 1795 3
1085 1752 1144 1787 seu
1162 1765 1207 1786 ne
1231 1752 1367 1798 judices
1386 1757 1420 1785 et
1439 1751 1571 1785 conser-

92 1819 229 1847 vatores
247 1827 267 1847 a
284 1813 362 1848 sede
381 1814 537 1861 deputati
556 1813 717 1860 predifi'ffl
735 1818 833 1847 extra
851 1811 1027 1845 civitatem
1057 1814 1091 1843 et
1119 1806 1277 1842 diocesim
1310 1808 1345 1841 in
1373 1807 1497 1853 quibus
1515 1809 1572 1842 de-

91 1869 203 1916 putati
221 1869 352 1903 fuerint
370 1875 493 1903 contra
518 1868 742 1915 quoscunque
769 1867 970 1916 procedere,
999 1865 1066 1900 five
1095 1865 1163 1899 alio
1190 1864 1246 1898 vel
1272 1864 1347 1898 aliis
1377 1864 1469 1898 vices
1497 1863 1571 1898 suas

93 1925 323 1966 committere,
343 1930 404 1959 aut
422 1925 555 1971 aliquos
573 1925 666 1959 ultra
683 1937 790 1959 unam
809 1924 937 1959 dietam
952 1937 972 1958 a
985 1924 1055 1957 fine
1070 1920 1210 1957 diocefis
1225 1921 1418 1956 eorundem
1433 1921 1571 1955 trahere

93 1980 318 2028 presumant3
347 1979 405 2015 seu
423 1981 516 2027 quod
536 1981 578 2015 de
596 1981 670 2015 aliis
688 1993 791 2027 quam
823 1981 866 2015 de
896 1979 1082 2014 manifestis
1111 1978 1246 2025 injuriis
1275 1983 1310 2011 et
1341 1976 1515 2010 violentiis
1533 1990 1571 2010 ac

94 2038 169 2072 aliis
187 2050 255 2084 que
267 2037 468 2085 judicialem
489 2037 689 2084 indaginem
708 2038 864 2084 exigunt,
896 2037 995 2084 penis
1021 2036 1056 2069 in
1083 2048 1142 2069 eos
1168 2034 1190 2068 fi
1217 2033 1312 2067 secus
1330 2033 1465 2079 egerint
1484 2038 1518 2066 et
1536 2034 1571 2066 in

95 2094 130 2128 id
147 2098 375 2141 procurantes
393 2093 549 2140 adjectis,
583 2093 844 2128 conservatores
874 2091 907 2127 se
936 2092 1139 2126 nullatenus
1156 2089 1394 2124 intromittant
1410 2102 1419 2130 3
1449 2093 1483 2122 et
1501 2095 1570 2122 tam

97 2150 140 2184 de
159 2149 295 2183 duobus
314 2149 414 2183 dietis
432 2149 469 2182 in
487 2147 628 2183 confilio
646 2149 813 2195 generali,
847 2147 1038 2183 dummodo
1056 2146 1149 2180 ultra
1166 2145 1303 2180 tertiam
1332 2144 1387 2178 vel
1414 2150 1571 2190 quartam

97 2206 224 2240 dietam
244 2204 367 2250 aliquis
386 2210 485 2238 extra
502 2203 596 2238 suam
615 2204 791 2238 civitatem
822 2209 856 2238 et
886 2201 1045 2237 diocefim
1072 2201 1282 2236 auctoritate
1299 2199 1510 2247 presentium
1529 2201 1572 2234 ad

91 2259 263 2306 judicium
282 2271 354 2292 non
371 2259 541 2298 trahatur,
573 2271 676 2305 quam
703 2259 777 2292 aliis
795 2258 1054 2305 quibuscunque
1073 2257 1373 2293 constitutionibus
1403 2270 1423 2291 a
1451 2257 1574 2304 prede-

99 2314 284 2350 cefforibus
303 2314 426 2350 nostris
446 2314 616 2350 Romanis
633 2314 856 2363 pontificibus
873 2321 944 2350 tam
963 2315 1006 2350 de
1026 2314 1213 2362 judicibus,
1242 2314 1408 2360 delegatis
1435 2320 1469 2348 et
1496 2327 1577 2348 con·

1607 465 1795 488 conservatorum

1622 498 1726 521 faciltas.
