1870 2683
795 267 866 302 DE
893 267 1162 302 PASSELET.
1624 274 1695 310 395

218 365 322 399 bilem
351 365 465 399 virum
493 364 692 410 magistrum
725 363 934 398 Michaelem
965 364 1113 411 Flemyn
1142 365 1350 399 canonicum
1385 364 1635 412 Glasguensem
1654 380 1697 401 ex

218 426 317 468 parte
334 420 482 460 australi,
502 420 658 467 partibus
675 420 717 454 ab
735 420 854 460 altera,
888 426 923 454 et
941 421 1006 454 hoe
1024 433 1086 466 per
1105 420 1134 454 le
1151 420 1232 466 ltesp
1259 426 1293 454 et
1308 421 1442 467 stapill
1457 427 1496 456 ut
1514 422 1561 456 est
1578 424 1695 463 moris,

219 477 255 510 in
274 477 432 511 manibus
452 477 658 511 ballivorum
678 475 745 510 five
763 477 867 510 unius
885 476 1001 510 ballivi
1021 476 1101 509 ville
1121 482 1155 510 et
1175 477 1322 510 civitatis
1342 476 1574 524 Glasguenfis‚
1598 479 1634 513 in
1651 479 1698 514 fa-

220 545 341 567 vorem
360 532 568 567 venerabilis
586 533 691 579 patris
713 532 859 566 Roberti
879 531 1097 578 permistione
1126 533 1244 566 divina
1275 532 1406 567 abbatis
1438 534 1480 568 de
1513 534 1645 569 Passeto
1664 542 1698 570 et

221 594 416 623 conventus
435 588 599 635 ejusdem,
621 594 655 622 et
673 588 739 622 hoc
758 600 835 622 cum
853 586 984 622 affensu
1003 594 1036 622 et
1056 588 1222 623 consensu
1237 589 1369 623 domini
1385 589 1503 624 David
1520 591 1699 638 Akynhed

221 645 368 679 Υθὸὶοῑίε
387 645 429 679 de
453 644 599 678 Holdon
618 643 681 677 filii
700 649 734 678 et
753 644 890 677 heredis
908 643 1008 689 ipfius
1026 644 1198 679 ,Iohannis
1218 645 1397 692 Akynhed
1417 646 1544 680 ibidem
1563 647 1699 694 presen-

222 701 264 734 tis
283 706 317 735 et
334 699 494 747 premiffa
512 701 587 734 fieri
607 699 787 739 causantis,
821 705 855 733 et
873 700 938 734 hoc
957 713 1021 747 pro
1040 706 1136 736 certa
1153 702 1301 748 pecunie
1319 702 1451 736 summa
1468 701 1524 736 fibi
1544 703 1699 738 Johanni

222 762 256 790 et
275 756 418 790 domino
438 756 556 790 David
574 769 637 803 per
655 755 744 802 ipsos
765 756 938 790 Abbatem
959 763 993 790 et
1011 762 1225 791 conventum
1244 762 1304 791 aut
1322 770 1444 792 eorum
1459 759 1610 794 fafitores
1623 773 1700 807 per-

221 812 343 846 soluta.
396 811 556 846 Promifit
574 811 713 858 insuper
732 812 847 846 dictus
866 812 1038 852 dominus,
1071 813 1283 848 constituens
1302 814 1386 848 mihi
1404 816 1542 850 notario
1560 817 1699 863 publico

221 867 408 914 subscripto
439 868 607 915 stipulam,
640 867 673 902 se
704 873 818 902 ratum
852 873 886 902 et
915 874 1066 914 gratum,
1099 869 1239 903 firmum
1259 876 1362 916 atque
1380 870 1496 905 stabile
1515 872 1698 908 habentem

223 929 257 957 et
275 924 475 958 habiturum
492 930 608 958 totum
627 924 662 957 id
681 929 715 957 et
733 924 897 970 quicquid
927 937 989 970 per
1008 924 1120 958 dictos
1138 924 1217 959 suos
1235 931 1481 972 procuratores
1499 933 1559 961 aut
1578 942 1700 963 eorum

223 979 373 1025 aliquem
391 980 427 1013 in
445 978 611 1026 premiffis
629 980 760 1020 aetum,
781 980 926 1020 dictum,
946 979 1078 1025 gestum
1098 993 1140 1014 ve
1159 987 1386 1028 procuratum
1404 983 1520 1024 fuerit,
1540 983 1601 1018 sub
1618 998 1701 1032 ypo-

223 1035 324 1069 theca
353 1042 387 1069 et
418 1036 630 1081 obligatione
650 1036 807 1070 omnium
827 1035 1000 1070 bonorum
1018 1035 1160 1071 suorum
1181 1037 1361 1072 mobilium
1392 1044 1426 1073 et
1456 1040 1699 1083 immobilium,

223 1091 434 1138 presentium
453 1097 487 1125 et
504 1092 718 1126 futurorum.
771 1091 883 1139 Super
900 1092 1024 1137 quibus
1043 1093 1202 1127 omnibus
1215 1100 1249 1128 et
1264 1094 1403 1141 lingulis
1421 1096 1575 1143 prefatus
1594 1099 1702 1132 domi-

224 1159 289 1181 nus
308 1147 426 1181 David
446 1147 623 1194 Akynhed
644 1148 744 1194 petiit
770 1161 790 1181 a
815 1161 870 1182 me
889 1149 1027 1182 notario
1046 1149 1186 1196 publico
1205 1149 1394 1198 subscripto
1421 1150 1480 1187 fibi
1498 1153 1573 1188 fieri
1591 1168 1701 1191 unum

225 1211 260 1238 et
286 1205 388 1251 plura
405 1205 584 1251 publicum
616 1211 651 1239 et
681 1205 821 1252 publica
837 1205 1105 1239 instrumentum
1134 1212 1168 1240 et
1199 1207 1436 1242 instrumenta.
1490 1210 1586 1245 Acta
1604 1219 1703 1247 erant

226 1261 289 1295 hec
306 1261 342 1294 in
361 1261 466 1294 domo
485 1260 587 1307 ipfius
604 1261 777 1296 Johannis
794 1260 916 1295 fituata
934 1261 1023 1295 infra
1037 1262 1186 1308 burgum
1205 1263 1246 1297 de
1264 1264 1459 1310 Ruthglen,
1479 1266 1600 1301 horam
1614 1269 1704 1304 circa

226 1317 409 1351 secundam
429 1316 502 1364 post
520 1317 714 1357 meridiem,
747 1317 807 1351 sub
825 1329 929 1357 anno,
960 1317 1086 1359 mense,
1116 1319 1182 1359 die,
1217 1319 1410 1355 induitione
1439 1327 1473 1355 et
1498 1324 1704 1370 pontificatu

226 1372 351 1418 quibus
368 1372 493 1419 supra3
525 1372 746 1407 Presentibus
763 1373 892 1407 ibidem
911 1373 1063 1408 discretis
1081 1375 1164 1408 viris
1175 1375 1197 1411 J
1201 1375 1338 1410 ohanne
1352 1376 1574 1420 Calderwod,
1595 1380 1706 1414 domi-

228 1441 274 1462 no
293 1427 480 1462 Nicholaio
500 1428 598 1463 Dwn
616 1429 807 1475 capellano,
839 1429 1003 1464 ,Iohanne
1023 1430 1192 1471 Steward,
1214 1431 1372 1478 GeorgIO
1392 1433 1571 1476 Armowr,
1593 1441 1627 1470 et
1645 1436 1705 1472 Jo-

228 1485 343 1519 hanne
363 1484 469 1531 Byrd,
491 1497 569 1518 cum
589 1483 728 1519 diverfis
746 1485 820 1519 aliis
838 1485 978 1519 testibus
992 1486 1035 1520 ad
1049 1485 1209 1533 premifl'a
1221 1488 1350 1522 vocatis
1363 1489 1493 1536 pariter
1511 1496 1545 1525 et
1563 1494 1703 1538 rogatis.

324 1540 372 1575 Et
390 1553 456 1587 ego
475 1539 631 1575 Thomas
651 1540 834 1587 Conygam
852 1541 1019 1588 presbiter
1037 1541 1258 1588 Glasguenfis
1289 1543 1439 1585 diocefis,
1468 1546 1568 1581 saeris
1585 1549 1705 1583 aucto-

323 1596 484 1630 ritatibus
502 1595 699 1643 apostolica,
719 1597 890 1643 imperiali
909 1603 942 1631 et
961 1597 1069 1643 regali
1088 1599 1244 1632 notarius
1258 1599 1426 1646 publicus,
1447 1602 1527 1647 quia
1539 1603 1704 1650 premiffis

324 1652 486 1686 omnibus
513 1658 549 1686 et
575 1651 717 1698 lingulis
735 1652 817 1686 dum
838 1652 881 1687 fic
911 1659 949 1687 ut
980 1654 1196 1700 premittitur
1222 1662 1422 1701 agerentur,
1453 1658 1653 1694 dicerentur
1671 1667 1705 1695 et

325 1707 452 1742 fierent
468 1721 621 1742 unacum
640 1709 891 1755 prenominatis
919 1708 1058 1743 testibus
1088 1709 1226 1756 presens
1256 1712 1386 1757 pariter
1413 1713 1567 1755 interfui,
1597 1729 1705 1763 eaque

327 1764 444 1797 omnia
463 1769 498 1798 et
514 1763 647 1810 fingula
664 1763 706 1798 fic
724 1764 811 1804 fieri,
841 1765 918 1805 dici,
948 1764 1038 1806 scivi,
1068 1766 1139 1800 vidi
1158 1772 1193 1800 et
1210 1767 1327 1801 audivi
1353 1781 1392 1803 ac
1417 1770 1453 1803 in
1470 1776 1590 1806 notam
1618 1775 1703 1820 cepi,

327 1819 475 1865 ideoque
494 1820 560 1854 hoc
577 1819 717 1866 presens
734 1820 913 1866 publicum
940 1821 1206 1856 instrumentum
1238 1825 1379 1870 propria
1406 1838 1511 1861 manu
1541 1827 1704 1876 scriptun]

328 1875 463 1909 confeci
489 1880 524 1909 et
550 1875 586 1909 in
612 1875 701 1909 hanc
718 1875 892 1922 publicam
911 1876 1058 1911 formam
1090 1877 1388 1915 instrumentalem
1406 1882 1525 1929 redegi
1543 1882 1706 1931 lignoque

329 1935 364 1964 et
377 1931 520 1964 nomine
535 1931 619 1965 meis
631 1929 737 1965 solitis
753 1937 787 1965 et
801 1931 972 1966 consuetis
984 1932 1112 1979 fignavi
1126 1939 1159 1967 et
1171 1933 1354 1982 subscripsi,
1369 1937 1404 1970 in
1418 1937 1534 1979 fidem,
1555 1940 1662 1974 robur
1673 1948 1705 1975 et

329 1985 563 2021 testimonium
582 1987 739 2021 omnium
759 1992 793 2021 et
811 1986 1025 2033 fingulorum
1040 1987 1293 2036 premifforum,
1313 1998 1455 2038 rogatus
1470 2000 1504 2028 et
1515 1995 1704 2042 requisitus.

237 2154 492 2188 Procuratoria.

237 2264 514 2300 UNIVERSIS
532 2271 648 2312 pateat
666 2279 728 2313 per
745 2266 921 2313 presentes
938 2281 994 2303 me
1013 2269 1192 2304 dominum
1227 2270 1346 2306 David
1366 2273 1544 2320 Akynhed
1561 2277 1707 2324 capella-

234 2334 318 2355 num
337 2321 512 2356 refflmrem
533 2321 575 2356 de
597 2321 746 2356 Holdon
764 2320 887 2363 feciffe,
909 2322 1115 2359 constituiffe
1135 2332 1170 2360 et
1188 2326 1369 2369 omlinaffe,
1395 2342 1535 2366 necnon
1552 2345 1614 2379 per
1631 2346 1706 2380 pre
