1870 2683
231 301 302 332 304
633 262 948 332 REGISTIsUM
977 296 1315 332 MONASTERII

234 400 352 429 autem
380 394 446 428 hoc
474 398 683 441 attemptare
713 392 959 441 presumpserit
992 393 1271 440 indignationem
1301 394 1550 440 omnipotentis
1580 394 1650 429 Dei
1679 400 1714 429 et

235 451 416 484 beatorum
436 449 533 484 Petri
551 454 586 484 et
605 449 706 484 Pauli
723 449 959 497 apostolorum
985 449 1060 496 ejus
1077 450 1110 484 se
1128 449 1268 484 noverit
1293 449 1525 484 incursurum.
1577 450 1713 485 Datum

236 507 351 540 Rome
369 506 462 553 apud
481 506 645 541 San6tam
665 506 826 541 Sabinam
846 505 961 540 Nonis
980 505 1070 539 Maii
1087 505 1311 552 pontificatus
1336 504 1443 539 nostri
1469 518 1562 540 anno
1588 506 1712 552 primo.

236 561 500 597 NICOLAUS
519 561 698 609 episcopus
714 561 832 597 servus
849 561 1029 597 servorum
1057 561 1126 596 Dei
1154 561 1290 596 dileetis
1308 561 1387 595 filiis
1407 561 1538 596 Abbati
1569 566 1604 596 et
1635 574 1714 596 con-

234 619 356 653 ventui
375 617 594 653 Cluniacenfi
610 617 756 653 salutem
784 624 819 653 et
846 617 1068 665 apostolicam
1094 618 1390 652 benedictionem.
1443 616 1536 652 Cum
1567 630 1587 651 a
1616 617 1716 651 nobis

234 676 366 722 petitur
383 675 477 721 quod
497 674 629 721 justum
648 674 694 709 est
720 680 755 708 et
777 673 973 714 honestum,
994 680 1065 708 tam
1084 674 1184 720 vigor
1202 674 1363 719 equitatis
1380 686 1484 719 quam
1503 673 1590 707 ordo
1609 673 1716 719 exigit

236 731 379 765 rationis
405 736 446 765 ut
471 731 506 765 id
534 743 597 777 per
614 730 883 765 sollicitudinem
903 729 1007 764 officii
1024 729 1130 764 nostri
1148 730 1192 764 ad
1211 730 1367 764 debitum
1386 729 1600 776 perducatur
1618 729 1716 763 effec-

235 793 322 821 tum.
375 787 465 822 Sane
483 787 527 821 ad
544 787 757 821 audientiam
776 786 985 834 apostolatus
1010 785 1116 820 nostri
1146 786 1307 833 pervenit
1337 785 1431 831 quod
1458 783 1714 832 archiepiscopi,

236 842 396 890 episcopi,
417 843 550 883 decani,
570 843 804 877 archidiaconi
823 848 858 877 et
875 842 933 876 alii
950 841 1168 876 ecclesiarum
1188 842 1324 888 prelati,
1345 848 1415 875 tam
1430 854 1492 875 vos
1506 853 1609 886 quam
1625 841 1717 887 prio-

237 912 292 934 res
311 905 345 934 et
362 898 569 946 presbiteros
586 898 715 933 vestros
733 899 860 939 tailliis,
881 898 1123 933 exa&ionibus
1141 903 1177 932 et
1194 897 1499 944 procurationibus
1517 910 1601 942 quas
1619 902 1718 931 extra

238 956 361 989 domos
378 954 436 989 fibi
462 954 636 1002 postulant
666 955 840 995 exhibere,
869 955 991 989 domos
1010 955 1114 989 etiam
1133 955 1219 1001 ipsas
1238 959 1361 988 contra
1380 951 1614 988 Lateranense
1636 965 1716 986 con-

237 1011 359 1052 filium,
376 1012 653 1058 equitaturarum
668 1017 702 1046 et
716 1010 942 1058 personarum
956 1023 1143 1045 numerum
1163 1011 1382 1050 excedentes,
1400 1008 1717 1043 immisericorditer

238 1081 428 1115 aggravare
440 1068 655 1115 presumunt,
665 1067 803 1115 insuper
815 1065 972 1102 ecclesias
984 1067 1026 1101 ad
1039 1080 1100 1101 vos
1112 1067 1305 1113 spectantes
1317 1066 1502 1113 subjiciunt
1514 1066 1714 1105 interdieta),

237 1132 271 1160 et
289 1125 506 1173 presbyteros
533 1126 621 1172 ipsos
648 1124 870 1172 suspendunt,
902 1124 1037 1159 nullam
1064 1122 1306 1157 rationabilem
1333 1121 1469 1156 causam
1487 1121 1571 1156 ficut
1590 1122 1717 1155 dicitur

237 1183 496 1229 pretendentes,
516 1182 575 1216 sed
591 1187 729 1216 tantum
747 1182 888 1229 proprie
907 1180 1098 1215 voluntatis
1112 1178 1294 1213 arbitrium
1308 1178 1492 1224 prosecuti.
1544 1177 1716 1211 Volentes

238 1239 345 1283 igitur
362 1238 460 1272 vobis
478 1238 514 1271 in
532 1237 599 1271 hoc
616 1237 848 1284 patrocinium
867 1235 1091 1283 apostolieum
1111 1234 1294 1281 impartiri,
1326 1233 1370 1267 ad
1401 1233 1503 1267 instar
1531 1233 1639 1267 felicis
1665 1245 1717 1266 re-

239 1294 450 1328 cordationis
469 1293 633 1328 Celestini
650 1305 738 1340 pape
768 1293 804 1326 iii
834 1289 1080 1339 predecessoris
1098 1289 1205 1324 nostri
1223 1290 1433 1324 auetoritate
1460 1289 1557 1323 vobis
1585 1288 1716 1335 aposto-

238 1351 305 1384 lica
322 1350 545 1397 indulgemus
563 1355 603 1384 ut
621 1349 748 1397 eisdem
766 1349 803 1383 in
821 1348 936 1384 tassliis
955 1354 990 1383 et
1007 1345 1312 1394 procurationibus
1330 1345 1492 1380 indebitis
1510 1357 1582 1378 non
1601 1350 1716 1379 tenea-

237 1407 320 1441 mini
341 1407 384 1441 de
402 1412 519 1441 cetero
533 1405 754 1454 respondere,
770 1404 976 1440 sententiam
992 1416 1075 1438 vero
1093 1415 1197 1449 quam
1216 1403 1253 1436 in
1271 1399 1425 1436 ecclefias
1437 1407 1497 1435 aut
1510 1399 1716 1447 prespiteros

237 1463 377 1504 vestros,
393 1461 454 1497 nifi
465 1476 529 1510 pro
544 1462 721 1496 manifesta
735 1467 769 1496 et
783 1460 981 1496 rationabili
999 1457 1100 1494 causa
1113 1464 1147 1493 et
1163 1458 1286 1492 ordine
1302 1457 1420 1492 debito
1435 1457 1614 1496 ventilata,
1631 1456 1716 1491 dux-

238 1521 329 1554 erint
342 1520 646 1566 promulgandam,
664 1518 883 1553 decernimus
895 1529 968 1551 non
986 1522 1119 1551 tenere.
1160 1514 1260 1549 Nulli
1273 1527 1357 1560 ergo
1373 1514 1517 1548 omnino
1532 1513 1714 1546 hominum

237 1578 340 1611 liceat
367 1577 456 1611 hanc
485 1577 648 1623 paginam
677 1575 792 1609 nostre
811 1572 1064 1609 constitutionis
1094 1577 1128 1606 et
1158 1570 1382 1606 concessionis
1400 1570 1590 1615 infringere
1609 1568 1664 1603 vel
1684 1570 1715 1602 ei

236 1632 318 1667 ausu
338 1633 524 1667 temerario
542 1632 727 1666 contraire,
781 1630 816 1665 Si
833 1630 909 1676 quis
926 1635 1043 1664 autem
1074 1629 1140 1662 hoc
1167 1632 1375 1674 attemptare
1401 1625 1645 1673 presumpserit
1665 1626 1714 1658 in-

236 1689 475 1735 dignationem
495 1688 744 1735 omnipotentis
760 1686 830 1721 Dei
849 1692 883 1720 et
901 1687 1083 1720 beatorum
1104 1684 1200 1718 Petri
1218 1689 1253 1718 et
1273 1682 1371 1717 Pauli
1387 1681 1621 1728 apostolorum
1640 1681 1714 1727 ejus

236 1746 375 1780 noverit
404 1745 437 1779 se
468 1743 700 1779 incursurum.
765 1742 901 1776 Datum
934 1741 1050 1775 Rome
1076 1740 1169 1788 apud
1197 1739 1367 1773 Sanetum
1399 1738 1545 1772 Petrum
1575 1741 1611 1770 x⁰
1644 1736 1714 1770 Ka-

234 1802 355 1836 lendas
374 1801 555 1836 Februarii
572 1799 794 1847 pontificatus
811 1797 917 1832 nostri
935 1810 1028 1832 anno
1054 1796 1216 1832 secundo.
1270 1795 1314 1829 In
1340 1794 1438 1841 cujus
1463 1792 1600 1827 vifionis
1624 1792 1713 1827 testi-

235 1858 404 1897 monium,
424 1857 516 1891 fffla
532 1856 629 1903 prius
647 1855 806 1901 diligenti
824 1853 1011 1888 collatione
1029 1853 1072 1889 de
1090 1851 1239 1900 presenti
1256 1849 1486 1897 transumpto,
1506 1847 1712 1895 transcripto

235 1914 293 1948 seu
312 1914 461 1948 vidimus
479 1913 522 1947 ad
541 1912 727 1959 originales
744 1911 877 1945 litteras
894 1909 1050 1957 superius
1076 1908 1218 1943 insertas
1244 1920 1307 1954 per
1337 1906 1450 1940 diebos
1477 1906 1571 1940 curie
1598 1904 1711 1939 nostre

230 1971 378 2018 juratos,
399 1970 523 2016 quibus
536 1969 637 2016 super
651 1968 715 2002 hiis
730 1973 764 2002 et
778 1967 852 2001 aliis
869 1966 1058 2013 majoribus
1077 1964 1250 1999 credimus
1269 1969 1303 1997 et
1320 1963 1425 1997 fidem
1441 1961 1643 1996 adhibemus
1661 1961 1710 1994 in-

235 2027 386 2066 dubiam,
418 2025 565 2072 figillum
597 2025 690 2059 diere
717 2023 811 2058 curie
838 2021 952 2057 nostre
977 2021 1101 2056 litteris
1119 2019 1334 2067 presentibus
1353 2018 1516 2052 duximus
1534 2029 1710 2064 apponen-

235 2084 329 2118 dum.
367 2082 501 2116 Datum
516 2094 585 2128 quo
603 2080 647 2115 ad
664 2078 829 2114 visionem
847 2078 1054 2125 hujusmodi,
1070 2076 1241 2116 Cluniaci‚
1262 2076 1317 2109 die
1335 2072 1493 2109 vicesima
1503 2073 1598 2108 sexta
1615 2085 1709 2106 men-

235 2141 273 2175 fis
294 2139 504 2174 Novembris
522 2150 615 2172 anno
635 2136 783 2170 Domini
801 2133 980 2169 millesimo
998 2130 1308 2180 quatercentefimo
1328 2128 1561 2176 0612uagefim0
1579 2129 1695 2163 tertio.

331 2195 484 2230 Collatio
503 2194 596 2228 fafita
613 2192 659 2227 est
686 2193 729 2227 de
759 2191 908 2239 presenti
926 2190 1154 2236 transumpto,
1185 2187 1392 2234 transcripto
1409 2186 1467 2220 seu
1486 2185 1635 2219 vidimus
1665 2185 1708 2218 ad

331 2251 515 2297 originales
533 2250 665 2283 litteras
683 2248 839 2295 superius
857 2246 1010 2286 insertas,
1038 2258 1101 2292 per
1119 2257 1182 2279 nos
1201 2243 1356 2278 notarios
1374 2247 1408 2277 et
1420 2241 1558 2289 juratos
1575 2240 1707 2287 predic-

330 2314 393 2347 tos,
412 2305 514 2352 fignis
532 2305 653 2340 nostris
671 2304 890 2338 manualibus
909 2303 963 2338 hic
981 2300 1151 2349 appositis.

1161 2356 1206 2390 A.
1230 2354 1373 2390 Roffeti.
1400 2354 1435 2389 J.
1455 2353 1513 2387 De
1532 2351 1656 2386 Vinea.
