1870 2683
769 280 837 313 DE
867 279 1136 315 PASSELET.
1624 287 1690 316 &ll

212 374 428 409 libertatibus
447 380 481 409 et
499 375 776 410 immunitatibus
794 375 871 410 suis.
926 376 1015 410 Sane
1046 376 1225 410 novalium
1245 375 1438 410 vestrorum
1457 389 1524 422 que
1541 378 1691 424 propriis

212 431 370 465 manibus
388 436 449 465 aut
466 430 657 478 sumptibus
675 432 787 466 colitis
806 432 848 466 de
867 432 991 478 quibus
1009 433 1132 479 aliquis
1150 433 1320 467 haetenus
1339 445 1410 467 non
1430 434 1595 480 percepit,
1624 433 1690 469 five

211 488 254 522 de
269 487 461 521 vestrorum
479 488 680 522 animalium
699 489 933 529 nutrimentis,
954 489 1071 523 nullus
1089 502 1109 523 a
1126 489 1223 523 vobis
1242 489 1392 523 decimas
1407 489 1546 536 exigere
1566 490 1622 524 vel
1635 503 1691 525 ex-

210 551 375 590 torquere
393 542 578 591 presumat.
622 544 743 579 Liceat
760 558 899 591 quoque
917 545 1014 580 vobis
1033 545 1177 579 clericos
1196 545 1251 579 vel
1270 545 1374 579 laicos
1392 545 1519 580 liberos
1539 551 1572 580 et
1595 545 1689 580 abso-

212 601 305 634 lutos
324 614 342 635 e
360 599 476 634 seculo
494 601 667 646 fugientes
685 601 729 634 ad
748 600 1007 635 conversionem
1027 601 1192 648 recipere,
1221 614 1259 635 ac
1279 614 1337 635 eos
1355 601 1479 647 absque
1498 602 1691 636 contradic-

213 658 308 691 tione
327 657 441 703 aliqua
459 657 622 691 retinere.
670 657 901 691 Prohibemus
919 657 1058 704 insuper
1075 662 1116 691 ut
1133 657 1222 691 nulli
1240 657 1388 692 fratrum
1407 657 1600 692 vestrorum
1618 658 1691 705 post

211 714 339 748 fafitam
357 714 393 747 in
411 713 618 747 monasterio
630 712 742 747 vestro
756 711 999 760 professionem
1013 713 1062 746 fas
1076 712 1115 746 fit
1129 712 1198 747 fine
1211 713 1341 747 abbatis
1355 713 1404 747 sui
1420 714 1561 748 licentia
1578 715 1620 749 de
1635 729 1691 750 eo-

211 769 291 804 dem
306 770 395 810 loco,
412 769 473 804 nifi
485 770 623 804 artioris
636 769 815 816 religionis
830 770 989 809 obtentu,
1006 768 1198 812 discedere;
1220 769 1452 804 discedentem
1468 783 1552 805 vero
1567 771 1691 818 absque

211 827 451 860 communium
469 826 664 860 litterarum
685 826 846 860 cautione
865 825 984 860 nullus
1002 825 1129 860 audeat
1153 826 1317 860 retinere.
1371 826 1462 861 Cum
1489 833 1607 862 autem
1632 842 1690 874 ge-

211 882 330 916 nerale
348 882 576 916 interdictum
596 888 689 916 terre
710 882 827 922 fuerit,
848 882 950 916 liceat
968 880 1077 921 vobis,
1108 881 1226 915 clausis
1239 882 1368 928 januis,
1392 883 1534 917 exclusis
1553 897 1690 919 excom-

212 938 395 972 municatis
410 943 444 972 et
458 938 665 978 interdictis,
686 950 758 972 non
775 937 916 984 pulsatis
930 938 1115 984 campanis,
1136 935 1311 985 suppressa
1325 952 1422 980 voce,
1444 940 1561 974 divina
1579 941 1691 975 officia

211 993 397 1034 celebrare,
418 993 610 1028 dummodo
629 992 764 1028 causam
782 1006 855 1028 non
873 993 1039 1028 dederitis
1057 994 1254 1029 interdicti.
1307 994 1441 1029 Crisma
1459 1008 1555 1036 vero,
1576 997 1692 1031 oleum

210 1050 380 1090 sanctum,
408 1049 685 1084 consecrationes
703 1050 866 1084 altarium
884 1049 943 1084 seu
962 1048 1189 1091 basilicarum,
1219 1051 1458 1085 ordinationes
1484 1052 1692 1087 clericorum

209 1119 358 1153 quorum
379 1106 519 1141 ordines
536 1107 667 1141 fuerint
685 1107 929 1154 promovendi,
949 1119 969 1140 a
987 1106 1170 1141 diocesano
1188 1106 1375 1154 suscipietis
1394 1107 1565 1155 episcopo,
1594 1108 1693 1155 fiqui-

210 1164 288 1198 dem
308 1163 499 1198 catholicus
512 1164 618 1198 fuerit
633 1169 666 1198 et
680 1164 827 1210 gratiam
843 1169 877 1198 et
892 1163 1177 1197 communionem
1196 1162 1412 1198 sacrosancte
1429 1164 1591 1200 Romane
1605 1165 1692 1200 sedis

211 1220 371 1254 habuerit
390 1225 424 1254 et
451 1232 492 1254 ea
509 1219 606 1254 vobis
625 1219 778 1255 voluerit
795 1219 865 1254 fine
891 1220 1063 1267 pravitate
1091 1219 1207 1266 aliqua
1233 1220 1409 1254 exhibere.
1464 1221 1693 1257 Prohibemus

211 1276 351 1322 insuper
368 1281 408 1310 ut
425 1276 516 1311 infra
532 1276 619 1310 fines
645 1276 910 1322 parrochiarum
929 1274 1121 1310 vestrarum
1139 1274 1162 1309 fi
1181 1289 1237 1310 eas
1255 1276 1388 1311 habetis
1414 1277 1533 1311 nullus
1559 1277 1628 1313 fine
1647 1279 1693 1313 as-

211 1332 308 1366 sensu
327 1331 499 1367 diocesani
519 1331 669 1379 episcopi
687 1336 721 1366 et
735 1331 848 1365 vestro
864 1331 1030 1379 capellam
1046 1330 1104 1366 seu
1119 1333 1313 1367 oratorium
1328 1333 1371 1367 de
1385 1346 1479 1367 novo
1494 1334 1693 1370 construere

211 1389 349 1429 audeat,
377 1389 476 1424 salvis
494 1388 684 1436 privilegiis
700 1388 909 1436 pontificum
939 1388 1197 1423 Romanorum.
1252 1389 1312 1424 Ad
1337 1390 1400 1424 hec
1418 1403 1527 1425 novas
1545 1397 1579 1426 et
1598 1392 1693 1426 inde-

213 1446 299 1480 bitas
329 1445 531 1479 exactiones
562 1444 604 1478 ab
635 1444 900 1491 archiepiscopis
926 1450 961 1479 et
988 1444 1166 1492 episcopis,
1199 1446 1453 1481 archidiaconis
1478 1446 1536 1482 seu
1556 1448 1694 1482 decanis

212 1501 353 1547 aliisque
380 1500 541 1535 omnibus
570 1499 799 1535 ecclesiasticis
825 1499 1077 1536 secularibusve
1103 1501 1259 1550 personis
1285 1515 1306 1536 a
1322 1503 1420 1538 vobis
1446 1505 1592 1538 omnino
1619 1506 1694 1540 fieri

213 1557 449 1604 prohibemus·
502 1557 725 1605 Sepulturam
745 1570 884 1603 quoque
910 1555 1011 1604 ipfius
1036 1557 1105 1592 loci
1131 1558 1275 1592 liberam
1302 1557 1368 1593 effe
1395 1559 1626 1601 decernimus,
1654 1569 1695 1596 ut

215 1627 337 1649 eorum
364 1614 544 1649 devotioni
571 1619 605 1648 et
632 1619 788 1648 extreme
806 1613 981 1648 voluntati
999 1614 1058 1660 qui
1076 1612 1109 1648 se
1136 1614 1207 1649 illic
1232 1613 1381 1662 sepelliri
1409 1615 1691 1659 deliberaverint,

214 1670 275 1704 nifi
292 1671 383 1705 forte
402 1670 694 1704 excommunicati
709 1669 764 1704 vel
779 1669 957 1704 interdiffl
972 1668 1038 1704 smt
1051 1675 1112 1705 aut
1126 1671 1229 1705 etiam
1244 1671 1383 1718 publice
1397 1671 1556 1712 usurarii,
1576 1674 1694 1708 nullus

215 1725 358 1766 obfistat‚
373 1726 464 1760 salva
476 1731 593 1760 tamen
602 1725 735 1773 justitia
747 1725 886 1759 illarum
902 1725 1121 1761 eeclefiarum
1137 1740 1157 1761 a
1170 1727 1294 1773 quibus
1308 1733 1530 1762 mortuorum
1546 1741 1695 1776 corpora

215 1781 444 1816 affumuntur.
489 1781 653 1816 Decimas
666 1786 828 1829 preterea
846 1787 881 1816 et
898 1780 1117 1829 poffessiones
1135 1783 1179 1817 ad
1190 1783 1250 1830 jus
1269 1783 1487 1818 ecclesiarum
1503 1784 1693 1820 vestrarum

216 1838 410 1885 spectantes
428 1850 495 1883 que
516 1851 536 1871 a
553 1838 647 1872 laicis
662 1838 866 1872 detinentur
884 1838 1081 1873 redimendi
1095 1845 1130 1874 et
1148 1840 1318 1886 legittime
1337 1840 1506 1874 liberandi
1525 1841 1568 1875 de
1587 1843 1694 1876 mani-

216 1895 279 1928 bus
306 1906 427 1928 eorum
447 1898 481 1927 et
503 1894 546 1927 ad
573 1893 727 1928 ecelefias
753 1894 797 1928 ad
823 1907 907 1940 quas
933 1895 1112 1941 pertinent
1138 1896 1327 1930 revocandi
1354 1896 1462 1930 libera
1480 1895 1518 1930 fit
1536 1897 1633 1931 vobis
1652 1898 1694 1931 de

215 1950 331 1984 nostra
356 1949 566 1984 auctoritate
592 1949 748 1984 facultas.
802 1949 968 1984 Obeunte
994 1963 1079 1985 vero
1106 1956 1141 1985 te
1168 1964 1261 1986 nunc
1289 1951 1441 1999 ejusdem
1469 1952 1535 1986 loci
1556 1952 1694 1987 Abbate

215 2006 267 2040 vel
288 2011 430 2040 tuorum
449 2005 605 2051 quolibet
616 2004 857 2046 successorum,
876 2006 996 2041 nullus
1010 2006 1057 2042 ibi
1072 2007 1226 2053 qualibet
1243 2007 1475 2054 subreptionis
1494 2008 1616 2042 astutia
1632 2008 1690 2043 seu

215 2062 383 2096 violentia
400 2066 618 2108 proponatur
636 2060 698 2095 nifi
711 2074 814 2108 quem
828 2062 953 2097 fratres
971 2064 1148 2098 communi
1164 2062 1330 2097 consensit
1345 2063 1400 2097 vel
1414 2064 1561 2097 fratrum
1582 2064 1694 2111 major

177 2159 187 2168 ⁹
214 2131 294 2165 pars
312 2116 441 2151 confilii
455 2117 608 2157 sanioris,
629 2116 819 2152 secundum
837 2119 957 2153 Deum
976 2124 1011 2153 et
1028 2119 1120 2153 beati
1139 2117 1325 2153 Benedicti
1343 2119 1512 2165 regulam,
1532 2121 1692 2166 provide-

215 2175 285 2207 rint
305 2173 518 2219 eligendum.
570 2173 652 2207 Paci
670 2185 808 2220 quoque
827 2180 862 2209 et
887 2174 1129 2220 tranquillitati
1149 2174 1257 2209 vestre
1284 2180 1430 2221 paterna
1455 2176 1492 2209 in
1517 2176 1691 2222 posterum

214 2229 446 2263 sollicitudine
465 2229 652 2276 providere
670 2229 839 2270 volentes,
870 2230 1080 2264 auctoritate
1098 2229 1283 2276 apostolica
1301 2231 1526 2277 prohibemus
1544 2238 1583 2265 ut
1601 2233 1691 2266 infra

215 2284 388 2319 clausuras
405 2285 564 2319 locorum
583 2283 640 2318 seu
659 2285 884 2331 grangiarum
899 2286 1088 2322 vestrarum
1106 2286 1224 2320 nullus
1242 2287 1398 2334 rapinam
1418 2286 1475 2322 seu
1494 2288 1625 2322 furtum
1645 2290 1691 2323 sa-

216 2354 304 2381 cere,
333 2342 450 2387 ignem
482 2353 669 2387 apponere,
699 2341 900 2386 sauguinem
930 2342 1090 2383 fundere,
1117 2343 1296 2378 hominem
1325 2350 1456 2378 temere
1487 2357 1608 2391 capere
1636 2346 1689 2379 vel
