1839 2652
755 264 827 301 DE
855 265 1124 302 PASSELET.
1593 275 1661 306 183

173 362 325 411 judiciis,
355 362 488 397 statutis
506 368 540 397 et
559 362 756 403 statuendis,
787 364 1049 410 exceptionibus
1075 370 1110 399 et
1129 365 1220 412 juris
1250 365 1408 399 canonici
1427 371 1462 400 et
1481 366 1590 401 civilis
1607 379 1659 402 re-

179 419 312 459 mediis,
333 420 446 453 viduis
464 420 519 454 vel
539 419 734 466 conjugatis
753 418 915 454 eonceflis
935 421 988 454 vel
1007 422 1250 462 concedendis,
1281 428 1314 456 et
1333 423 1531 469 exceptioni
1550 423 1659 458 virilis

178 475 432 523 compullionis,
454 482 488 510 et
506 476 696 523 specialiter
715 475 883 510 beneficio
902 476 1126 511 restitutionis
1145 478 1179 511 in
1200 479 1385 524 integrum,
1415 485 1449 513 et
1468 480 1565 513 omni
1582 492 1658 527 pre-

178 532 306 578 vilegio
325 532 595 579 erucefingnatis
614 532 669 566 vel
688 531 990 578 crucefingnandis
1005 532 1162 567 conceffo
1178 533 1232 568 vel
1246 535 1484 575 concedendo,
1499 540 1534 569 et
1549 536 1659 570 omni-

178 589 241 623 bus
259 589 333 623 aliis
352 589 590 635 indulgentiis,
610 589 741 635 gratu-5,
762 589 962 635 privilegiis,
982 590 1205 635 generalibus
1224 590 1277 624 vel
1298 589 1511 637 specialibus,
1533 596 1568 626 et
1587 604 1659 626 om—

176 644 279 680 nibus
296 645 597 692 appellationibus,
629 644 977 685 contradictionibus,
1010 646 1298 686 cavillationibus,
1331 652 1366 680 et
1393 647 1468 680 aliis
1498 659 1560 694 per
1590 660 1658 694 que

176 702 326 736 intentio
345 701 403 736 seu
421 707 524 736 tenor
542 699 708 747 presentis
726 699 840 746 scripti
871 700 906 733 in
938 706 1035 747 parte
1054 701 1109 735 vel
1140 702 1175 735 in
1204 707 1280 735 toto
1308 702 1467 749 impediri
1486 701 1586 750 possit
1603 704 1660 738 vel

176 758 386 805 impugnari.
441 757 483 791 In
499 756 659 803 cujusrei
676 755 911 790 testimonium
930 755 972 789 ad
993 755 1184 790 instantiam
1206 756 1367 797 nostram,
1387 758 1500 803 gratia
1519 758 1659 805 majoris

176 814 372 855 testimonii,
393 814 473 847 huie
491 813 616 860 scripto
634 811 822 859 appensum
839 811 885 845 est
897 824 1083 846 commune
1097 811 1244 858 sigillum
1258 813 1399 859 capituli
1414 813 1657 860 GlalgwenfiS,

177 876 212 905 et
237 870 347 917 sigilla
374 869 596 904 dominorum
628 867 823 901 Alexandri
854 867 1027 901 senescalli
1055 868 1181 908 Scotie,
1214 874 1249 902 et
1272 868 1423 903 Wilelmi
1455 870 1596 917 Cumyn
1615 870 1658 905 de

180 926 341 974 Kylbrid,
363 932 397 960 et
415 924 565 971 magistri
585 924 724 958 Thome
743 923 786 958 de
806 923 967 957 Abirden
986 930 1070 958 tunc
1089 924 1246 958 officialis
1265 925 1396 958 domini
1421 926 1569 960 Roberti
1587 926 1658 961 Dei

175 983 288 1029 gratia
305 980 537 1028 Glasgwenfis
555 979 715 1028 episcopi,
735 992 807 1014 una
824 992 903 1014 cuin
921 978 1037 1027 sigillis
1055 980 1189 1016 nostris.
1244 981 1324 1015 Hiis
1342 981 1494 1016 testibus.

176 1154 378 1202 Refignatio
396 1154 419 1190 J
422 1154 544 1188 oannis
566 1151 760 1187 Wardroba
785 1155 820 1186 et
848 1150 965 1185 Marie
982 1148 1103 1197 sponse
1121 1149 1191 1190 sue,
1211 1150 1247 1184 in
1272 1149 1378 1197 plena
1396 1150 1492 1184 curia
1510 1149 1659 1185 Comitis

176 1213 218 1247 de
238 1212 418 1246 Levenax.

175 1323 415 1361 OMNIBUS
435 1321 560 1357 Clu-isti
578 1322 738 1357 fidelibus
756 1319 896 1368 presens
909 1319 1074 1366 scriptum
1088 1318 1209 1353 visuris
1222 1318 1277 1353 vel
1290 1320 1461 1354 audituris
1475 1319 1657 1355 ,Iohannes

175 1382 217 1416 de
230 1380 427 1414 lVardroba
441 1384 475 1413 et
492 1378 608 1412 Maria
620 1376 740 1425 sponsa
754 1376 813 1411 sua
829 1376 973 1410 salutem
993 1376 1030 1409 in
1049 1375 1208 1409 Domino
1229 1375 1485 1424 sempiternam.
1538 1377 1657 1412 Nove-

174 1439 220 1472 rit
236 1435 441 1472 univerfitas
459 1435 571 1469 vestra
589 1448 652 1468 nos
670 1434 782 1469 teneri
802 1434 880 1480 [et]
899 1431 1050 1479 presenti
1079 1431 1205 1479 scripto
1225 1433 1369 1478 obligari
1389 1434 1483 1479 quod
1501 1434 1656 1480 quando-

173 1506 311 1540 cunque
330 1492 425 1527 citati
443 1492 611 1526 fuerimus
630 1490 836 1524 litteratorie
864 1488 923 1523 seu
950 1502 1011 1523 ore
1038 1495 1140 1523 tenus
1167 1502 1228 1536 per
1256 1490 1435 1524 dominum
1459 1491 1657 1526 Robertum

174 1550 245 1585 Dei
262 1550 374 1596 gratia
393 1547 591 1595 episcopum
611 1544 872 1592 Glasgwensem
892 1546 947 1580 vel
966 1546 1117 1591 aliquem
1137 1546 1210 1593 ejus
1229 1546 1412 1581 officialem
1433 1553 1473 1581 ut
1498 1548 1535 1582 in
1561 1549 1658 1583 curia

175 1606 358 1641 Malcolmi
377 1605 513 1639 comitis
533 1604 575 1638 de
596 1603 763 1638 Levenax
781 1614 1055 1649 compareamuS,
1075 1602 1119 1636 ad
1145 1603 1345 1649 proximum
1372 1603 1538 1650 placitum
1557 1603 1656 1639 suum

173 1663 247 1711 post
264 1662 465 1697 citationem
484 1661 583 1695 nobis
601 1660 727 1694 factam
747 1659 791 1693 ad
808 1664 939 1693 terram
959 1658 1109 1692 nostram
1128 1659 1171 1693 de
1191 1658 1315 1706 Camsy
1330 1660 1366 1693 in
1386 1659 1565 1701 Levenax,
1586 1660 1655 1696 fine

173 1719 270 1755 omni
285 1717 517 1758 excusatione,
534 1717 712 1757 dilatione,
730 1716 990 1763 prorogatione,
1005 1715 1238 1755 cavillatione,
1252 1716 1459 1763 exceptione
1471 1722 1506 1751 et
1520 1716 1653 1758 fraude,

173 1776 372 1821 ubiCunque
390 1776 427 1808 in
445 1774 613 1809 comitatu
632 1773 793 1820 prediffm
812 1772 977 1819 placitum
997 1771 1113 1811 fuerit,
1141 1771 1270 1806 ibidem
1288 1773 1470 1807 veniemus
1496 1771 1656 1820 persona-

174 1831 265 1872 liter,
286 1837 320 1865 et
338 1831 441 1877 plene
460 1836 495 1864 et
514 1828 669 1876 exprefl'e
687 1842 750 1876 pro
769 1829 869 1862 nobis
888 1833 922 1862 et
940 1827 1126 1862 heredibus
1144 1828 1266 1862 nostris
1284 1829 1320 1863 in
1338 1829 1443 1876 plena
1460 1831 1557 1864 curia
1574 1843 1655 1865 con-

174 1887 351 1922 fitebimur
370 1886 465 1932 quod
483 1885 589 1919 nichil
611 1885 694 1931 jure
712 1885 812 1918 nobis
830 1883 888 1918 seu
906 1883 1092 1918 heredibus
1110 1883 1233 1918 nostris
1251 1884 1368 1931 aliquo
1386 1891 1545 1933 tempore
1563 1899 1656 1921 com-

174 1944 285 1990 petiit,
317 1943 484 1989 competit
500 1941 559 1976 seu
577 1947 776 1988 competere
794 1941 934 1988 poterit,
967 1940 1003 1973 in
1020 1940 1123 1974 terris
1142 1940 1184 1974 de
1204 1940 1438 1982 Cocmanach,
1474 1942 1654 1988 Edynber-

174 2011 257 2039 nan,
288 1998 499 2037 Fimbalach,
533 1997 675 2031 Backan
693 2003 727 2031 et
753 1997 796 2031 de
823 1997 1074 2036 Drumtcreue,
1102 1997 1184 2032 licet
1209 1998 1396 2044 aliquando
1425 1998 1601 2034 Abbatem
1620 2006 1654 2035 et

176 2060 389 2089 conventum
409 2053 451 2087 de
471 2051 618 2087 Paffelet
635 2052 737 2100 super
753 2052 920 2100 premissis
937 2054 1039 2088 terris
1057 2054 1174 2087 vocari
1193 2053 1314 2100 injuste
1332 2054 1477 2088 fecimus
1504 2055 1539 2088 in
1560 2055 1653 2102 judi-

176 2111 242 2150 cio,
274 2115 308 2144 et
334 2110 427 2155 quod
446 2122 510 2143 nos
529 2115 563 2143 et
580 2109 726 2143 heredes
744 2109 850 2143 nostri
867 2109 1053 2156 abjudicati
1081 2108 1197 2143 sumus
1215 2110 1258 2144 de
1276 2110 1443 2156 predictis
1462 2111 1563 2145 terris
1581 2111 1654 2147 sen-

176 2166 368 2201 tentialiter
386 2166 668 2211 imperpetuum3
698 2169 733 2198 et
761 2163 785 2198 fi
814 2165 897 2211 quid
922 2165 1012 2212 juris
1038 2165 1222 2199 habuimus
1239 2165 1295 2199 vel
1315 2166 1442 2201 habere
1460 2168 1653 2214 poterimus

176 2224 213 2257 in
230 2221 405 2269 posterum
431 2222 469 2255 in
494 2218 659 2267 premissis
677 2221 779 2255 terris
798 2221 853 2255 vel
870 2221 985 2267 aliqua
1004 2220 1164 2268 ipsarum,
1196 2234 1261 2268 pro
1287 2222 1387 2256 nobis
1405 2228 1439 2257 et
1468 2224 1654 2260 heredibus

176 2278 298 2313 nostris
317 2278 429 2312 eidem
449 2277 741 2317 renunciabimus,
773 2282 808 2311 et
833 2277 1000 2324 predictis
1020 2276 1151 2310 Abbati
1178 2282 1213 2311 et
1244 2279 1433 2313 conventui
1452 2279 1510 2315 seu
1529 2294 1651 2316 eorum

176 2334 396 2380 procuratori
413 2323 618 2380 per‘fustum
647 2338 682 2367 et
712 2332 873 2367 baculum
904 2331 1150 2379 refignabimus
1179 2339 1214 2369 et
1243 2335 1400 2380 quietum
1428 2335 1652 2373 clamabimus
