1870 2683
206 277 274 312 368
606 269 920 305 REGISTRUM
950 267 1287 303 MONASTERII

209 373 267 408 seu
285 369 532 416 obligatorium
550 365 858 414 prefinnpserimus
875 365 995 399 venire
1012 363 1070 398 vel
1096 362 1335 397 contradicere
1351 376 1361 405 ;
1392 362 1542 409 presenti
1559 363 1685 412 scripto

208 426 413 473 obligatorio
433 423 680 458 nichilominus
697 423 734 456 in
751 421 812 456 suo
830 421 935 468 pleno
954 419 1080 454 robore
1099 424 1133 453 et
1151 419 1281 453 virtute
1309 418 1490 452 duraturo.
1542 420 1602 454 Ad
1619 433 1685 465 que

209 483 326 518 omnia
344 486 378 515 et
395 479 527 526 fingula
544 477 704 526 premiffa
721 478 757 511 in
775 476 926 524 presenti
947 475 1155 522 obligatorio
1173 487 1253 509 meo
1272 479 1448 515 contenta,
1470 487 1535 520 ego
1553 476 1687 521 predic-

209 546 264 574 tus
282 538 461 573 Johannes
479 548 543 582 pro
562 547 618 568 me
637 540 671 568 et
689 533 876 568 heredibus
894 532 980 566 meis
998 536 1032 565 et
1050 529 1232 577 affignatis,
1262 530 1413 564 fideliter
1431 530 1687 576 imperpetuum

210 593 432 632 observanda,
457 591 560 626 taetis
577 589 802 625 saerosanffis
820 588 892 623 Dei
910 587 1110 633 evangeliiS,
1139 586 1281 633 prefatis
1299 586 1381 620 viris
1399 584 1565 631 religiofis
1584 586 1689 620 fidem

210 663 322 684 meam
340 647 469 696 prestiti
489 646 717 694 corporalem.
770 645 815 679 In
833 644 931 691 eujus
949 643 999 677 rei
1018 642 1252 677 testimonium
1278 642 1359 676 huic
1385 640 1534 688 presenti
1561 641 1690 688 obliga-

209 706 300 741 torio
316 717 394 739 meo
407 702 555 750 sigillum
570 715 698 742 meum,
712 713 864 735 unacum
878 699 987 746 figillo
1000 698 1219 733 officialitatis
1234 698 1329 732 curie
1344 695 1566 743 Glasguenfis
1579 698 1691 743 gratia

209 761 349 808 majoris
366 758 551 794 testimonii
565 770 627 804 per
639 770 694 791 me
709 757 895 803 diligenter
906 760 1106 802 procurato,
1122 753 1201 787 sunt
1215 751 1366 800 appofita
1376 753 1413 786 in
1425 753 1632 787 monasterio
1647 753 1690 787 de

213 816 345 852 Passeto
357 814 567 862 supradifim
588 814 642 847 die
659 812 831 847 Mercurii
848 812 885 845 in
903 811 986 845 festo
1003 811 1243 846 decollationis
1255 810 1347 845 beati
1357 810 1379 845 J
1383 810 1528 844 ohannis
1541 810 1690 858 Baptiste

210 885 303 907 anno
318 871 467 906 Domini
482 875 524 904 Μο
541 874 624 904 ccc⁰
638 873 700 903 xc⁰
712 872 798 910 vn⁰;
815 867 894 902 Hiis
905 867 1055 907 testibus,
1069 866 1243 900 nobilibus
1256 866 1349 906 viris,
1370 866 1513 900 domino
1527 866 1550 901 J
1553 866 1690 901 ohanne

215 927 307 963 Roff
327 928 436 962 milite
467 927 610 960 domino
629 926 672 960 de
693 924 892 964 Hawkhed,
921 923 1085 959 Johanne
1111 921 1256 968 Sympill
1275 921 1418 955 domino
1437 922 1479 956 de
1498 921 1689 968 Elyetston,

216 985 375 1019 Roberto
388 982 545 1030 Sympill,
557 982 714 1016 Roberto
723 979 918 1015 Senescallo
932 979 1004 1012 filio
1017 978 1150 1012 domini
1166 977 1361 1012 Alexandri
1375 977 1559 1012 Senescalli
1573 978 1691 1013 militis

214 1041 346 1076 domini
364 1041 407 1075 de
426 1038 595 1079 Dernlee‚
616 1043 650 1073 et
670 1037 826 1072 Waltero
846 1035 985 1071 Clerico
1003 1033 1174 1080 burgense
1193 1034 1235 1068 de
1255 1033 1341 1074 Are,
1362 1046 1400 1068 ac
1420 1034 1537 1069 multis
1555 1034 1640 1069 aliis.

217 1211 324 1244 Carta
342 1208 483 1243 dimidie
504 1212 602 1254 petre
621 1219 698 1241 cere
718 1206 832 1241 debite
851 1218 912 1253 per
934 1204 1134 1252 Ryseholm.

219 1319 496 1355 UNIVERSIS
516 1318 642 1353 Christi
661 1317 820 1352 fidelibus
851 1317 917 1351 hoc
948 1316 1088 1364 presens
1117 1315 1281 1363 scriptum
1312 1315 1433 1351 visuris
1451 1317 1507 1352 vel
1525 1317 1694 1352 audituris

220 1376 329 1423 Hugo
350 1375 439 1422 Boyl
458 1375 620 1409 dominus
640 1374 682 1408 de
703 1372 872 1420 Rysslolm
903 1378 1060 1408 eternam
1086 1373 1123 1407 in
1150 1372 1308 1407 Domino
1336 1371 1492 1408 salutem.
1544 1373 1694 1408 Noverit

215 1430 418 1467 universitas
438 1430 547 1465 vestra
564 1442 619 1464 me
639 1429 755 1463 divine
774 1429 925 1463 caritatis
944 1429 1084 1470 intuitu,
1104 1441 1168 1476 pro
1186 1428 1294 1463 salute
1312 1430 1426 1464 anime
1441 1442 1516 1464 mee
1531 1435 1565 1464 et
1576 1430 1694 1464 uxoris

217 1500 293 1522 mee
312 1492 346 1521 et
364 1487 559 1520 animarum
578 1485 736 1519 omnium
754 1482 1007 1519 antecefforum
1026 1491 1060 1520 et
1078 1483 1307 1519 successorum
1326 1484 1534 1526 nostrorum,
1555 1483 1692 1525 dediffe,

218 1540 412 1578 conceffisse
431 1547 466 1576 et
483 1542 547 1576 hac
565 1540 716 1587 presenti
735 1546 829 1574 carta
848 1553 926 1574 mea
943 1538 1159 1575 confirmaffe
1178 1540 1259 1575 Deo
1292 1546 1327 1575 et
1353 1540 1452 1575 beate
1480 1541 1595 1575 Marie
1615 1541 1694 1575 Vir-

216 1599 288 1644 gini
307 1603 342 1632 et
361 1597 468 1631 beatis
485 1596 618 1631 Jacobo
638 1601 673 1629 et
692 1594 827 1629 Mirino
846 1596 888 1630 de
909 1595 1041 1630 Passeto
1060 1602 1094 1630 et
1112 1596 1290 1630 monachis
1308 1596 1436 1630 ibidem
1451 1595 1532 1630 Deo
1545 1595 1695 1631 servien-

216 1654 306 1687 tibus
325 1658 360 1687 et
377 1653 636 1699 imperpetuum
655 1650 842 1691 servituris,
876 1652 912 1685 in
940 1651 1095 1692 liberam,
1126 1664 1249 1698 puram
1268 1657 1302 1686 et
1319 1657 1524 1699 perpetuam
1543 1651 1694 1686 elemosi-

218 1721 310 1749 nam,
342 1708 518 1743 dimidiam
537 1713 670 1754 petram
690 1719 768 1741 cere
797 1707 840 1740 ad
870 1707 991 1742 festum
1020 1707 1140 1742 Saneti
1168 1707 1293 1741 Mirini
1324 1708 1366 1742 de
1396 1708 1504 1742 firmis
1521 1713 1693 1742 terrarum

218 1777 374 1799 mearum
394 1764 436 1798 de
458 1763 624 1809 Ryssiolm
645 1776 704 1810 per
724 1776 778 1797 me
807 1769 840 1797 et
868 1763 1014 1798 heredes
1031 1776 1128 1798 meos
1154 1763 1212 1798 seu
1240 1762 1423 1810 affignatos
1441 1764 1575 1798 nostros
1594 1764 1694 1798 diestis

218 1821 394 1855 monachis
420 1825 455 1854 et
482 1832 604 1853 eorum
624 1817 867 1853 suceefl'oribus
886 1820 1066 1853 annuatim
1084 1818 1348 1866 persolvendam
1376 1825 1410 1854 et
1437 1820 1694 1867 imperpetuum

218 1889 281 1923 per
298 1876 386 1923 ipsos
403 1875 673 1922 percipiendam.
727 1874 774 1908 Et
792 1874 852 1921 ipsi
869 1875 1030 1909 monachi
1047 1888 1103 1909 me
1122 1880 1155 1909 et
1173 1888 1321 1909 uxorem
1335 1888 1459 1916 meam,
1480 1876 1516 1909 in
1535 1875 1694 1909 omnibus

220 1933 416 1967 orationum
437 1931 604 1977 suffragiis
622 1943 688 1976 que
707 1943 768 1977 per
786 1936 900 1965 totum
921 1931 1185 1966 Cluniacensem
1204 1932 1364 1966 ordinem
1382 1931 1512 1966 fuerint
1527 1932 1582 1966 vel
1596 1931 1691 1971 fient,

218 1990 254 2022 in
272 1989 395 2023 fratres
412 1987 635 2034 susceperunt
654 1992 688 2021 et
705 1987 962 2033 imperpetuum
981 1987 1186 2034 participare
1205 1986 1462 2022 consenserunt.
1515 1987 1562 2021 Et
1587 1986 1610 2021 fi
1635 1987 1694 2021 ali-

218 2057 287 2090 quo
306 2044 383 2078 casu
411 2044 447 2077 in
477 2042 649 2077 solutione
669 2042 762 2076 di8oe
782 2043 923 2077 dimidie
941 2048 1038 2089 petre
1057 2055 1135 2077 cere
1166 2043 1209 2077 ad
1239 2043 1408 2077 terminos
1424 2048 1465 2076 ut
1481 2043 1694 2090 premittitur

219 2100 376 2134 facienda
393 2104 428 2133 et
447 2098 671 2145 percipienda
689 2096 851 2132 ceffatum
869 2098 985 2139 fuerit,
1005 2098 1100 2144 quod
1118 2097 1210 2139 abfit‚
1231 2098 1313 2132 volo
1332 2104 1366 2132 et
1384 2099 1538 2133 concedo
1557 2111 1620 2145 pro
1639 2111 1693 2132 me

221 2161 255 2189 et
271 2155 458 2189 heredibus
474 2154 559 2188 meis
589 2154 647 2188 seu
677 2152 848 2199 assignatis
878 2154 973 2200 quod
999 2154 1088 2189 bene
1116 2154 1233 2188 licebit
1259 2154 1360 2188 dietis
1378 2155 1460 2189 viris
1477 2153 1641 2201 religiofis
1660 2160 1693 2188 et

221 2222 343 2244 eorum
362 2208 605 2244 successoribus
623 2209 681 2244 seu
699 2222 821 2244 eorum
839 2209 975 2244 ballivis
1001 2210 1059 2256 qui
1085 2222 1149 2257 pro
1179 2215 1338 2257 tempore
1355 2210 1485 2245 fuerint
1503 2222 1641 2244 necnon
1659 2216 1692 2244 et

220 2265 294 2298 aliis
312 2264 571 2311 quibuscunque
588 2265 655 2300 suis
672 2266 709 2299 in
726 2265 790 2300 hac
807 2270 905 2312 parte
924 2265 1108 2312 deputatis,
1137 2265 1339 2312 distringere
1366 2271 1456 2300 totas
1473 2271 1582 2300 terras
1600 2278 1693 2299 meas

220 2320 262 2358 de
283 2319 470 2366 Rysslolme
487 2321 662 2368 preditfflzs
678 2320 747 2356 fine
766 2321 1045 2358 contradifflone
1063 2333 1151 2363 mea,
1172 2321 1340 2356 heredum
1355 2334 1513 2356 meorum
1527 2319 1585 2355 seu
1598 2318 1692 2365 aflig-
