1839 2652
158 277 205 312 46
552 275 868 311 REGISTRUM
897 275 1235 311 MONASTERII

163 386 228 408 nos
245 372 369 420 prefati
388 370 632 419 compofitores
650 372 846 406 amicabiles
866 371 1018 419 presenti
1036 371 1162 419 scripto
1180 371 1246 407 five
1276 372 1504 408 instrumento
1521 374 1636 409 nostra

164 430 308 464 fecimus
335 428 463 475 apponi
480 427 597 473 figilla,
627 434 662 462 et
679 428 926 462 nichilominus
943 428 1068 475 prefati
1087 428 1207 462 Abbas
1230 434 1265 463 et
1295 435 1488 464 conventus
1506 443 1545 465 ac
1562 444 1639 478 pre-

166 486 256 519 fatus
274 484 435 518 dominus
454 482 637 518 Wilehnus
657 482 774 524 More,
803 484 839 517 in
856 482 990 529 fignum
1022 490 1057 518 et
1086 484 1320 518 testimonium
1338 485 1516 531 utriusque
1533 487 1639 532 partis

166 539 359 580 consensus,
386 538 494 585 figilla
510 538 570 573 fila
587 539 824 586 apposuerunt
851 540 954 574 etiam
980 540 1084 588 juxta
1102 540 1226 574 nostra.
1281 540 1377 575 Αᾶὶῑι
1407 541 1550 576 fuerunt
1577 542 1640 576 hec

167 598 203 630 in
222 594 361 630 ecclefia
379 595 498 630 San<ffl
517 595 634 642 Egidii
653 596 696 630 de
716 595 923 642 Edynburg‚
942 597 979 630 in
998 596 1131 643 capella
1149 596 1278 631 Sancte
1297 596 1468 631 Katerine
1486 597 1641 643 virginis,

167 651 326 686 vicesimo
344 657 469 697 quarto
489 651 543 686 die
562 651 684 687 mensls
699 652 833 698 Aprilis
847 664 940 686 anno
956 652 1103 687 Domini
1121 651 1299 687 millefimo
1314 652 1554 689 trecentefimo
1572 653 1643 701 sep·

168 707 356 755 tuagefimo
374 707 491 742 tertio.

174 879 256 913 Alia
274 879 461 914 conventio
479 879 571 912 fafita
587 891 680 912 anno
699 878 847 912 Domini
866 883 909 912 M⁰
929 881 1011 911 cce⁰
1029 881 1191 910 LXX11110.

173 990 453 1027 UNIVERSIS
481 996 598 1038 pateat
627 1003 689 1037 per
720 989 895 1036 presentes
935 1001 991 1023 me
1020 988 1223 1023 wilelmum
1256 988 1361 1023 More
1392 989 1574 1024 dominum
1603 991 1645 1024 de

175 1048 375 1082 Abircorne
393 1045 555 1093 recepifl'e
572 1058 635 1093 per
653 1058 776 1080 manus
793 1044 1035 1092 religiosorum
1053 1045 1210 1078 virorum
1230 1044 1377 1078 Abbatis
1395 1050 1430 1079 et
1452 1051 1646 1080 conventus

174 1103 370 1138 monasterii
385 1103 427 1137 de
441 1100 621 1142 Paffeleto,
637 1102 769 1136 ordinis
789 1099 1034 1140 Cluniacenfis‚
1055 1099 1276 1146 Glasguenfis
1291 1100 1440 1141 diocefis,
1459 1100 1646 1136 trescentas

175 1173 307 1195 marcas
324 1159 568 1205 sterlingorum
586 1158 620 1191 in
640 1158 789 1204 pecunia
806 1162 990 1191 numerata
1006 1156 1181 1190 bonorum
1201 1161 1235 1190 et
1261 1156 1437 1202 legalium,
1466 1157 1569 1191 michi
1588 1158 1645 1192 de-

174 1217 262 1251 bitas
279 1216 414 1249 ratione
433 1213 609 1261 cujusdam
628 1212 894 1260 compositionis,
926 1224 989 1258 per
1006 1210 1171 1257 quosdam
1189 1211 1337 1246 arbitros
1364 1212 1423 1246 ieu
1452 1213 1649 1247 amicabiles

175 1270 420 1319 compositores
438 1270 482 1304 ad
499 1270 565 1304 hoc
582 1268 775 1316 specialiter
793 1269 935 1308 (31θᾶ03,
965 1272 1071 1314 prout
1089 1268 1125 1301 in
1143 1269 1292 1313 quadam
1309 1268 1427 1303 littera
1456 1269 1537 1303 inde
1568 1281 1649 1303 con-

178 1328 271 1362 fecta
288 1332 322 1361 et
340 1326 485 1372 figillata
502 1324 617 1371 figillis
636 1325 812 1359 dietorum
825 1324 1037 1358 arbitrorum
1051 1322 1118 1358 five
1130 1324 1361 1358 amicabilium
1381 1323 1649 1371 compositorum

177 1383 314 1430 plenius
333 1383 544 1422 continetur,
573 1381 664 1415 inter
681 1380 859 1428 predi&os
887 1378 1064 1426 religiosos
1095 1385 1129 1413 et
1160 1392 1215 1413 me
1246 1380 1342 1420 inite,
1370 1379 1472 1427 super
1502 1381 1650 1426 quadam

178 1452 295 1474 annua
312 1437 475 1485 penfione
493 1438 723 1483 quadraginta
748 1449 955 1476 marcarum,
984 1434 1186 1481 quibusdam
1213 1436 1428 1483 temporibus
1455 1437 1650 1477 retroa6fis,

178 1496 269 1543 patri
284 1508 362 1529 meo
378 1500 412 1529 et
430 1494 534 1528 michi
552 1500 717 1540 tanquam
735 1492 836 1540 ipfius
851 1492 981 1532 heredi,
995 1504 1057 1538 per
1076 1490 1292 1538 supradffiffls
1306 1491 1493 1538 religiosos,
1509 1493 1652 1526 nomine

181 1558 216 1586 et
234 1565 277 1586 ex
294 1556 392 1597 parte
412 1549 570 1595 Magistri
589 1550 713 1584 domus
731 1549 982 1583 canonicorum
1014 1553 1048 1582 et
1065 1548 1259 1582 monialum
1279 1548 1321 1582 de
1341 1548 1597 1595 Simpringham
1616 1549 1652 1581 in

183 1607 326 1653 Anglia,
353 1605 439 1640 solvi
456 1605 658 1647 solitarum;
688 1605 730 1639 de
761 1605 884 1651 quibus
910 1603 1090 1638 trescentis
1120 1604 1244 1638 marcis
1270 1603 1515 1650 sterlingorum
1541 1604 1652 1638 fateor

183 1676 238 1698 me
255 1662 411 1710 plenarie
429 1660 644 1708 persolutum
664 1666 697 1695 et
715 1661 803 1695 bene
823 1665 1042 1700 contentum,
1071 1665 1105 1694 et
1134 1660 1286 1706 prefatos
1305 1660 1482 1695 Abbatem
1513 1665 1547 1694 et
1573 1672 1653 1694 con-

183 1725 328 1754 ventum
346 1730 385 1752 ac
403 1729 526 1752 eorum
544 1717 803 1757 monasterium,
832 1729 896 1763 pro
916 1729 972 1750 me
991 1722 1025 1750 et
1043 1715 1229 1749 heredibus
1246 1716 1331 1750 meis
1349 1728 1388 1750 ac
1406 1717 1509 1750 etiam
1528 1715 1654 1750 succes-

182 1775 315 1810 soribus
332 1774 418 1808 meis
429 1772 700 1819 quibuscunque,
716 1773 851 1818 quietos
869 1772 981 1806 clamo
1001 1777 1034 1805 et
1049 1772 1306 1818 imperpetuum
1318 1771 1457 1806 absolvo
1474 1785 1482 1806 ι
1513 1778 1546 1807 et
1566 1772 1653 1806 facio

185 1844 265 1866 cum
296 1828 459 1875 religiofis
476 1828 690 1876 supradictis,
720 1842 785 1876 pro
803 1841 858 1863 me
878 1834 912 1862 et
930 1827 1115 1862 heredibus
1134 1827 1219 1861 meis
1256 1840 1295 1862 ac
1330 1828 1433 1862 etiam
1461 1827 1655 1862 succeffori-

185 1888 249 1922 bus
272 1884 542 1932 quibuscunque,
570 1890 710 1932 pactum
737 1885 779 1919 de
808 1884 910 1918 diffis
938 1882 1118 1917 trescentis
1136 1883 1259 1917 marcis
1289 1889 1324 1918 et
1351 1896 1468 1918 annua
1491 1882 1653 1931 penfione

188 1943 418 1990 quadraginta
441 1954 637 1976 marcarum
663 1941 900 1988 prediffcarum
929 1939 1076 1974 ulterius
1094 1951 1166 1973 non
1184 1940 1353 1986 petendis.
1407 1940 1451 1974 In
1479 1940 1576 1987 cujus
1605 1941 1656 1974 rei

188 1998 433 2038 testimonium,
462 1997 609 2043 figillum
635 2009 753 2031 meum
784 1995 998 2043 presentibus
1042 1995 1088 2030 est
1118 1995 1318 2042 appensum.
1388 1996 1523 2030 Datum
1565 1996 1658 2043 apud

191 2055 348 2097 Qwarell
379 2054 434 2088 die
454 2052 581 2087 Martis
598 2053 759 2100 proxima
779 2052 854 2099 post
871 2052 993 2087 festum
1023 2051 1139 2086 sancte
1172 2052 1356 2087 Trinitatis
1386 2065 1479 2087 anno
1510 2051 1657 2087 Domini

194 2110 372 2146 millesimo
390 2108 646 2145 trescentefimo
663 2107 911 2156 septuagesimo
930 2113 1066 2155 quarto.
