1839 2652
210 319 279 350 120
609 310 923 347 REGISTRUM
951 308 1289 345 MONASTERII

215 466 445 503 Confirmatio
465 463 684 500 ecclesiarum
703 464 745 498 de
765 463 946 510 Innyrwic
959 467 994 497 et
1008 461 1234 510 Lygardwod
1247 474 1310 510 per
1323 461 1347 498 J
1349 461 1523 498 ohannem
1536 464 1688 511 priorem

215 523 335 558 Sancti
353 522 499 557 Andree
518 526 553 556 et
571 525 786 556 conventum
805 518 957 567 ejusdem
974 519 1055 553 loci.

215 633 453 670 OMNIBUS
471 632 589 667 san&e
607 633 726 667 matris
745 629 884 666 ecclesie
901 631 980 665 filiis
1002 630 1142 679 presens
1159 630 1325 678 scriptum
1343 629 1464 666 visuris
1481 631 1537 666 vel
1555 631 1690 666 auditu-

214 692 260 725 ris
277 690 301 726 J
303 691 458 725 ohannes
489 690 560 724 Dei
589 689 702 736 gratia
731 689 827 736 prior
857 687 995 723 ecclesie
1025 687 1135 722 sancti
1161 687 1308 722 Andree
1336 687 1479 735 apostoli
1508 688 1545 722 in
1576 687 1692 723 Scotia

215 746 437 795 ejusdemque
454 746 523 781 loci
546 751 742 780 conventus
759 745 900 779 humilis
929 750 1086 779 eternam
1117 744 1153 777 in
1172 743 1331 778 Domino
1361 743 1518 778 salutem.
1571 744 1692 779 Sciatis

215 803 321 850 quod,
353 802 516 850 inspectis
546 801 648 836 cartis
676 814 760 847 quas
788 800 908 835 dilecti
935 800 1059 834 fratres
1086 799 1191 833 nostri
1224 798 1344 833 Abbas
1375 805 1410 834 et
1436 805 1631 834 conventus
1649 800 1692 834 de

216 858 364 894 Paflelet
381 859 511 893 habent
528 871 548 892 a
564 857 656 891 bone
674 857 843 891 memorie
862 855 1027 891 XVilelmo
1046 860 1081 890 et
1098 854 1289 889 venerabili
1314 861 1413 902 patre
1438 855 1555 890 nostro
1574 855 1693 891 David

217 916 289 951 Dei
306 915 419 962 gratia
435 914 555 949 Sancti
575 913 722 948 Andree
753 911 930 960 episcopis,
962 911 1063 959 super
1082 910 1229 946 eeclesiis
1247 911 1290 946 de
1310 911 1489 959 Innyrwic
1508 917 1542 947 et
1562 912 1694 959 Lygar-

216 972 299 1006 wod
317 973 353 1006 in
370 971 530 1018 proprios
547 968 627 1004 usus
652 969 830 1009 habendis,
863 973 898 1003 et
926 967 1029 1015 super
1055 968 1233 1002 taxatione
1263 967 1470 1002 vicariarum
1500 968 1536 1002 in
1567 967 1692 1003 eisdem

217 1026 374 1068 eoelestis,
395 1040 469 1068 nos,
489 1026 621 1060 fafitum
640 1038 761 1060 eorum
778 1024 879 1072 super
892 1023 1058 1071 premiffis
1072 1023 1314 1071 approbanteS,
1335 1028 1370 1058 et
1382 1024 1544 1071 operibus
1556 1024 1693 1071 pietatis

217 1089 386 1131 quantum
405 1083 441 1117 in
458 1082 558 1116 nobis
575 1081 622 1116 est
639 1081 886 1115 auctoritatem
905 1085 939 1114 et
957 1078 1125 1114 assensum
1152 1079 1352 1127 prestanteS‚
1385 1078 1519 1115 easdem
1538 1079 1694 1115 ecclefias

219 1141 320 1176 (116ὶί5
339 1139 471 1174 Abbati
501 1145 536 1173 et
567 1137 757 1172 conventui
784 1136 1000 1184 presentibus
1030 1142 1065 1171 et
1091 1136 1217 1170 futuris
1245 1137 1454 1171 auctoritate
1481 1136 1694 1184 presentium

220 1197 443 1233 concedimus
462 1201 496 1230 et
514 1195 783 1229 confirmamus:
813 1192 1001 1227 Tenendas
1030 1198 1064 1227 et
1093 1192 1268 1226 habendas
1294 1192 1381 1226 adeo
1399 1192 1507 1227 libere
1526 1198 1561 1227 et
1578 1193 1695 1239 quiete

220 1254 303 1290 ficut
321 1253 427 1299 aliqui
456 1252 522 1287 viri
540 1249 688 1297 religiosi
706 1250 836 1296 aliquas
855 1247 1020 1289 ecclefias,
1039 1247 1098 1282 fibi
1116 1249 1152 1282 in
1170 1249 1331 1295 proprios
1347 1247 1428 1282 usus
1447 1249 1543 1283 datas
1561 1254 1596 1283 et
1614 1262 1695 1284 con-

220 1309 335 1351 cessae,
355 1309 391 1343 in
410 1307 607 1355 episcopatu
627 1306 747 1341 Sancti
766 1305 913 1339 Andree
930 1304 1072 1339 liberius
1090 1310 1125 1339 et
1142 1305 1291 1351 quietius
1308 1309 1431 1339 tenent
1449 1310 1483 1340 et
1500 1303 1694 1352 poflident3

222 1366 332 1401 Salvis
349 1364 568 1412 portionibus
586 1375 654 1409 que
672 1362 716 1396 ad
729 1361 1012 1396 sustentationem
1025 1361 1247 1401 vicariorum,
1268 1361 1443 1395 dictorum
1456 1360 1695 1409 episcoporum

222 1422 442 1461 au6t0ritate,
471 1425 587 1454 taxate
605 1418 683 1453 sunt
702 1423 737 1452 et
753 1416 929 1464 assignate,
956 1416 1120 1451 videlicet
1144 1423 1184 1451 ut
1213 1417 1361 1451 vicarius
1380 1417 1422 1451 de
1442 1417 1621 1465 Innyrwic
1639 1419 1697 1453 ha-

220 1479 300 1513 beat
317 1476 523 1522 alteragium
542 1487 621 1509 cum
639 1487 711 1509 una
727 1487 807 1508 acra
826 1481 917 1508 terre
936 1486 979 1507 ex
997 1473 1204 1507 occidentali
1230 1478 1328 1520 parte
1346 1474 1517 1514 cimiterii,
1549 1474 1697 1509 redden-

223 1536 267 1569 do
286 1534 367 1568 inde
385 1532 526 1579 singulis
547 1532 647 1566 annis
673 1531 775 1565 dietis
795 1529 926 1564 Abbati
952 1534 987 1563 et
1013 1529 1203 1563 conventui
1230 1529 1359 1576 septem
1386 1542 1518 1564 marcas
1547 1531 1695 1576 argenti,

222 1590 371 1625 vicarius
388 1601 473 1622 vero
492 1588 534 1622 de
554 1586 780 1634 Lygardwod
798 1585 923 1619 habeat
940 1589 1054 1619 totum
1073 1584 1279 1631 alteragium
1306 1590 1424 1631 preter
1449 1591 1590 1620 terram.
1636 1586 1697 1620 Vi-

223 1646 306 1682 carii
325 1658 408 1680 vero
426 1644 485 1690 qui
502 1656 566 1690 pro
584 1649 742 1690 tempore
772 1643 809 1676 in
837 1640 963 1676 eisdem
995 1638 1141 1675 ecclesiis
1171 1639 1376 1680 deservient,
1405 1640 1697 1687 presentabuntur

225 1701 400 1750 episcopie,
421 1706 456 1735 et
474 1699 734 1746 respondebunt
753 1698 795 1732 de
814 1696 1063 1744 episcopalibus
1081 1701 1116 1730 et
1134 1696 1295 1730 omnibus
1321 1696 1486 1731 oneribus
1502 1697 1696 1732 ordinariis.

226 1759 274 1793 Et
290 1763 331 1792 ut
349 1757 412 1791 hec
431 1754 599 1790 concessio
612 1760 647 1789 et
661 1755 880 1789 confirmatio
894 1752 1009 1787 nostra
1026 1752 1134 1786 robur
1152 1753 1307 1799 optineat
1325 1758 1493 1799 perpetue
1511 1753 1696 1794 firmitatis,

224 1815 315 1849 hanc
332 1813 494 1860 paginam
512 1811 611 1845 scribi
630 1811 774 1845 fecimus
791 1809 902 1855 gratia
919 1808 1115 1848 testimonii,
1145 1808 1364 1842 auctorit-atis
1382 1814 1417 1842 et
1434 1806 1593 1850 affensus,
1614 1815 1648 1844 et
1666 1811 1698 1844 ei

225 1869 373 1916 sigillum
391 1868 533 1915 capituli
551 1866 656 1901 nostri
673 1866 911 1900 auctenticum
929 1863 1160 1911 apposuimus.
1212 1864 1347 1898 Datum
1361 1877 1454 1898 anno
1465 1866 1575 1911 gratie
1589 1865 1698 1900 mille-

226 1924 308 1960 fimo
327 1922 560 1959 ducentefimo
578 1920 837 1969 quadragesimo
863 1921 1019 1968 septime,
1052 1920 1107 1955 die
1134 1919 1384 1967 purificationis
1410 1920 1509 1956 beate
1528 1920 1695 1967 Virginis,

227 1982 320 2029 apud
339 1981 507 2016 Sanctum
527 1979 720 2018 Andream,
740 1977 823 2013 teste
841 1978 1004 2025 capitulo.

229 2151 386 2185 Donatio
404 2149 505 2197 super
517 2149 598 2197 jure
615 2154 820 2197 patronatus
839 2148 958 2183 Sancti
977 2147 1185 2188 Colmaneli‚
1205 2160 1267 2195 per
1286 2147 1494 2195 Dufgallum
1513 2147 1623 2182 filium
1639 2147 1697 2194 Sy-

228 2208 310 2253 fyn’,
335 2207 371 2240 in
392 2206 530 2240 Kentir.

231 2317 468 2352 OMNIBUS
486 2316 603 2351 sancte
621 2317 739 2351 matris
758 2315 894 2351 ecclefie
914 2317 991 2352 filiis
1011 2322 1045 2351 et
1062 2316 1222 2351 fidelibus
1239 2315 1378 2364 presens
1395 2315 1559 2363 scriptum
1576 2313 1697 2348 visuris

230 2373 285 2408 vel
303 2373 471 2408 audituris
487 2373 675 2419 Dufgallus
689 2373 780 2408 filius
793 2373 911 2421 Syfyn'
930 2373 1084 2408 salutem.
1117 2373 1269 2409 Noverit
1286 2372 1397 2409 vestra
1413 2369 1614 2407 universitas
1628 2382 1695 2409 me,
