1839 2652
749 269 819 304 DE
848 270 1116 306 PASSELET.
1628 282 1674 312 ‹1ss

194 366 228 396 et
247 361 415 396 elameum
435 364 528 409 quod
548 365 683 399 ratione
701 366 757 399 vel
773 366 948 402 occasione
967 368 1165 415 hujusinodi
1176 369 1284 403 annui
1299 369 1455 404 redditus
1468 369 1535 406 five
1548 385 1664 408 annue

191 417 373 465 pensionis,
403 433 485 466 erga
512 421 689 468 predictos
719 423 898 469 religiosos
928 424 970 458 de
1003 423 1183 466 Pass'eleto‚
1219 438 1373 472 unquam
1400 426 1585 462 habuimus
1610 428 1667 463 seu

192 475 463 516 vendicavimus,
492 482 552 511 aut
582 477 708 512 habere
738 477 796 512 seu
824 479 1009 514 vendicare
1027 481 1220 527 poterimus
1248 482 1284 515 in
1314 482 1484 523 futurum,
1512 484 1668 519 totaliter

191 529 370 578 resignasse
389 537 423 566 et
441 533 598 578 quietum
617 533 773 568 clamasse
791 535 1060 581 imperpetuum,
1088 549 1127 571 ac
1154 538 1248 571 omni
1270 537 1343 584 juri
1371 539 1407 572 in
1434 539 1529 574 dicto
1548 553 1666 575 annuo

191 588 330 622 redditu
348 587 415 622 five
433 602 550 623 annua
567 589 740 636 pensione,
761 590 861 624 nobis
887 590 945 625 seu
964 590 1209 626 successoribus
1227 593 1348 627 nostris
1377 597 1591 642 competenti
1610 595 1667 631 seu

191 644 435 690 competituro,
455 644 682 685 renunciaffe,
713 645 892 692 ipsumque
910 659 1067 681 annuum
1086 648 1262 682 redditum
1281 650 1512 697 quadraginta
1537 665 1666 687 marca-

189 713 279 740 rum,
309 712 351 734 ex
369 700 471 734 certis
490 699 594 734 caufis
612 713 676 734 nos
694 702 737 735 ad
756 701 821 735 hoc
840 702 1072 743 moventibus,
1101 717 1144 737 ex
1162 716 1257 738 nunc
1286 706 1426 751 penitus
1443 707 1664 753 resignamus,

190 761 225 790 et
243 756 355 790 eidem
375 756 529 790 cedimus
556 762 591 791 et
616 758 874 798 renunciamus,
903 763 973 792 tam
1000 759 1104 793 tacite
1132 772 1236 805 quam
1267 759 1432 807 expresse,
1462 762 1666 798 cessantibus

190 812 227 846 in
238 812 301 846 hac
315 817 412 859 parte
425 812 507 846 dolo
526 818 560 847 et
577 812 699 847 fraude
717 813 978 860 quibuscunque
992 829 1001 858 3
1023 815 1217 861 obligantes
1231 828 1306 856 nos,
1320 818 1466 864 priore.S,
1480 815 1666 855 canonicos

191 875 225 904 et
243 869 413 903 moniales
431 869 619 916 predictos,
650 875 683 904 et
701 868 906 904 successores
925 869 1058 905 nostros
1075 871 1134 917 qui
1151 884 1216 918 pro
1234 877 1392 919 tempore
1424 880 1538 915 erunt,
1572 877 1665 922 quod

190 924 405 972 supradictos
433 926 524 959 viros
550 925 728 971 religiosos
751 927 793 960 de
821 925 991 961 Paffeleto
1019 931 1079 959 aut
1109 926 1355 960 monasterium
1387 929 1592 970 eorundem,
1622 931 1666 963 ob

195 981 344 1027 aliquam
363 980 496 1016 causam
514 981 714 1028 predictum
732 995 889 1017 annuum
908 982 1085 1017 redditum
1112 987 1384 1017 concernentem
1402 983 1460 1018 seu
1491 985 1527 1018 in
1556 985 1665 1032 poste-

189 1049 268 1072 rum
295 1050 508 1072 concernere
534 1038 721 1079 valentem,
750 1039 951 1074 nullatenus
969 1039 1224 1073 molestabimus
1242 1046 1302 1074 aut
1320 1041 1590 1087 inquietabimus
1608 1042 1664 1077 seu

189 1105 272 1139 erga
284 1092 372 1140 ipsos
390 1092 567 1140 religiosos
581 1100 641 1129 aut
655 1095 900 1130 monasterium
916 1096 1120 1136 eorundem,
1137 1096 1283 1143 alicujus
1297 1096 1367 1131 litis
1382 1097 1596 1143 questionem
1608 1100 1663 1133 vel

190 1149 459 1184 controversiam
478 1150 697 1196 aliquatenus
723 1151 940 1186 movebimus
966 1152 1002 1186 in
1032 1153 1202 1193 futurum,
1232 1153 1423 1187 dummodo
1442 1153 1501 1200 ipsi
1519 1154 1667 1201 religiosi

189 1206 254 1240 viri
275 1206 393 1240 Abbas
412 1211 446 1240 et
465 1212 658 1241 conventus
676 1207 718 1241 de
739 1206 907 1242 Paffeleto
925 1210 1085 1256 predicti,
1100 1210 1296 1257 hujusmodi
1313 1224 1471 1246 annuum
1489 1213 1665 1247 redditum

190 1262 419 1308 quadraginta
431 1275 626 1297 marcarum
642 1263 749 1297 nobili
765 1265 840 1298 viro
854 1265 996 1299 domino
1004 1265 1169 1300 Wilelmo
1182 1266 1277 1300 dieto
1286 1266 1391 1302 More
1404 1268 1516 1309 militi,
1533 1269 1666 1303 heredi-

190 1318 254 1352 bus
266 1323 300 1352 et
312 1316 483 1364 aflignatis
497 1317 575 1358 suis,
591 1317 730 1364 singulis
742 1320 851 1360 annis,
869 1321 912 1355 de
927 1327 1055 1362 cetero,
1072 1322 1329 1368 imperpetuum
1343 1323 1490 1364 solvant,
1507 1337 1546 1359 ac
1559 1324 1617 1371 ipfi
1632 1331 1665 1358 et

189 1373 264 1421 ipsis
276 1374 402 1408 amodo
418 1373 711 1420 ‹zm-respondeant
726 1381 759 1409 et
771 1374 974 1411 fiatisfaciant
989 1377 1031 1411 de
1044 1378 1176 1418 eadem,
1195 1384 1301 1425 prout
1315 1384 1483 1414 tenentur
1496 1386 1530 1415 et
1542 1382 1585 1415 ad
1600 1382 1665 1415 hoc

188 1430 267 1464 sunt
285 1429 424 1464 astricti.
478 1430 521 1463 In
540 1430 638 1477 cujus
656 1431 706 1464 rei
725 1431 957 1467 testimonium
988 1433 1048 1467 has
1066 1438 1225 1480 patentes
1243 1435 1376 1469 litteras
1394 1435 1492 1482 sigilli
1511 1450 1665 1471 commu-

187 1486 240 1520 nis
274 1485 379 1520 nostri
406 1486 537 1520 ordinis
569 1487 611 1520 de
642 1486 900 1534 Simpringham
929 1488 1146 1536 appensione,
1177 1495 1212 1524 et
1240 1491 1346 1525 nostri
1373 1505 1442 1538 quo
1470 1493 1603 1527 utimur
1630 1494 1665 1527 in

190 1542 304 1576 officio
321 1541 449 1582 nostrO,
466 1542 667 1576 coroborari
685 1543 829 1578 fecimus
844 1550 878 1578 et
890 1546 1109 1580 communiri.
1146 1545 1282 1581 Datum
1298 1549 1390 1595 apud
1404 1548 1663 1595 Simpringham

188 1600 224 1633 in
243 1599 348 1633 domo
367 1598 482 1633 nostra
500 1599 692 1646 capitulari,
713 1600 848 1634 decimo
866 1601 971 1635 tertio
989 1602 1155 1636 kalendas
1172 1601 1259 1636 Maii
1279 1616 1371 1638 anno
1392 1604 1539 1638 Domini
1557 1605 1665 1639 mille-

186 1655 269 1689 simo
287 1654 528 1690 trecentesimo
546 1654 753 1701 sexagesimo
772 1657 909 1691 octavo.

189 1822 401 1870 Compositio
420 1823 527 1857 annui
546 1823 702 1858 redditus
721 1824 813 1858 faeta
830 1824 922 1859 inter
943 1825 1117 1860 Abbatem
1144 1832 1178 1861 et
1205 1832 1418 1862 conventum
1444 1827 1486 1862 de
1517 1827 1660 1869 Passeto,

187 1885 221 1914 et
241 1880 422 1914 dominum
443 1879 645 1914 lVilelmum
665 1879 782 1914 More.

187 1992 468 2028 UNIVERSIS
486 1993 529 2026 ad
546 2005 694 2038 quorum
715 1993 875 2027 notitiam
893 1992 1069 2040 presentes
1100 1994 1200 2029 litere
1228 1995 1454 2041 pervenerint
1480 1995 1661 2030 Johannes

188 2050 278 2096 regis
298 2050 412 2085 Scotie
430 2050 684 2097 primogenitus
702 2063 818 2084 comes
836 2050 878 2084 de
899 2050 1020 2084 Carrio
1048 2055 1083 2084 et
1104 2049 1309 2084 senescallus
1328 2050 1454 2090 Scotie,
1476 2050 1660 2085 Wilelmus

187 2118 302 2140 comes
321 2106 363 2140 de
379 2105 550 2152 DouglaS,
572 2105 683 2152 Hugo
703 2105 745 2139 de
764 2105 957 2153 Eglynton,
979 2106 1116 2139 Alanus
1131 2105 1356 2145 senescallus,
1373 2105 1511 2146 milites,
1530 2105 1554 2141 J
1556 2106 1661 2140 ohan-

187 2174 248 2197 nes
266 2163 309 2196 de
329 2163 449 2198 Carrio
468 2162 655 2196 canonicus
674 2161 895 2208 Glasguensis
913 2162 1139 2196 cancellarius
1154 2161 1281 2201 Scotie,
1302 2160 1461 2206 magister
1476 2160 1660 2196 wilelmus

188 2219 229 2252 de
249 2218 453 2264 Dalgarnoc
471 2218 658 2252 canonicus
676 2218 719 2252 de
738 2217 920 2258 Dunkeld,
951 2216 1066 2251 Adam
1086 2215 1205 2249 Forest
1222 2215 1462 2249 aldirmannus
1480 2215 1522 2249 de
1542 2215 1661 2263 Edyn-

186 2274 310 2320 burgh,
340 2279 374 2308 et
393 2273 529 2307 Alanus
548 2273 590 2307 de
617 2273 801 2313 Lawedre,
830 2272 974 2307 salutem
1005 2273 1040 2306 in
1069 2271 1228 2305 Domino
1258 2270 1513 2318 sempiternam.
1567 2271 1659 2307 Cum

185 2342 298 2376 nuper
310 2328 411 2375 super
422 2327 598 2374 questione
609 2327 668 2363 seu
682 2327 916 2364 controversia
927 2333 1022 2362 mota
1036 2327 1128 2361 inter
1140 2327 1321 2362 dominum
1336 2327 1537 2362 Wilelmum
1551 2327 1659 2363 More
