1870 2683
175 282 245 313 412
588 273 903 310 REGISTRUM
932 271 1268 307 MONASTERII

177 380 372 409 carucatam
390 377 484 406 terre
502 371 595 418 apud
625 370 793 404 Innirwic
819 382 897 403 cum
928 368 1104 402 communi
1130 367 1267 414 pastura
1293 366 1443 413 ejusdem
1471 367 1577 410 ville3
1605 368 1652 402 Et

178 436 291 464 totum
311 428 551 462 molendinum
571 427 614 460 de
635 425 804 459 Innirwic
822 430 938 471 preter
969 436 1125 457 annuum
1154 423 1328 457 redditum
1348 423 1451 456 unius
1470 435 1582 457 marce
1601 437 1652 457 ar-

177 486 274 533 genti
293 497 394 530 quem
415 482 559 517 redditis
578 495 620 516 ex
639 481 763 516 eodem
780 495 788 522 3
820 480 866 514 Et
883 492 989 514 unam
1015 479 1156 512 ialinam
1188 479 1223 511 in
1256 477 1440 519 Kalentir3
1471 477 1517 511 Et
1543 484 1653 512 totam

178 548 307 575 terram
327 540 369 573 de
389 538 551 573 Prestwic
569 549 649 572 cum
667 536 886 583 pertinentiis
916 535 983 570 suis
1009 548 1076 581 que
1102 548 1197 569 nunc
1224 535 1351 569 dicitur
1368 535 1451 569 villa
1468 535 1654 569 monacho-

175 609 253 630 rum
273 610 282 638 3
312 595 359 629 Et
376 602 505 629 terram
526 593 568 627 de
589 592 800 627 Moniabroc
816 591 901 626 ficut
913 593 948 626 in
959 591 1194 626 instrumentis
1209 592 1419 625 donatorum
1433 591 1559 625 dicitur
1573 604 1654 626 con-

175 652 302 694 tineri3
333 651 380 685 Et
397 662 554 685 annuum
573 649 749 683 redditum
768 649 922 694 quinque
948 661 1144 682 marcarum
1177 649 1313 695 argenti
1344 660 1447 694 quem
1478 648 1654 694 percipitis

176 708 270 755 apud
292 707 452 741 Machlin
469 721 477 747 3
510 705 556 739 Et
575 704 818 739 molendinum
838 705 881 739 de
902 703 1048 739 Paffelet
1067 717 1145 739 cum
1164 704 1224 738 sua
1248 704 1405 751 plenaria
1421 703 1524 743 secta,
1556 704 1651 750 quod

174 777 193 797 a
211 763 320 797 nobili
338 763 414 796 viro
436 762 592 796 Waltero
611 761 683 795 filio
704 760 809 794 Alani
837 760 1023 795 senescallo
1044 761 1151 807 Regis
1171 761 1296 800 Scotie,
1328 760 1525 794 monasterii
1554 760 1652 795 vestri

174 825 334 866 patrono,
366 819 491 853 tenetis
509 818 552 852 ad
573 822 773 864 perpetuam
793 817 955 860 firmam3
987 817 1032 851 Et
1050 829 1204 851 annuum
1225 816 1401 851 redditum
1421 817 1567 850 duarum
1587 817 1653 851 cel-

176 875 315 908 drarum
336 874 446 908 farine
475 886 517 908 ex
548 873 648 907 firma
667 871 818 919 ejusdem
838 873 1031 907 molendini
1062 886 1165 918 quem
1195 873 1286 906 idem
1316 870 1529 906 senescallus
1555 873 1652 907 vobis

176 931 326 965 contulit
357 931 487 964 intuitu
505 930 665 977 pietatis·‚
697 928 742 962 Et
761 929 984 963 medietatem
1004 929 1144 976 piscarie
1162 929 1198 962 in
1217 929 1314 962 exitu
1331 929 1426 962 lacus
1452 929 1494 963 de
1514 928 1652 963 Louch-

174 988 325 1027 winnoc,
356 999 434 1020 cum
454 986 613 1020 libertate
632 985 781 1031 piscandi
813 986 849 1018 in
879 984 950 1031 ipso
970 985 1047 1018 lacu
1066 985 1226 1030 quotiens
1245 985 1336 1018 idem
1364 984 1578 1019 Senescallus
1595 986 1651 1020 vel

173 1043 318 1077 heredes
338 1042 412 1089 ejus
431 1042 558 1075 ibidem
589 1040 710 1088 piscari
729 1041 946 1085 [voluerint]
964 1047 1070 1088 prout
1088 1041 1124 1074 in
1142 1040 1369 1074 instrumento
1389 1040 1469 1074 inde
1488 1041 1650 1075 confeffw

175 1099 301 1132 dicitur
319 1098 491 1133 contineri
508 1112 517 1140 3
552 1097 599 1131 Et
617 1103 726 1131 totam
746 1102 875 1130 terram
902 1096 944 1130 de
974 1096 1135 1130 Pennuld
1153 1109 1219 1142 que
1238 1109 1331 1130 nunc
1351 1097 1477 1130 dicitur
1496 1096 1651 1131 Foulton

174 1167 252 1188 cum
271 1154 489 1200 pertinentiis
507 1152 574 1187 suis
591 1165 693 1198 quam
721 1153 819 1186 vobis
847 1152 1023 1199 quondam
1058 1152 1234 1186 Henricus
1262 1152 1304 1185 de
1333 1151 1463 1186 Sancto
1491 1151 1650 1187 Martino

175 1210 217 1244 de
236 1208 366 1244 affenlii
386 1209 518 1243 domini
536 1208 585 1242 sui
604 1209 700 1243 vobis
715 1209 864 1243 contulit
878 1209 1006 1244 intuitu
1022 1210 1158 1256 pietatis
1174 1223 1182 1251 ;
1214 1210 1260 1243 Et
1285 1215 1413 1243 terram
1432 1210 1523 1242 inter
1542 1208 1651 1243 Maclx

173 1271 208 1299 et
229 1265 410 1299 Kaldouer
428 1278 507 1299 cum
527 1264 591 1298 suis
609 1265 828 1311 pertinentiis
844 1278 853 1307 3
884 1264 930 1299 Et
947 1270 1082 1312 partem
1100 1265 1194 1298 illam
1221 1270 1314 1299 terre
1331 1265 1391 1298 ubi
1409 1264 1650 1299 molendinum

173 1321 216 1355 de
252 1319 399 1355 Paffelet
432 1320 531 1355 situm
563 1320 609 1354 est
636 1333 698 1367 per
729 1326 840 1354 certas
873 1326 982 1355 metas
1022 1333 1041 1354 a
1081 1321 1211 1355 dilecto
1244 1321 1359 1365 [dicto
1375 1322 1408 1363 ?]
1453 1319 1649 1355 Senescallo

172 1376 269 1410 vobis
287 1376 510 1423 assignatam3
541 1376 588 1410 Et
617 1381 744 1410 terram
764 1376 857 1410 ultra
885 1376 976 1410 Kert
1003 1377 1094 1411 inter
1126 1376 1258 1423 Espdar
1286 1382 1320 1411 et
1351 1377 1541 1423 Aldpatrik
1566 1375 1650 1411 ficut

173 1433 264 1466 idem
286 1432 500 1468 Senescallus
518 1432 616 1466 vobis
646 1432 752 1471 dedit,
786 1444 865 1467 cum
897 1432 1057 1466 omnibus
1088 1433 1304 1466 libertatibus
1334 1438 1368 1466 et
1396 1432 1588 1466 afiamentis
1614 1433 1650 1467 in

173 1489 297 1523 foresta
315 1488 415 1536 ipfius
433 1489 476 1523 de
496 1486 642 1522 Paffelet
673 1494 707 1522 et
739 1489 940 1522 Senecathir
958 1494 1063 1535 prout
1091 1489 1127 1522 in
1153 1488 1228 1535 ipfis
1255 1489 1378 1523 litteris
1397 1488 1523 1522 dicitur
1541 1489 1649 1522 conti-

174 1545 249 1579 neri
264 1560 273 1587 ;
296 1545 341 1579 Et
360 1551 489 1579 terram
504 1544 596 1591 apud
612 1544 796 1578 Carnebro
809 1557 910 1590 quam
924 1545 1057 1578 habetis
1069 1558 1111 1579 ex
1126 1545 1219 1579 dono
1234 1545 1408 1591 quondam
1425 1544 1575 1579 witredi
1586 1544 1648 1579 filii

175 1600 329 1646 Pagani3
360 1600 405 1635 Et
424 1606 552 1634 terram
571 1600 664 1646 apud
684 1599 782 1634 Orde
802 1613 845 1634 ex
863 1600 957 1634 dono
975 1601 1152 1646 quondam
1171 1600 1308 1635 Valteri
1328 1600 1502 1642 Murdac3
1532 1600 1648 1635 Etan-

174 1669 284 1690 nuum
304 1656 480 1691 redditum
499 1656 603 1690 unius
622 1656 738 1690 celdre
756 1656 923 1690 frumenti
941 1669 1044 1702 quem
1062 1657 1236 1703 percipitis
1255 1669 1297 1690 ex
1316 1656 1505 1690 donatione
1523 1656 1648 1690 nobilis

173 1712 238 1745 viri
258 1712 398 1746 Patricii
417 1712 552 1746 comitis
570 1712 613 1746 de
632 1711 794 1745 Dumbar
810 1726 819 1754 ;
849 1711 904 1746 Ex
923 1712 1016 1746 dono
1035 1712 1126 1746 bone
1145 1713 1311 1746 memorie
1331 1711 1479 1746 Roberti
1498 1712 1541 1746 de
1554 1711 1649 1746 Lon-

175 1768 286 1802 doniis
304 1768 419 1802 fratris
439 1768 548 1814 Regis
568 1768 695 1807 Scotie,
715 1780 871 1801 annuum
887 1768 1063 1801 redditum
1077 1768 1180 1801 unius
1192 1768 1308 1802 celdre
1321 1768 1487 1802 frumenti
1502 1774 1536 1802 et
1550 1768 1648 1802 dimi-

175 1824 229 1858 die
248 1836 362 1858 marce
381 1824 517 1870 argenti
535 1824 628 1870 apud
648 1823 795 1858 Cadiow
811 1838 820 1865 ;
850 1823 905 1857 Ex
932 1823 1025 1857 dono
1044 1823 1135 1857 bone
1161 1823 1328 1857 memorie
1349 1823 1498 1870 Philippi
1517 1824 1559 1858 de
1578 1823 1648 1858 Va-

173 1880 261 1920 lons,
282 1892 438 1914 annuum
456 1879 632 1914 redditum
650 1879 754 1913 unius
773 1891 887 1913 marce
906 1879 1041 1924 argenti
1059 1879 1151 1925 apud
1172 1879 1354 1921 Kilbride3
1385 1879 1440 1912 Ex
1467 1879 1560 1913 dono
1586 1892 1648 1913 110-

170 1935 248 1969 bilis
266 1936 330 1969 viri
351 1935 533 1970 Malcolmi
552 1935 686 1971 comitis
705 1935 748 1969 de
767 1935 943 1974 Levenax,
964 1935 1139 1981 piscariam
1159 1935 1259 1982 super
1278 1934 1399 1969 Leven
1416 1933 1500 1969 ficut
1513 1935 1547 1969 in
1562 1935 1647 1982 ejus-

174 1991 252 2025 dem
270 1991 395 2025 litteris
413 1992 539 2025 dicitur
557 1992 752 2033 contineri3
782 1991 829 2025 Et
847 2004 891 2025 ex
908 1992 1002 2026 dono
1020 1992 1194 2037 quondam
1215 1992 1354 2026 Thome
1369 1992 1431 2026 filii
1446 1992 1647 2027 Thancardi

172 2054 300 2081 terram
332 2047 425 2094 apud
456 2047 647 2082 Moderual
677 2060 779 2093 quam
810 2047 907 2081 vobis
937 2048 1086 2082 contulit
1116 2048 1246 2082 intuitu
1274 2048 1410 2093 pietatis
1427 2062 1436 2090 ;
1466 2048 1522 2082 Ex
1552 2049 1648 2082 dono

172 2103 345 2148 quondam
364 2103 542 2150 Radulphi
556 2104 599 2137 de
612 2103 716 2137 Clere
729 2108 856 2137 terram
872 2116 938 2148 que
953 2109 1098 2137 vocatur
1111 2103 1244 2145 Garin3
1266 2103 1321 2137 Ex
1336 2103 1429 2137 dono
1445 2103 1570 2137 nobilis
1581 2103 1645 2138 viri

174 2157 338 2192 Duncani
358 2160 493 2193 comitis
511 2160 554 2194 de
573 2159 720 2194 Carreik
739 2165 846 2193 totam
867 2165 996 2193 terram
1016 2159 1058 2192 de
1078 2159 1311 2205 Crosragmol‚
1333 2165 1367 2193 et
1380 2159 1550 2194 Suthblan
1566 2172 1647 2194 cum

172 2214 389 2259 pertinentiis
419 2214 497 2256 suis,
526 2220 561 2250 et
591 2227 696 2249 unam
719 2220 914 2249 carucatam
932 2220 1024 2248 terre
1045 2216 1080 2249 in
1109 2214 1282 2248 Hibernia
1300 2215 1391 2261 apud
1411 2214 1560 2249 Dumals
1577 2227 1644 2260 que

172 2275 315 2303 vocatur
329 2270 480 2311 Tibiror,
501 2277 535 2305 et
547 2284 667 2305 omnes
685 2271 834 2305 decimas
847 2269 974 2310 mense,
995 2271 1193 2305 reddituum
1214 2276 1248 2304 et
1266 2270 1478 2305 escaetorum
1491 2269 1641 2317 ejusdem

174 2325 298 2362 nobilis
316 2332 421 2372 prout
439 2327 474 2360 in
492 2327 616 2361 litteris
635 2327 708 2373 ejus
727 2327 852 2362 dieitur
870 2326 1042 2361 contineri
1057 2340 1067 2369 ;
1102 2326 1267 2361 Preterea
1284 2326 1358 2360 sach
1378 2332 1413 2360 et
1430 2325 1520 2366 loch,
1540 2325 1590 2360 tol
1608 2331 1642 2359 et
