1839 2652
194 252 240 287 92
594 249 910 287 REGISTRUM
938 249 1276 286 MONASTERII

192 357 259 391 que
277 346 320 380 ad
339 346 449 382 dic‘tas
465 351 575 381 terras
593 359 673 381 cum
690 346 910 394 pertinentiis
928 345 1162 394 spectantibus
1180 345 1239 381 seu
1263 346 1353 394 juste
1379 347 1534 394 spthare
1551 349 1668 384 valen-

190 401 282 436 tibus
299 401 563 448 quomodolibet
580 403 617 436 in
634 403 804 443 futurum,
833 408 903 437 tam
931 415 1004 436 non
1029 403 1218 437 nominatis
1235 415 1339 449 quam
1371 404 1569 447 nominatis,
1597 410 1669 441 tam

189 457 250 491 sub
267 463 362 492 terra
378 470 481 504 quam
499 457 601 505 supra
617 463 759 499 terram,
787 459 836 493 ita
861 459 969 493 libere
988 464 1023 493 et
1039 459 1156 505 quiete
1174 459 1211 493 in
1229 459 1390 494 omnibus
1407 464 1442 494 et
1459 472 1521 507 per
1553 463 1670 496 omnia

190 512 273 547 ficut
291 513 407 559 aliqua
424 513 568 549 baronia
594 515 630 548 in
656 527 767 561 regno
787 514 903 550 Scotie
928 527 990 562 per
1016 514 1240 561 quoscunque
1264 513 1519 563 predeceffores
1536 516 1670 552 nostros

190 581 290 615 reges
317 569 470 617 ejusdem
496 570 756 618 quibuscunque
783 570 949 618 religiosis
976 570 1136 605 domibus
1161 571 1198 605 in
1223 571 1368 606 liberam
1395 571 1561 618 regaliam
1588 585 1670 607 con-

188 623 275 659 ceffa
304 625 446 660 liberius
476 632 617 661 tenetur
647 632 682 662 et
711 625 902 675 poffidetur
927 626 986 662 seu
1012 627 1125 661 teneri
1151 627 1255 662 debet
1280 627 1337 662 vel
1365 628 1469 662 etiam
1495 626 1667 675 poflideri.

189 680 310 721 Quare
329 682 491 716 omnibus
509 688 544 717 et
561 682 701 729 singulis
713 683 920 731 justiciariis,
950 683 1157 724 camerariis,
1189 684 1461 725 vicecomitibus,
1489 683 1668 732 prepofitis

187 742 222 770 et
240 749 362 772 eorum
380 738 526 779 ballivis,
557 739 822 774 coronatoribus
849 745 884 774 et
910 739 1033 774 ceteris
1051 739 1211 774 ministris
1238 740 1353 786 regiis,
1381 745 1505 775 tenore
1531 741 1667 788 presen-

187 793 274 827 tium
306 794 454 829 firmiter
479 795 704 842 prohibemus
729 809 774 830 ne
799 796 977 843 predffiffls
1001 796 1180 842 religiosos
1210 795 1266 831 vel
1298 809 1421 831 eorum
1447 795 1664 838 succeffores,

185 854 294 883 terras
312 850 387 884 suas
404 851 579 898 predifflxis
605 858 665 886 aut
683 865 803 887 earum
822 852 964 893 incolas,
992 851 1255 898 quibuscunque
1281 852 1408 886 futuris
1438 853 1665 900 temporibus,

185 911 308 940 contra
324 906 519 953 presentem
532 906 783 943 conceffionem
796 908 946 942 nostram
960 907 1003 942 fic
1014 906 1196 942 salubriter
1209 921 1272 955 per
1286 921 1350 942 nos
1363 908 1504 949 saetam,
1524 916 1665 949 vexent,

186 961 379 1003 molestent,
399 964 600 1010 impediant,
620 965 838 1012 perturbent,
867 970 928 999 aut
953 963 1148 1010 aliqualiter
1165 964 1372 1010 inquietent,
1399 964 1461 998 sub
1483 977 1576 1012 pena
1594 979 1666 1000 om-

184 1018 283 1052 nium
301 1032 369 1065 que
387 1033 470 1066 erga
495 1020 645 1055 nostram
672 1022 802 1067 regiam
830 1020 1040 1068 majestatem
1058 1020 1170 1054 amitti
1196 1025 1364 1067 poterunt
1389 1021 1663 1067 quoquomodo:

184 1073 214 1107 F
215 1075 360 1109 aciendo
379 1076 460 1118 inde
478 1076 577 1111 nobis
596 1082 630 1111 et
647 1077 834 1112 heredibus
852 1077 975 1112 nostris
993 1077 1078 1111 dieti
1095 1076 1243 1123 religiosi
1261 1082 1296 1111 et
1313 1090 1436 1112 eorum
1458 1075 1665 1112 succeffores

182 1130 440 1178 imperpetuum
460 1133 660 1167 orationum
678 1133 838 1180 suffragia
868 1138 1006 1168 tantum
1032 1145 1097 1180 pro
1124 1133 1220 1167 omni
1246 1133 1314 1167 alio
1341 1132 1480 1168 servitio
1508 1133 1663 1168 seculari.

185 1186 230 1220 In
250 1187 348 1234 cujus
365 1189 415 1222 rei
434 1188 668 1223 testimonium
688 1189 840 1236 presenti
859 1194 953 1224 carte
976 1188 1091 1223 nostre
1117 1188 1272 1223 nostrum
1298 1189 1510 1236 precipimus
1535 1191 1665 1237 apponi

181 1241 342 1289 sigillum.
394 1244 564 1286 Testibus,
593 1245 848 1280 venerabilibus
874 1245 910 1279 in
937 1244 1049 1279 Cristo
1080 1245 1236 1291 patribus
1267 1244 1425 1280 VValtero
1453 1251 1488 1280 et
1515 1245 1664 1280 Matheo

183 1299 434 1335 Sarlc'tiandree
452 1306 487 1335 et
505 1300 726 1348 Glasguenfis
757 1300 976 1336 ecclesiarum
1003 1300 1180 1347 episcopis,
1212 1300 1372 1335 Roberto
1391 1301 1518 1336 comite
1537 1302 1580 1336 de
1599 1301 1629 1336 F
1629 1302 1670 1348 yf

182 1361 216 1389 et
234 1356 277 1390 de
298 1355 463 1391 Menteth
481 1357 589 1391 fratre
607 1357 723 1392 nostro
750 1355 929 1397 cariffimo,
960 1356 1185 1391 Archebaldo
1217 1357 1343 1391 comite
1362 1357 1405 1391 de
1424 1357 1585 1404 Douglas
1604 1358 1663 1392 do-

181 1412 277 1446 mino
296 1412 483 1454 Galwidie‚
505 1413 667 1460 magistro
687 1414 866 1448 Duncano
886 1413 989 1460 Petyt
1007 1413 1253 1447 archidiacono
1273 1412 1479 1459 Glalguensl
1497 1414 1663 1449 cancella-

180 1469 232 1502 rio
251 1468 378 1510 nostro,
405 1469 539 1505 Jacobo
558 1470 600 1504 de
620 1469 781 1516 Douglas
808 1470 951 1504 domino
970 1469 1013 1503 de
1032 1468 1201 1509 Dalketh‚
1230 1474 1264 1503 et
1292 1468 1431 1503 Thoma
1449 1469 1492 1504 de
1512 1469 1659 1517 Erikyn,

180 1523 448 1571 consanguineis
461 1525 583 1559 nostris
603 1525 749 1566 dilectis,
770 1525 948 1565 militibus,
981 1525 1073 1571 apud
1092 1524 1273 1559 Linlithcu
1291 1526 1414 1570 quinto
1445 1525 1500 1559 die
1528 1525 1661 1573 Aprilis

180 1592 273 1614 anno
292 1581 391 1626 regni
410 1581 515 1615 nostri
533 1581 641 1616 sexto·

181 1750 414 1784 Confirmatio
439 1750 562 1785 Jacobi
581 1749 753 1785 senescalli
775 1749 890 1784 Scotie
909 1749 952 1783 de
971 1749 1073 1783 certis
1102 1748 1291 1796 privilegiis
1310 1748 1472 1783 concessis
1489 1750 1657 1786 monaste-

176 1807 230 1840 rio
250 1806 292 1840 de
312 1805 456 1847 Passet0‚
486 1806 648 1841 videlicet
665 1806 862 1853 lapidicinia
892 1805 1075 1851 frangendi
1101 1810 1172 1839 tam
1192 1805 1273 1850 [ad]
1293 1805 1525 1840 edificandum
1551 1819 1654 1852 quam

178 1862 221 1896 ad
240 1862 370 1896 calcem
389 1862 662 1903 conburendam,
682 1862 772 1896 infra
790 1862 970 1896 baroniam
989 1861 1031 1895 de
1052 1860 1202 1896 Renfru.

177 1973 416 2009 OMNIBUS
435 1974 524 2009 hanc
542 1980 672 2009 cartam
700 1974 821 2008 visuris
852 1974 908 2009 vel
933 1973 1102 2008 audituris
1128 1973 1281 2009 Jacobus
1306 1972 1509 2008 senescallus
1536 1973 1651 2009 Scotie

174 2030 319 2065 salutem
337 2030 374 2064 in
393 2030 563 2065 Domino.
593 2030 687 2072 Quia
704 2028 933 2064 antecessores
950 2030 1018 2063 mei
1036 2029 1078 2063 ab
1096 2030 1196 2064 initio
1214 2029 1459 2064 monasterium
1479 2030 1521 2064 de
1542 2029 1652 2065 Passe-

174 2087 223 2121 let
241 2085 473 2121 construendo
490 2086 738 2126 fundaverunt,
767 2092 801 2120 et
829 2086 909 2120 Deo
936 2090 970 2119 et
998 2085 1127 2120 83ηὸὶο
1153 2085 1287 2121 Jacobo
1306 2091 1340 2120 et
1359 2086 1489 2120 San6to
1515 2085 1650 2121 Mirino

175 2148 210 2176 et
227 2142 405 2176 monachis
422 2142 548 2177 ibidem
570 2142 650 2177 Deo
668 2141 896 2177 servientibus
923 2147 957 2176 et
983 2142 1241 2188 imperpetuum
1260 2141 1435 2177 servituris
1455 2141 1573 2189 plures
1591 2142 1651 2176 do-

174 2200 333 2233 nationes
347 2204 382 2232 et
395 2198 572 2233 libertates
583 2199 626 2233 ad
638 2199 831 2233 eorundem
845 2197 1137 2238 sustentationem,
1146 2198 1277 2232 intuitu
1288 2197 1359 2232 Dei
1371 2198 1649 2244 et[pro]anima-

174 2267 253 2288 rum
267 2254 403 2288 suarum
418 2261 588 2302 perpetua
604 2254 723 2296 salute,
744 2255 922 2289 caritative
940 2254 1177 2294 contulerunt,
1198 2253 1276 2300 Ego
1290 2253 1469 2300 predictus
1482 2253 1644 2293 Jacobus,

176 2310 219 2344 ob
238 2310 459 2346 devotionem
480 2316 513 2346 et
531 2311 685 2348 favorem
705 2324 788 2358 erga
805 2310 982 2359 predifi'ws
999 2308 1177 2358 religiosos
1195 2314 1415 2357 conceptum,
1442 2309 1564 2345 volens
1590 2322 1647 2344 eo-
