1839 2652
196 299 265 330 <238
592 288 907 325 REGISTRUM
934 288 1271 324 MONASTERII

199 446 372 482 Institutio
392 442 529 479 ecclefie
547 443 590 478 de
609 440 761 489 Largyls
771 454 833 489 per
852 442 1039 476 Decanum
1057 441 1100 475 de
1119 440 1367 488 Cunyngham.

198 555 511 592 CAPITULUM
531 553 767 600 Glalgwense,
796 552 874 588 sede
893 559 1047 594 vacante,
1078 553 1224 589 Decano
1252 554 1294 588 de
1326 553 1561 601 Cunyngham
1579 553 1666 589 salu-

197 619 278 648 tem.
333 613 427 653 Quia
444 611 569 645 nobilis
589 611 640 644 vir
659 610 820 644 dominns
841 609 1016 644 Walterus
1041 609 1246 644 senescallus
1266 610 1381 645 Scotie
1399 609 1564 656 religiosis
1582 610 1665 644 viris

198 669 329 703 Abbati
356 674 390 702 et
418 667 607 702 conventui
626 665 821 700 monasterii
851 666 893 700 de
913 665 1083 700 Pafl'eleto
1111 665 1284 700 ecclefiain
1312 666 1354 700 de
1374 664 1526 712 Largyff
1536 666 1668 700 intuitu

197 725 345 760 contulit
364 724 525 764 caritatis,
559 729 593 757 et
620 722 785 756 discretus
803 723 856 755 vir
875 722 1037 756 dominus
1059 722 1241 756 Wilelmus
1269 722 1311 756 de
1343 721 1527 769 Lyndysay
1545 723 1666 757 rector

197 780 348 828 ejusdem
368 781 512 815 eandem
541 779 640 813 nobis
666 777 872 823 refignafl'et,
900 791 1003 824 quam
1031 791 1074 812 ex
1092 779 1194 812 certis
1213 777 1317 812 caufis
1347 791 1411 812 nos
1429 779 1661 818 moventibus,

196 837 347 871 caritatis
366 837 506 875 intuitu,
534 835 570 868 in
597 835 756 881 proprios
774 834 854 868 usus
880 835 981 869 dietis
1008 834 1173 881 religiofis
1200 835 1422 874 contulimus,
1451 834 1548 869 vobis
1573 847 1670 869 man-

195 894 316 927 dantes
334 899 506 938 quatenus
524 892 661 926 eosdem
680 889 858 936 religiosos
875 891 931 925 vel
951 903 1073 924 eorum
1092 896 1357 938 procuratorem
1384 891 1420 924 in
1447 891 1664 937 corporalem

195 948 433 996 poffeflionem
453 948 545 982 dicte
564 946 703 981 ecclefie
730 959 809 981 cum
829 947 989 980 omnibus
1010 947 1148 993 juribus
1178 952 1211 981 et
1237 947 1456 993 pertinentiis
1483 946 1549 981 suis
1568 947 1668 981 indu-

195 1006 289 1045 catis,
310 1010 344 1039 et
358 1005 522 1038 inductos
536 1003 745 1037 enfitoritate
758 1003 934 1036 ordinaria
948 1003 1153 1043 defendatis,
1174 1003 1450 1037 contradictores
1469 1009 1503 1037 et
1521 1003 1669 1037 rebelles

194 1061 217 1096 fi
235 1063 294 1107 qui
311 1061 441 1095 fuerint
471 1073 533 1107 per
559 1059 737 1094 censuram
765 1057 1018 1093 ecclesiasticam
1047 1057 1313 1106 compescentes
1366 1059 1410 1092 In
1429 1058 1562 1105 fignum
1582 1072 1665 1093 vero

194 1117 418 1152 institutionis
436 1129 497 1163 per
516 1128 577 1151 vos
594 1115 697 1155 facte,
718 1115 914 1161 traditaeque
927 1113 1149 1162 poffelfioniS,
1169 1113 1314 1160 figillum
1334 1115 1483 1149 vestrum
1502 1115 1665 1161 presenti-

194 1174 257 1208 bus
275 1186 381 1221 penes
400 1173 512 1206 (Ιίὅὶοε
542 1170 719 1217 religiosos
750 1177 920 1218 perpetuo
939 1169 1147 1205 remansuris
1173 1171 1366 1216 apponatis·
1419 1170 1553 1205 Datum
1573 1172 1664 1218 apud

196 1230 339 1276 Glasgw
356 1228 417 1263 sub
444 1227 553 1274 figillo
572 1227 713 1274 capituli
733 1227 837 1261 nostri
856 1228 1004 1274 privato,
1037 1227 1142 1261 tertio
1169 1226 1224 1260 die
1244 1226 1425 1260 Februarii
1444 1239 1536 1261 anno
1553 1227 1665 1273 gratie

194 1285 372 1320 millefimo
392 1284 502 1319 CCCc>
520 1284 655 1318 decimo
674 1284 812 1318 oetavo.

196 1455 427 1491 Confirmatio
447 1453 585 1489 ecclesie
604 1454 646 1488 de
665 1452 817 1500 Largyff
827 1466 890 1501 per
907 1453 930 1489 J
933 1453 1107 1488 ohannem
1127 1452 1325 1501 episcopum
1344 1452 1616 1499 Glasgwenlem.

198 1566 436 1603 OMNIBUS
467 1565 585 1600 sancte
604 1567 724 1600 matris
744 1564 882 1600 ecclefie
913 1566 992 1599 filiis
1018 1565 1157 1612 presens
1176 1565 1339 1612 scriptum
1358 1564 1479 1599 visuris
1497 1565 1553 1599 vel
1570 1564 1667 1598 audi-

194 1624 281 1658 turis
298 1623 477 1658 Johannes
502 1621 721 1668 permistione
740 1622 857 1655 divina
877 1620 1055 1668 episcopus
1086 1620 1316 1667 Glasgwenfis
1346 1626 1500 1655 eternam
1529 1621 1564 1654 in
1592 1620 1666 1654 Do-

194 1680 290 1714 mino
317 1678 472 1713 salutem.
525 1678 675 1712 Noverit
701 1676 902 1712 univerfitas
930 1677 1039 1712 vestra
1065 1690 1140 1717 nos,
1173 1677 1289 1711 habita
1320 1675 1593 1711 consideratione
1620 1676 1664 1710 ad

194 1748 320 1782 magna
338 1736 488 1782 dampna
504 1747 571 1781 que
590 1734 834 1768 monasterium
854 1734 896 1768 de
916 1732 1073 1773 Paffelet,
1105 1733 1219 1767 nostre
1238 1731 1388 1772 diocefis,
1422 1733 1552 1766 ordinis
1580 1732 1665 1767 Clu-

194 1790 369 1831 niacenfis‚
408 1797 551 1838 propter
581 1791 691 1824 diram
721 1802 884 1836 guerram
915 1790 1006 1823 inter
1036 1802 1146 1835 regna
1172 1789 1304 1834 Anglie
1331 1794 1365 1822 et
1392 1788 1507 1822 Scotie
1534 1788 1664 1823 diutius

195 1848 358 1887 habitam,
378 1846 544 1886 sustinuit,
574 1852 607 1881 et
626 1847 669 1880 ad
689 1846 858 1892 juvamen
876 1845 1003 1879 fabrice
1022 1844 1160 1879 ecclefie
1190 1843 1247 1878 sue
1275 1857 1337 1891 per
1356 1844 1484 1878 dietam
1501 1857 1665 1891 guerram

196 1903 380 1943 combuste,
402 1901 539 1942 dediffe,
560 1900 752 1936 concefliffe
771 1908 805 1936 et
823 1902 887 1936 hac
912 1901 1061 1948 presenti
1092 1906 1186 1935 carta
1216 1900 1330 1934 nostra
1357 1900 1508 1935 caritatis
1534 1901 1664 1935 intuitu

196 1957 421 1999 confirmaffe,
455 1959 535 1992 Deo
566 1964 601 1992 et
626 1958 728 1992 beato
746 1957 890 1997 Jacobo,
925 1957 1055 1991 Sancto
1084 1956 1230 1997 Mirino,
1262 1969 1301 1990 ac
1319 1956 1497 1990 monachis
1514 1957 1551 1990 in
1570 1957 1664 1990 (Ιίἂο

196 2014 402 2050 monasterio
422 2015 503 2048 Deo
522 2013 748 2048 servientibus
766 2019 799 2047 et
818 2014 1074 2060 imperpetuum
1093 2012 1280 2052 flavianis,
1310 2011 1483 2046 eccleliam
1511 2012 1553 2046 de
1581 2011 1666 2046 Lar-

197 2070 277 2118 gyff
286 2072 322 2105 in
342 2071 575 2117 Cunyngham
595 2076 629 2104 et
655 2070 823 2116 capellam
842 2069 993 2116 ejusdem
1022 2069 1064 2103 de
1084 2068 1294 2115 Cumbraye,
1325 2081 1403 2102 cum
1423 2068 1583 2102 omnibus
1609 2069 1666 2103 de-

199 2128 304 2167 cimis,
333 2127 443 2166 terris,
474 2126 645 2160 fruetibus
675 2132 709 2160 et
737 2125 1007 2160 obventionibus
1035 2131 1106 2159 tam
1136 2124 1329 2158 minoribus
1356 2136 1460 2170 quam
1478 2123 1666 2170 majoribus

200 2184 243 2216 ad
262 2183 391 2216 dictam
405 2181 579 2216 eccleliam
598 2182 640 2216 de
653 2182 734 2228 jure
753 2182 809 2215 vel
827 2182 870 2215 de
884 2181 1134 2215 consuetudine
1146 2180 1400 2227 pertinentibus
1417 2179 1473 2214 vel
1491 2180 1666 2226 pertinere

199 2238 393 2273 valentibus
411 2238 466 2272 vel
485 2237 701 2277 debentibus,
722 2238 757 2271 in
776 2250 899 2284 puram
918 2243 952 2271 et
970 2242 1175 2284 perpetuam
1194 2235 1413 2270 elemofinam
1428 2250 1438 2278 3
1460 2235 1664 2269 Tenendam

199 2300 233 2329 et
250 2293 443 2327 habendam
463 2294 721 2340 imperpetuum
752 2294 788 2328 in
817 2292 897 2328 usus
924 2305 1046 2328 eorum
1073 2293 1244 2339 propriOS‚
1276 2292 1363 2326 adeo
1390 2291 1509 2331 libere,
1537 2291 1664 2336 quiete,

199 2350 341 2398 pacifice
360 2355 394 2383 et
415 2350 606 2384 honorifice
623 2348 708 2385 ficut
733 2350 849 2396 aliqua
867 2348 1005 2385 ecclesia
1022 2349 1058 2383 in
1076 2361 1186 2394 regno
1206 2347 1320 2382 Scotie
1338 2347 1489 2387 liberius,
1518 2346 1666 2392 quietius
