1839 2652
782 261 852 297 DE
881 261 1149 297 PASSELET.
1638 266 1685 297 ⁶25

201 356 371 392 Domino.
426 357 648 393 Univerfitati
674 358 783 393 vestre
814 359 1034 393 notificamus
1057 358 1151 405 quod
1178 371 1258 393 cum
1285 358 1471 404 aliquando
1498 359 1590 392 inter
1616 370 1680 392 nos

200 418 235 447 et
254 413 429 448 Abbatem
449 420 483 448 et
502 419 714 449 conventum
734 415 776 449 de
804 413 960 455 Paffelet,
989 429 1105 450 coram
1127 416 1207 449 viris
1225 415 1481 450 venerabilibus
1500 416 1542 449 de
1564 415 1679 462 Kyrk-

200 470 280 504 ham
299 475 333 504 et
352 469 457 504 Novo
475 470 587 517 burgo
607 470 796 511 Prioribus,
818 477 851 505 et
873 471 1041 517 Magistro
1059 470 1231 505 scolarum
1252 470 1441 512 Maltuuin,
1464 471 1642 518 judicibus
1661 485 1680 505 a

201 526 344 560 domino
362 538 451 573 papa
473 526 681 561 Innocentio
700 533 824 573 quarto
844 528 1021 573 delegatiS,
1042 526 1142 574 ipfius
1156 528 1378 568 auctoritate,
1399 527 1458 562 sua
1475 534 1680 562 moveretur

200 581 302 629 super
326 582 529 616 detentione
548 581 724 628 cujusdam
752 583 883 617 summe
907 583 1055 630 pecunie
1075 584 1117 617 de
1136 584 1369 630 quadraginta
1386 584 1512 618 marcis
1541 584 1678 624 annuis,

200 638 299 672 nobis
317 638 361 672 de
378 637 477 671 bonis
496 637 620 671 domus
638 636 697 672 sue
716 638 850 678 debitis,
880 638 1022 672 tandem
1041 639 1082 672 lis
1100 645 1196 672 mota
1217 639 1276 673 sub
1296 639 1359 673 hac
1387 639 1499 673 forma
1523 640 1677 686 quievit3

200 693 373 733 videlicet,
402 693 497 738 quod
515 706 578 727 nos
597 693 641 727 ad
659 693 838 740 religionis
856 694 1011 728 favorem
1041 700 1076 728 et
1107 695 1258 729 caritatis
1277 695 1589 736 conservationem,
1610 708 1679 730 me-

200 749 364 784 dietatem
383 749 530 796 pecunie
549 749 692 784 detente
710 748 785 796 ipsis
803 750 907 796 plene
925 750 1168 791 relaxavimus,
1198 763 1277 784 cum
1295 751 1471 785 laboribus
1490 751 1623 792 nostris,
1645 758 1679 786 et

200 804 353 852 expensis
370 804 446 852 ipfis
465 805 609 839 omnino
636 805 678 839 ab
705 806 796 840 illius
814 806 883 840 litis
902 805 1071 847 instantia,
1100 807 1254 852 quietam
1282 807 1512 847 remittentes,
1546 814 1580 842 et
1608 808 1679 855 spe-

199 862 331 896 cialiter
349 862 596 896 renunciantes
613 861 783 896 beneficio
801 861 1026 896 restitutionis
1053 863 1089 896 in
1114 863 1292 909 integrum
1310 862 1412 910 super
1429 864 1604 910 preteritis
1623 864 1679 898 de-

198 918 424 958 tentionibus,
445 918 528 951 dum
546 918 651 952 modo
667 918 771 951 iidem
788 917 907 951 Abbas
919 923 953 952 et
967 924 1172 959 conventus,
1194 919 1236 953 de
1255 925 1384 959 cetero,
1405 920 1515 953 dictas
1533 920 1679 965 quadra-

197 975 295 1021 ginta
313 987 445 1008 marcas
463 974 563 1008 nobis
580 973 649 1008 line
668 974 783 1019 aliqua
801 974 1034 1009 diminutione
1065 975 1247 1009 annuatim
1278 975 1477 1022 persolvant
1505 976 1540 1009 in
1573 976 1678 1009 domo

198 1030 241 1065 de
260 1030 452 1070 Driburch,
478 1030 582 1076 juxta
599 1030 746 1063 formam
766 1030 962 1064 litterarum
989 1044 1051 1077 per
1069 1044 1153 1077 quas
1172 1032 1272 1066 nobis
1291 1037 1391 1066 erant
1408 1032 1504 1079 prius
1521 1032 1676 1078 obligati,

198 1093 232 1121 et
249 1086 438 1121 secundum
458 1086 693 1133 adjectionem
712 1086 933 1132 obligationis
951 1100 1054 1133 quam
1073 1087 1293 1134 postmodum
1324 1088 1423 1121 nobis
1453 1101 1516 1135 per
1546 1088 1679 1122 litteras

197 1142 272 1177 suas
284 1148 442 1189 patentes
456 1143 626 1177 fecerunt.
656 1143 759 1177 Actis
774 1143 828 1177 die
840 1142 940 1178 Jovis
956 1144 1116 1190 proxima
1129 1143 1204 1190 post
1218 1144 1436 1178 nativitatem
1448 1144 1548 1178 beate
1562 1143 1676 1179 Marie

198 1199 366 1246 Virginis,
394 1199 486 1246 apud
505 1198 685 1233 Driburch
703 1212 796 1233 anno
814 1199 925 1245 gratie
944 1198 1123 1234 millesimo
1149 1199 1384 1234 ducentesimo
1415 1199 1676 1246 quadragesimo

197 1254 304 1290 sexto.
358 1255 402 1289 In
419 1255 522 1302 hujus
540 1256 590 1289 rei
608 1255 842 1290 testimonium
861 1255 1000 1302 presens
1018 1256 1183 1304 scriptum
1202 1256 1391 1304 figillorum
1408 1257 1604 1292 nostrorum
1620 1270 1676 1304 ap-

197 1310 365 1358 pofitione
384 1311 637 1346 roboravimus.

199 1481 281 1516 Alia
298 1483 487 1516 conventio
506 1488 540 1517 et
558 1482 742 1529 resignatio
761 1483 852 1517 inter
871 1482 948 1517 Nos
970 1487 1005 1516 et
1024 1482 1295 1530 Simpringham.

197 1593 436 1629 OMNIBUS
456 1594 580 1629 Christi
600 1595 759 1629 fidelibus
785 1594 1002 1642 presentibus
1020 1600 1054 1629 et
1072 1594 1210 1635 futuris,
1232 1594 1417 1629 WVilelmus
1436 1595 1478 1629 de
1499 1594 1673 1637 Mastoua,

196 1655 230 1684 et
251 1650 432 1685 lVilelmus
451 1651 493 1685 de
514 1651 644 1686 Sancto
665 1651 812 1685 Andr-ea
830 1650 991 1690 Eboraci,
1020 1651 1165 1697 priores,
1194 1664 1259 1697 pro
1278 1651 1402 1685 ordine
1421 1651 1464 1685 de
1484 1651 1675 1699 Simpring-

195 1707 274 1740 ham
292 1712 538 1753 procuratores
556 1708 591 1741 in
611 1708 727 1742 Scotia
745 1706 932 1746 constituti,
959 1706 1116 1741 fialutem.
1169 1706 1350 1741 Noveritis
1369 1720 1443 1748 nos,
1464 1709 1674 1743 auctoritate

196 1762 355 1809 Magistri
376 1763 526 1808 [ordinis
544 1763 660 1804 nostri,
681 1761 860 1809 relignaffe
879 1768 913 1797 et
930 1763 1188 1810 imperpetuum
1207 1764 1365 1809 quietum
1384 1762 1541 1798 clamafl'e
1560 1770 1674 1799 totum

188 1819 247 1865 jus
265 1819 378 1865 quod]
397 1819 513 1853 ordini
530 1819 646 1854 nostro
666 1820 845 1866 competiit
862 1819 918 1854 vel
937 1825 1136 1866 competere
1153 1819 1280 1866 potuit,
1295 1832 1338 1853 ex
1353 1820 1447 1854 dono
1467 1820 1591 1854 nobilis
1609 1822 1674 1854 viri

197 1874 342 1909 Walteri
370 1875 431 1908 filii
452 1875 572 1916 Alani,
603 1876 736 1909 domini
768 1875 876 1921 Regis
903 1875 1018 1909 Scotie
1049 1874 1235 1916 senescalli,
1266 1876 1303 1909 in
1320 1876 1433 1917 terris,
1462 1875 1614 1924 piscariis
1640 1884 1675 1911 et

194 1931 355 1965 omnibus
372 1931 446 1965 aliis
461 1931 653 1965 redditibus
667 1931 744 1972 suis,
761 1930 830 1965 fine
848 1931 963 1977 aliqua
980 1932 1190 1966 retentione.
1244 1931 1349 1966 Unde
1363 1932 1526 1967 volumus
1541 1939 1575 1967 ct
1594 1946 1674 1967 con-

194 1980 405 2021 cedimusut
424 1987 544 2021 Abbas
563 1993 597 2021 et
615 1993 810 2022 conventus
828 1987 870 2021 de
891 1985 1048 2027 Passelet,
1077 1987 1201 2033 quibus
1219 1987 1334 2021 dietus
1353 1988 1478 2022 nobilis
1501 1988 1543 2021 W
1543 1988 1674 2022 alterus

193 2042 267 2089 post
283 2042 550 2089 refignationern
569 2043 719 2077 nostram
738 2043 797 2077 illa
815 2043 932 2077 omnia
949 2043 1004 2090 pie
1023 2043 1173 2077 contulit
1205 2048 1239 2077 et
1267 2043 1468 2083 liberaliter,
1496 2045 1675 2090 perpetuis

193 2099 419 2145 temporibus,
439 2098 564 2145 absque
593 2100 688 2133 omni
717 2099 979 2145 inquietatione,
1009 2112 1049 2133 ea
1078 2099 1239 2139 habeant,
1269 2104 1413 2132 teneant
1432 2104 1466 2133 et
1483 2098 1675 2145 poflideant

193 2153 402 2189 inconcusse.
442 2154 489 2188 Et
507 2155 551 2189 ad
568 2155 671 2202 hujus
690 2156 740 2190 rei
759 2156 927 2203 majorem
946 2155 1159 2189 evidentiam
1177 2154 1387 2188 restituimus
1411 2153 1538 2188 eisdem
1557 2156 1674 2189 onmia

193 2210 421 2245 instrumenta
438 2224 505 2257 que
524 2212 611 2246 ordo
630 2212 744 2246 noster
762 2225 781 2246 a
799 2223 1009 2258 quocunque
1028 2210 1180 2257 optinuit
1207 2209 1309 2256 super
1339 2209 1506 2256 predictis
1533 2211 1674 2245 univer-

193 2265 255 2310 fis;
284 2267 536 2307 renuntiantes,
564 2269 706 2302 nomine
726 2268 857 2302 ordinis
876 2267 993 2307 nostri,
1014 2280 1082 2313 quo
1102 2266 1145 2300 ad
1163 2267 1409 2313 repetitionem
1427 2266 1484 2301 vel
1502 2267 1671 2314 inquieta-

193 2324 324 2358 tionem
342 2324 595 2371 predietorum,
616 2325 777 2359 omnibus
795 2324 987 2371 impetratis
1007 2328 1041 2357 et
1071 2322 1308 2369 impetrandis,
1338 2328 1372 2357 et
1391 2323 1487 2358 omni
1508 2323 1600 2370 juris
1618 2337 1669 2358 re-

917 2390 940 2412 D
