<?xml version="1.0" encoding="UTF-8"?>
<!DOCTYPE html PUBLIC "-//W3C//DTD XHTML 1.0 Transitional//EN"
    "http://www.w3.org/TR/xhtml1/DTD/xhtml1-transitional.dtd">
<html xmlns="http://www.w3.org/1999/xhtml" xml:lang="en" lang="en">
 <head>
  <title>
</title>
<meta http-equiv="Content-Type" content="text/html;charset=utf-8" />
  <meta name='ocr-system' content='tesseract 3.04.00' />
  <meta name='ocr-capabilities' content='ocr_page ocr_carea ocr_par ocr_line ocrx_word'/>
</head>
<body>
  <div class='ocr_page' id='page_1' title='image "./registrummonaste00mait_0162.png"; bbox 0 0 1839 2652; ppageno 0'>
   <div class='ocr_carea' id='block_1_1' title="bbox 156 246 1245 284">
    <p class='ocr_par' dir='ltr' id='par_1_1' title="bbox 156 246 1245 284">
     <span class='ocr_line' id='line_1_1' title="bbox 156 246 1245 284; baseline -0.002 0"><span class='ocrx_word' id='word_1_1' title='bbox 156 253 226 284; x_wconf 73' lang='lat'>102</span> <span class='ocrx_word' id='word_1_2' title='bbox 561 246 877 282; x_wconf 86' lang='lat' dir='ltr'>REGISTRUM</span> <span class='ocrx_word' id='word_1_3' title='bbox 905 246 1245 282; x_wconf 86' lang='lat' dir='ltr'>MONASTERII</span> 
     </span>
    </p>
   </div>
   <div class='ocr_carea' id='block_1_2' title="bbox 153 341 1654 2353">
    <p class='ocr_par' dir='ltr' id='par_1_2' title="bbox 153 341 1654 2353">
     <span class='ocr_line' id='line_1_2' title="bbox 156 341 1637 380; baseline -0.002 0"><span class='ocrx_word' id='word_1_4' title='bbox 156 344 295 380; x_wconf 78' lang='lat' dir='ltr'>ecclesie</span> <span class='ocrx_word' id='word_1_5' title='bbox 314 344 433 379; x_wconf 61' lang='lat' dir='ltr'>Sancti</span> <span class='ocrx_word' id='word_1_6' title='bbox 450 343 574 379; x_wconf 87' lang='lat' dir='ltr'>Jacobi</span> <span class='ocrx_word' id='word_1_7' title='bbox 593 348 628 378; x_wconf 79' lang='lat' dir='ltr'>et,</span> <span class='ocrx_word' id='word_1_8' title='bbox 647 343 767 378; x_wconf 58' lang='lat' dir='ltr'>Sancti</span> <span class='ocrx_word' id='word_1_9' title='bbox 789 342 913 377; x_wconf 87' lang='lat' dir='ltr'>Mirini</span> <span class='ocrx_word' id='word_1_10' title='bbox 933 343 975 377; x_wconf 89' lang='lat' dir='ltr'>de</span> <span class='ocrx_word' id='word_1_11' title='bbox 995 342 1144 377; x_wconf 83' lang='lat' dir='ltr'>Paffelet</span> <span class='ocrx_word' id='word_1_12' title='bbox 1162 347 1196 377; x_wconf 82' lang='lat' dir='ltr'>et</span> <span class='ocrx_word' id='word_1_13' title='bbox 1213 341 1393 377; x_wconf 85' lang='lat' dir='ltr'>monachis</span> <span class='ocrx_word' id='word_1_14' title='bbox 1410 341 1538 376; x_wconf 86' lang='lat' dir='ltr'><strong>ibidem</strong></span> <span class='ocrx_word' id='word_1_15' title='bbox 1554 341 1637 377; x_wconf 91' lang='lat' dir='ltr'>Deo</span> 
     </span>
     <span class='ocr_line' id='line_1_3' title="bbox 156 397 1642 446; baseline -0.003 -10"><span class='ocrx_word' id='word_1_16' title='bbox 156 400 394 440; x_wconf 83' lang='lat' dir='ltr'>servientibus,</span> <span class='ocrx_word' id='word_1_17' title='bbox 423 401 459 433; x_wconf 93' lang='lat' dir='ltr'>in</span> <span class='ocrx_word' id='word_1_18' title='bbox 477 400 632 440; x_wconf 81' lang='lat' dir='ltr'><strong>liberam,</strong></span> <span class='ocrx_word' id='word_1_19' title='bbox 659 411 784 446; x_wconf 87' lang='lat' dir='ltr'>puram</span> <span class='ocrx_word' id='word_1_20' title='bbox 803 404 838 433; x_wconf 88' lang='lat' dir='ltr'>et</span> <span class='ocrx_word' id='word_1_21' title='bbox 854 404 1061 446; x_wconf 88' lang='lat' dir='ltr'>perpetuam</span> <span class='ocrx_word' id='word_1_22' title='bbox 1081 397 1313 438; x_wconf 67' lang='lat' dir='ltr'>elemosinam,</span> <span class='ocrx_word' id='word_1_23' title='bbox 1334 402 1368 432; x_wconf 83' lang='lat' dir='ltr'>et</span> <span class='ocrx_word' id='word_1_24' title='bbox 1385 397 1427 432; x_wconf 89' lang='lat' dir='ltr'>ab</span> <span class='ocrx_word' id='word_1_25' title='bbox 1442 398 1537 432; x_wconf 88' lang='lat' dir='ltr'>omni</span> <span class='ocrx_word' id='word_1_26' title='bbox 1548 397 1642 433; x_wconf 89' lang='lat' dir='ltr'>secu-</span> 
     </span>
     <span class='ocr_line' id='line_1_4' title="bbox 157 453 1643 501; baseline -0.003 -10"><span class='ocrx_word' id='word_1_27' title='bbox 157 457 222 491; x_wconf 89' lang='lat' dir='ltr'>lari</span> <span class='ocrx_word' id='word_1_28' title='bbox 240 456 379 491; x_wconf 84' lang='lat' dir='ltr'>servitio</span> <span class='ocrx_word' id='word_1_29' title='bbox 399 462 433 490; x_wconf 89' lang='lat' dir='ltr'>et</span> <span class='ocrx_word' id='word_1_30' title='bbox 452 456 624 490; x_wconf 89' lang='lat' dir='ltr'>demanda</span> <span class='ocrx_word' id='word_1_31' title='bbox 642 455 775 501; x_wconf 87' lang='lat' dir='ltr'>quietas</span> <span class='ocrx_word' id='word_1_32' title='bbox 793 459 828 489; x_wconf 86' lang='lat' dir='ltr'>et</span> <span class='ocrx_word' id='word_1_33' title='bbox 845 454 984 496; x_wconf 87' lang='lat' dir='ltr'>solutas,</span> <span class='ocrx_word' id='word_1_34' title='bbox 1005 455 1087 489; x_wconf 66' lang='lat' dir='ltr'>octo</span> <span class='ocrx_word' id='word_1_35' title='bbox 1105 467 1201 489; x_wconf 85' lang='lat' dir='ltr'>acras</span> <span class='ocrx_word' id='word_1_36' title='bbox 1220 460 1254 489; x_wconf 85' lang='lat' dir='ltr'>et</span> <span class='ocrx_word' id='word_1_37' title='bbox 1273 454 1450 488; x_wconf 84' lang='lat' dir='ltr'>dimidiam</span> <span class='ocrx_word' id='word_1_38' title='bbox 1466 459 1500 488; x_wconf 86' lang='lat' dir='ltr'>et</span> <span class='ocrx_word' id='word_1_39' title='bbox 1517 453 1643 500; x_wconf 83' lang='lat' dir='ltr'>viginti</span> 
     </span>
     <span class='ocr_line' id='line_1_5' title="bbox 159 508 1644 559; baseline -0.001 -13"><span class='ocrx_word' id='word_1_40' title='bbox 159 513 241 546; x_wconf 71' lang='grc' dir='ltr'>06ῒο</span> <span class='ocrx_word' id='word_1_41' title='bbox 260 512 444 559; x_wconf 72' lang='lat' dir='ltr'>perticatas</span> <span class='ocrx_word' id='word_1_42' title='bbox 463 518 556 546; x_wconf 86' lang='lat' dir='ltr'>terre</span> <span class='ocrx_word' id='word_1_43' title='bbox 575 513 611 545; x_wconf 92' lang='lat' dir='ltr'>in</span> <span class='ocrx_word' id='word_1_44' title='bbox 629 524 722 545; x_wconf 90' lang='lat' dir='ltr'>nova</span> <span class='ocrx_word' id='word_1_45' title='bbox 740 511 823 545; x_wconf 87' lang='lat' dir='ltr'>villa</span> <span class='ocrx_word' id='word_1_46' title='bbox 849 511 891 545; x_wconf 90' lang='lat' dir='ltr'>de</span> <span class='ocrx_word' id='word_1_47' title='bbox 919 510 1076 551; x_wconf 77' lang='lat' dir='ltr'>Mei-nes,</span> <span class='ocrx_word' id='word_1_48' title='bbox 1105 523 1188 556; x_wconf 89' lang='lat' dir='ltr'>quas</span> <span class='ocrx_word' id='word_1_49' title='bbox 1207 508 1399 544; x_wconf 87' lang='lat' dir='ltr'>mensurari</span> <span class='ocrx_word' id='word_1_50' title='bbox 1417 509 1494 549; x_wconf 87' lang='lat' dir='ltr'>feci,</span> <span class='ocrx_word' id='word_1_51' title='bbox 1523 515 1558 543; x_wconf 83' lang='lat' dir='ltr'>et</span> <span class='ocrx_word' id='word_1_52' title='bbox 1576 522 1644 556; x_wconf 94' lang='lat' dir='ltr'>que</span> 
     </span>
     <span class='ocr_line' id='line_1_6' title="bbox 153 563 1643 615; baseline -0.003 -13"><span class='ocrx_word' id='word_1_53' title='bbox 153 569 272 615; x_wconf 88' lang='lat' dir='ltr'>jacent</span> <span class='ocrx_word' id='word_1_54' title='bbox 290 569 382 602; x_wconf 89' lang='lat' dir='ltr'>inter</span> <span class='ocrx_word' id='word_1_55' title='bbox 400 568 461 601; x_wconf 80' lang='lat' dir='ltr'>has</span> <span class='ocrx_word' id='word_1_56' title='bbox 479 566 612 608; x_wconf 86' lang='lat' dir='ltr'>divisas,</span> <span class='ocrx_word' id='word_1_57' title='bbox 643 567 806 602; x_wconf 87' lang='lat' dir='ltr'>videlicet</span> <span class='ocrx_word' id='word_1_58' title='bbox 824 565 908 601; x_wconf 87' lang='lat' dir='ltr'>ficut</span> <span class='ocrx_word' id='word_1_59' title='bbox 932 567 1067 601; x_wconf 83' lang='lat' dir='ltr'>rivulus</span> <span class='ocrx_word' id='word_1_60' title='bbox 1098 565 1237 600; x_wconf 86' lang='lat' dir='ltr'>ecclefie</span> <span class='ocrx_word' id='word_1_61' title='bbox 1266 563 1520 600; x_wconf 83' lang='lat' dir='ltr'>transversatur</span> <span class='ocrx_word' id='word_1_62' title='bbox 1538 565 1643 599; x_wconf 87' lang='lat' dir='ltr'>altam</span> 
     </span>
     <span class='ocr_line' id='line_1_7' title="bbox 159 619 1645 670; baseline -0.003 -12"><span class='ocrx_word' id='word_1_63' title='bbox 159 625 250 658; x_wconf 87' lang='lat' dir='ltr'>viam</span> <span class='ocrx_word' id='word_1_64' title='bbox 269 637 335 670; x_wconf 91' lang='lat' dir='ltr'>que</span> <span class='ocrx_word' id='word_1_65' title='bbox 354 624 468 658; x_wconf 84' lang='lat' dir='ltr'>tendit</span> <span class='ocrx_word' id='word_1_66' title='bbox 488 624 530 657; x_wconf 86' lang='lat' dir='ltr'>de</span> <span class='ocrx_word' id='word_1_67' title='bbox 549 621 689 657; x_wconf 84' lang='lat' dir='ltr'>ecclefia</span> <span class='ocrx_word' id='word_1_68' title='bbox 707 623 749 657; x_wconf 89' lang='lat' dir='ltr'>de</span> <span class='ocrx_word' id='word_1_69' title='bbox 770 622 930 657; x_wconf 83' lang='lat' dir='ltr'>Mernes&#39;</span> <span class='ocrx_word' id='word_1_70' title='bbox 948 623 991 656; x_wconf 86' lang='lat' dir='ltr'>ad</span> <span class='ocrx_word' id='word_1_71' title='bbox 1009 635 1137 657; x_wconf 87' lang='lat' dir='ltr'>novam</span> <span class='ocrx_word' id='word_1_72' title='bbox 1155 622 1285 662; x_wconf 85' lang='lat' dir='ltr'>villam,</span> <span class='ocrx_word' id='word_1_73' title='bbox 1315 626 1349 655; x_wconf 82' lang='lat' dir='ltr'>et</span> <span class='ocrx_word' id='word_1_74' title='bbox 1366 619 1410 654; x_wconf 87' lang='lat' dir='ltr'>fic</span> <span class='ocrx_word' id='word_1_75' title='bbox 1427 619 1645 654; x_wconf 81' lang='lat' dir='ltr'>ascendendo</span> 
     </span>
     <span class='ocr_line' id='line_1_8' title="bbox 160 675 1646 727; baseline -0.001 -14"><span class='ocrx_word' id='word_1_76' title='bbox 160 693 223 727; x_wconf 88' lang='lat' dir='ltr'>per</span> <span class='ocrx_word' id='word_1_77' title='bbox 241 680 339 713; x_wconf 87' lang='lat' dir='ltr'>illum</span> <span class='ocrx_word' id='word_1_78' title='bbox 357 680 511 714; x_wconf 88' lang='lat' dir='ltr'>rivulum</span> <span class='ocrx_word' id='word_1_79' title='bbox 531 692 573 713; x_wconf 80' lang='lat' dir='ltr'>ex</span> <span class='ocrx_word' id='word_1_80' title='bbox 591 684 690 726; x_wconf 86' lang='lat' dir='ltr'>parte</span> <span class='ocrx_word' id='word_1_81' title='bbox 708 679 897 724; x_wconf 80' lang='lat' dir='ltr'>aquilonali</span> <span class='ocrx_word' id='word_1_82' title='bbox 923 677 1029 725; x_wconf 86' lang='lat' dir='ltr'>usque</span> <span class='ocrx_word' id='word_1_83' title='bbox 1056 678 1099 712; x_wconf 88' lang='lat' dir='ltr'>ad</span> <span class='ocrx_word' id='word_1_84' title='bbox 1126 677 1299 724; x_wconf 81' lang='lat' dir='ltr'>quendam</span> <span class='ocrx_word' id='word_1_85' title='bbox 1331 676 1481 723; x_wconf 83' lang='lat' dir='ltr'>lapidem</span> <span class='ocrx_word' id='word_1_86' title='bbox 1500 675 1646 711; x_wconf 86' lang='lat' dir='ltr'>stantem</span> 
     </span>
     <span class='ocr_line' id='line_1_9' title="bbox 161 731 1648 782; baseline -0.003 -12"><span class='ocrx_word' id='word_1_87' title='bbox 161 736 219 782; x_wconf 87' lang='lat' dir='ltr'>qui</span> <span class='ocrx_word' id='word_1_88' title='bbox 238 736 284 770; x_wconf 90' lang='lat' dir='ltr'>est</span> <span class='ocrx_word' id='word_1_89' title='bbox 301 736 337 770; x_wconf 89' lang='lat' dir='ltr'>in</span> <span class='ocrx_word' id='word_1_90' title='bbox 355 736 507 782; x_wconf 83' lang='lat' dir='ltr'>quodam</span> <span class='ocrx_word' id='word_1_91' title='bbox 525 735 628 769; x_wconf 89' lang='lat' dir='ltr'>viridi</span> <span class='ocrx_word' id='word_1_92' title='bbox 646 735 743 768; x_wconf 86' lang='lat' dir='ltr'>radio</span> <span class='ocrx_word' id='word_1_93' title='bbox 763 740 857 769; x_wconf 87' lang='lat' dir='ltr'>terre</span> <span class='ocrx_word' id='word_1_94' title='bbox 874 735 911 768; x_wconf 87' lang='lat' dir='ltr'>in</span> <span class='ocrx_word' id='word_1_95' title='bbox 939 735 969 769; x_wconf 81' lang='lat' dir='ltr'>le</span> <span class='ocrx_word' id='word_1_96' title='bbox 1001 733 1211 774; x_wconf 86' lang='lat' dir='ltr'>Crosteflatt‚</span> <span class='ocrx_word' id='word_1_97' title='bbox 1245 738 1280 768; x_wconf 85' lang='lat' dir='ltr'>et</span> <span class='ocrx_word' id='word_1_98' title='bbox 1307 731 1350 767; x_wconf 87' lang='lat' dir='ltr'>fic</span> <span class='ocrx_word' id='word_1_99' title='bbox 1368 745 1430 779; x_wconf 87' lang='lat' dir='ltr'>per</span> <span class='ocrx_word' id='word_1_100' title='bbox 1449 732 1549 766; x_wconf 90' lang='lat' dir='ltr'>illum</span> <span class='ocrx_word' id='word_1_101' title='bbox 1568 732 1648 767; x_wconf 88' lang='lat' dir='ltr'>viri-</span> 
     </span>
     <span class='ocr_line' id='line_1_10' title="bbox 163 788 1648 837; baseline -0.003 -10"><span class='ocrx_word' id='word_1_102' title='bbox 163 793 241 827; x_wconf 86' lang='lat' dir='ltr'>dem</span> <span class='ocrx_word' id='word_1_103' title='bbox 260 793 396 827; x_wconf 87' lang='lat' dir='ltr'>radium</span> <span class='ocrx_word' id='word_1_104' title='bbox 416 798 510 826; x_wconf 87' lang='lat' dir='ltr'>terre</span> <span class='ocrx_word' id='word_1_105' title='bbox 528 790 646 826; x_wconf 78' lang='lat' dir='ltr'>versus</span> <span class='ocrx_word' id='word_1_106' title='bbox 664 791 864 837; x_wconf 78' lang='lat' dir='ltr'>aquilonem</span> <span class='ocrx_word' id='word_1_107' title='bbox 890 790 997 837; x_wconf 89' lang='lat' dir='ltr'>usque</span> <span class='ocrx_word' id='word_1_108' title='bbox 1030 792 1066 825; x_wconf 88' lang='lat' dir='ltr'>in</span> <span class='ocrx_word' id='word_1_109' title='bbox 1097 790 1271 837; x_wconf 82' lang='lat' dir='ltr'>quendam</span> <span class='ocrx_word' id='word_1_110' title='bbox 1289 788 1393 824; x_wconf 89' lang='lat' dir='ltr'>ficum</span> <span class='ocrx_word' id='word_1_111' title='bbox 1412 789 1471 835; x_wconf 89' lang='lat' dir='ltr'>qui</span> <span class='ocrx_word' id='word_1_112' title='bbox 1489 788 1648 823; x_wconf 84' lang='lat' dir='ltr'>extendit</span> 
     </span>
     <span class='ocr_line' id='line_1_11' title="bbox 162 844 1648 894; baseline -0.003 -11"><span class='ocrx_word' id='word_1_113' title='bbox 162 849 195 884; x_wconf 89' lang='lat' dir='ltr'>se</span> <span class='ocrx_word' id='word_1_114' title='bbox 213 848 331 884; x_wconf 87' lang='lat' dir='ltr'>versus</span> <span class='ocrx_word' id='word_1_115' title='bbox 350 849 567 883; x_wconf 89' lang='lat' dir='ltr'>occidentem</span> <span class='ocrx_word' id='word_1_116' title='bbox 586 846 692 894; x_wconf 89' lang='lat' dir='ltr'>usque</span> <span class='ocrx_word' id='word_1_117' title='bbox 711 848 754 882; x_wconf 85' lang='lat' dir='ltr'>ad</span> <span class='ocrx_word' id='word_1_118' title='bbox 775 848 949 894; x_wconf 83' lang='lat' dir='ltr'>quendam</span> <span class='ocrx_word' id='word_1_119' title='bbox 974 847 1125 894; x_wconf 82' lang='lat' dir='ltr'>lapidem</span> <span class='ocrx_word' id='word_1_120' title='bbox 1152 845 1310 885; x_wconf 85' lang='lat' dir='ltr'>stantem,</span> <span class='ocrx_word' id='word_1_121' title='bbox 1340 850 1374 880; x_wconf 93' lang='lat' dir='ltr'>et</span> <span class='ocrx_word' id='word_1_122' title='bbox 1392 845 1434 879; x_wconf 92' lang='lat' dir='ltr'>ab</span> <span class='ocrx_word' id='word_1_123' title='bbox 1453 845 1514 879; x_wconf 90' lang='lat' dir='ltr'>illo</span> <span class='ocrx_word' id='word_1_124' title='bbox 1532 844 1648 892; x_wconf 88' lang='lat' dir='ltr'>lapide</span> 
     </span>
     <span class='ocr_line' id='line_1_12' title="bbox 164 898 1649 950; baseline -0.003 -11"><span class='ocrx_word' id='word_1_125' title='bbox 164 906 296 940; x_wconf 62' lang='lat' dir='ltr'>directe</span> <span class='ocrx_word' id='word_1_126' title='bbox 314 904 431 940; x_wconf 82' lang='lat' dir='ltr'>versus</span> <span class='ocrx_word' id='word_1_127' title='bbox 449 904 648 950; x_wconf 85' lang='lat' dir='ltr'>aquilonem</span> <span class='ocrx_word' id='word_1_128' title='bbox 666 902 772 950; x_wconf 88' lang='lat' dir='ltr'>usque</span> <span class='ocrx_word' id='word_1_129' title='bbox 791 905 828 937; x_wconf 90' lang='lat' dir='ltr'>in</span> <span class='ocrx_word' id='word_1_130' title='bbox 846 902 1028 938; x_wconf 87' lang='lat' dir='ltr'>decursum</span> <span class='ocrx_word' id='word_1_131' title='bbox 1058 902 1119 937; x_wconf 88' lang='lat' dir='ltr'>sub</span> <span class='ocrx_word' id='word_1_132' title='bbox 1150 902 1261 949; x_wconf 87' lang='lat' dir='ltr'>capite</span> <span class='ocrx_word' id='word_1_133' title='bbox 1285 901 1389 935; x_wconf 86' lang='lat' dir='ltr'>unius</span> <span class='ocrx_word' id='word_1_134' title='bbox 1407 901 1523 941; x_wconf 82' lang='lat' dir='ltr'>fontis,</span> <span class='ocrx_word' id='word_1_135' title='bbox 1554 906 1588 935; x_wconf 93' lang='lat' dir='ltr'>et</span> <span class='ocrx_word' id='word_1_136' title='bbox 1605 898 1649 934; x_wconf 91' lang='lat' dir='ltr'>fic</span> 
     </span>
     <span class='ocr_line' id='line_1_13' title="bbox 164 956 1648 1008; baseline -0.003 -13"><span class='ocrx_word' id='word_1_137' title='bbox 164 974 226 1008; x_wconf 82' lang='lat' dir='ltr'>per</span> <span class='ocrx_word' id='word_1_138' title='bbox 245 960 427 995; x_wconf 80' lang='lat' dir='ltr'>decursum</span> <span class='ocrx_word' id='word_1_139' title='bbox 446 960 538 994; x_wconf 84' lang='lat' dir='ltr'>illius</span> <span class='ocrx_word' id='word_1_140' title='bbox 556 960 661 994; x_wconf 80' lang='lat' dir='ltr'>fontis</span> <span class='ocrx_word' id='word_1_141' title='bbox 680 959 785 1006; x_wconf 84' lang='lat' dir='ltr'>ufque</span> <span class='ocrx_word' id='word_1_142' title='bbox 809 960 846 993; x_wconf 89' lang='lat' dir='ltr'>in</span> <span class='ocrx_word' id='word_1_143' title='bbox 866 959 1101 998; x_wconf 60' lang='lat' dir='ltr'>Pwldocford,</span> <span class='ocrx_word' id='word_1_144' title='bbox 1135 964 1169 992; x_wconf 87' lang='lat' dir='ltr'>et</span> <span class='ocrx_word' id='word_1_145' title='bbox 1199 958 1324 992; x_wconf 85' lang='lat' dir='ltr'>abinde</span> <span class='ocrx_word' id='word_1_146' title='bbox 1352 970 1415 1004; x_wconf 89' lang='lat' dir='ltr'>per</span> <span class='ocrx_word' id='word_1_147' title='bbox 1432 957 1538 991; x_wconf 83' lang='lat' dir='ltr'>altam</span> <span class='ocrx_word' id='word_1_148' title='bbox 1556 956 1648 991; x_wconf 84' lang='lat' dir='ltr'>viam</span> 
     </span>
     <span class='ocr_line' id='line_1_14' title="bbox 164 1012 1650 1063; baseline -0.003 -12"><span class='ocrx_word' id='word_1_149' title='bbox 164 1017 270 1063; x_wconf 86' lang='lat' dir='ltr'>usque</span> <span class='ocrx_word' id='word_1_150' title='bbox 289 1018 332 1051; x_wconf 89' lang='lat' dir='ltr'>ad</span> <span class='ocrx_word' id='word_1_151' title='bbox 350 1017 502 1051; x_wconf 87' lang='lat' dir='ltr'>rivulum</span> <span class='ocrx_word' id='word_1_152' title='bbox 520 1015 748 1063; x_wconf 77' lang='lat' dir='ltr'>preficriptum</span> <span class='ocrx_word' id='word_1_153' title='bbox 768 1014 905 1051; x_wconf 81' lang='lat' dir='ltr'>ecclesie</span> <span class='ocrx_word' id='word_1_154' title='bbox 922 1014 1212 1050; x_wconf 62' lang='lat' dir='ltr'>transverfiantem</span> <span class='ocrx_word' id='word_1_155' title='bbox 1227 1014 1331 1048; x_wconf 86' lang='lat' dir='ltr'>altam</span> <span class='ocrx_word' id='word_1_156' title='bbox 1346 1014 1437 1048; x_wconf 86' lang='lat' dir='ltr'>viam</span> <span class='ocrx_word' id='word_1_157' title='bbox 1454 1027 1463 1055; x_wconf 82' lang='lat'><em>3</em></span> <span class='ocrx_word' id='word_1_158' title='bbox 1492 1012 1650 1059; x_wconf 80' lang='lat' dir='ltr'>Excepta</span> 
     </span>
     <span class='ocr_line' id='line_1_15' title="bbox 165 1067 1650 1119; baseline -0.004 -11"><span class='ocrx_word' id='word_1_159' title='bbox 165 1080 260 1108; x_wconf 89' lang='lat' dir='ltr'>terra</span> <span class='ocrx_word' id='word_1_160' title='bbox 277 1074 320 1107; x_wconf 88' lang='lat' dir='ltr'>ad</span> <span class='ocrx_word' id='word_1_161' title='bbox 339 1073 482 1107; x_wconf 87' lang='lat' dir='ltr'>domum</span> <span class='ocrx_word' id='word_1_162' title='bbox 503 1073 545 1106; x_wconf 90' lang='lat' dir='ltr'>de</span> <span class='ocrx_word' id='word_1_163' title='bbox 565 1071 808 1119; x_wconf 72' lang='lat' dir='ltr'>Thorpliichin</span> <span class='ocrx_word' id='word_1_164' title='bbox 826 1072 1017 1118; x_wconf 83' lang='lat' dir='ltr'>pertinenti</span> <span class='ocrx_word' id='word_1_165' title='bbox 1035 1071 1125 1105; x_wconf 86' lang='lat' dir='ltr'>infra</span> <span class='ocrx_word' id='word_1_166' title='bbox 1154 1069 1360 1117; x_wconf 71' lang='lat' dir='ltr'>prescriptae</span> <span class='ocrx_word' id='word_1_167' title='bbox 1393 1068 1514 1103; x_wconf 84' lang='lat' dir='ltr'>divisas</span> <span class='ocrx_word' id='word_1_168' title='bbox 1530 1081 1539 1102; x_wconf 72' lang='grc' dir='ltr'>ε</span> <span class='ocrx_word' id='word_1_169' title='bbox 1580 1067 1650 1102; x_wconf 92' lang='lat' dir='ltr'>Te-</span> 
     </span>
     <span class='ocr_line' id='line_1_16' title="bbox 166 1124 1650 1167; baseline -0.004 -3"><span class='ocrx_word' id='word_1_170' title='bbox 166 1130 299 1164; x_wconf 81' lang='lat' dir='ltr'>nendas</span> <span class='ocrx_word' id='word_1_171' title='bbox 318 1135 352 1163; x_wconf 90' lang='lat' dir='ltr'>et</span> <span class='ocrx_word' id='word_1_172' title='bbox 368 1129 544 1163; x_wconf 86' lang='lat' dir='ltr'>habendas</span> <span class='ocrx_word' id='word_1_173' title='bbox 562 1126 621 1161; x_wconf 86' lang='lat' dir='ltr'>fibi</span> <span class='ocrx_word' id='word_1_174' title='bbox 640 1133 674 1162; x_wconf 91' lang='lat' dir='ltr'>et</span> <span class='ocrx_word' id='word_1_175' title='bbox 692 1126 937 1161; x_wconf 76' lang='lat' dir='ltr'>iiiecefforibus</span> <span class='ocrx_word' id='word_1_176' title='bbox 967 1126 1044 1167; x_wconf 83' lang='lat' dir='ltr'>suis,</span> <span class='ocrx_word' id='word_1_177' title='bbox 1078 1127 1121 1161; x_wconf 92' lang='lat' dir='ltr'>de</span> <span class='ocrx_word' id='word_1_178' title='bbox 1147 1139 1202 1160; x_wconf 89' lang='lat' dir='ltr'>me</span> <span class='ocrx_word' id='word_1_179' title='bbox 1222 1131 1255 1160; x_wconf 88' lang='lat' dir='ltr'>et</span> <span class='ocrx_word' id='word_1_180' title='bbox 1273 1125 1459 1160; x_wconf 81' lang='lat' dir='ltr'>heredibus</span> <span class='ocrx_word' id='word_1_181' title='bbox 1485 1125 1570 1159; x_wconf 83' lang='lat' dir='ltr'>meis</span> <span class='ocrx_word' id='word_1_182' title='bbox 1587 1124 1650 1158; x_wconf 90' lang='lat' dir='ltr'>im-</span> 
     </span>
     <span class='ocr_line' id='line_1_17' title="bbox 166 1179 1649 1233; baseline -0.004 -13"><span class='ocrx_word' id='word_1_183' title='bbox 166 1191 387 1233; x_wconf 83' lang='lat' dir='ltr'>perpetuum,</span> <span class='ocrx_word' id='word_1_184' title='bbox 413 1185 501 1219; x_wconf 80' lang='lat' dir='ltr'>adeo</span> <span class='ocrx_word' id='word_1_185' title='bbox 520 1184 639 1224; x_wconf 90' lang='lat' dir='ltr'>libere,</span> <span class='ocrx_word' id='word_1_186' title='bbox 670 1183 786 1229; x_wconf 87' lang='lat' dir='ltr'>quiete</span> <span class='ocrx_word' id='word_1_187' title='bbox 805 1188 838 1217; x_wconf 88' lang='lat' dir='ltr'>et</span> <span class='ocrx_word' id='word_1_188' title='bbox 857 1184 1009 1230; x_wconf 85' lang='lat' dir='ltr'>pacifice,</span> <span class='ocrx_word' id='word_1_189' title='bbox 1042 1181 1127 1217; x_wconf 79' lang='lat' dir='ltr'>ficut</span> <span class='ocrx_word' id='word_1_190' title='bbox 1145 1180 1319 1216; x_wconf 83' lang='lat' dir='ltr'>refiduum</span> <span class='ocrx_word' id='word_1_191' title='bbox 1337 1187 1430 1216; x_wconf 90' lang='lat' dir='ltr'>terre</span> <span class='ocrx_word' id='word_1_192' title='bbox 1449 1179 1588 1215; x_wconf 78' lang='lat' dir='ltr'>ecclesie</span> <span class='ocrx_word' id='word_1_193' title='bbox 1607 1180 1649 1215; x_wconf 88' lang='lat' dir='ltr'>de</span> 
     </span>
     <span class='ocr_line' id='line_1_18' title="bbox 169 1236 1651 1287; baseline -0.004 -10"><span class='ocrx_word' id='word_1_194' title='bbox 169 1241 330 1277; x_wconf 55' lang='lat' dir='ltr'>hieme?</span> <span class='ocrx_word' id='word_1_195' title='bbox 344 1241 486 1276; x_wconf 85' lang='lat' dir='ltr'>liberius</span> <span class='ocrx_word' id='word_1_196' title='bbox 504 1246 538 1274; x_wconf 92' lang='lat' dir='ltr'>et</span> <span class='ocrx_word' id='word_1_197' title='bbox 556 1240 706 1286; x_wconf 83' lang='lat' dir='ltr'>quietius</span> <span class='ocrx_word' id='word_1_198' title='bbox 725 1245 846 1274; x_wconf 81' lang='lat' dir='ltr'>tenent</span> <span class='ocrx_word' id='word_1_199' title='bbox 865 1245 900 1274; x_wconf 87' lang='lat' dir='ltr'>et</span> <span class='ocrx_word' id='word_1_200' title='bbox 917 1238 1098 1287; x_wconf 82' lang='lat' dir='ltr'>pollident,</span> <span class='ocrx_word' id='word_1_201' title='bbox 1118 1252 1198 1273; x_wconf 90' lang='lat' dir='ltr'>cum</span> <span class='ocrx_word' id='word_1_202' title='bbox 1217 1237 1458 1273; x_wconf 84' lang='lat' dir='ltr'>communibus</span> <span class='ocrx_word' id='word_1_203' title='bbox 1476 1236 1651 1271; x_wconf 85' lang='lat' dir='ltr'>aisiamen-</span> 
     </span>
     <span class='ocr_line' id='line_1_19' title="bbox 168 1293 1651 1346; baseline -0.004 -12"><span class='ocrx_word' id='word_1_204' title='bbox 168 1301 211 1334; x_wconf 85' lang='lat' dir='ltr'>tis</span> <span class='ocrx_word' id='word_1_205' title='bbox 237 1304 342 1346; x_wconf 89' lang='lat' dir='ltr'>prout</span> <span class='ocrx_word' id='word_1_206' title='bbox 367 1299 536 1332; x_wconf 81' lang='lat' dir='ltr'>hactenus</span> <span class='ocrx_word' id='word_1_207' title='bbox 567 1296 788 1339; x_wconf 79' lang='lat' dir='ltr'>habuerunt3</span> <span class='ocrx_word' id='word_1_208' title='bbox 820 1296 969 1343; x_wconf 85' lang='lat' dir='ltr'>Propter</span> <span class='ocrx_word' id='word_1_209' title='bbox 1001 1296 1083 1329; x_wconf 67' lang='lat' dir='ltr'>octo</span> <span class='ocrx_word' id='word_1_210' title='bbox 1110 1308 1206 1329; x_wconf 87' lang='lat' dir='ltr'>acras</span> <span class='ocrx_word' id='word_1_211' title='bbox 1225 1300 1259 1329; x_wconf 83' lang='lat' dir='ltr'>et</span> <span class='ocrx_word' id='word_1_212' title='bbox 1278 1294 1455 1329; x_wconf 83' lang='lat' dir='ltr'>dimidiam</span> <span class='ocrx_word' id='word_1_213' title='bbox 1474 1298 1509 1327; x_wconf 86' lang='lat' dir='ltr'>et</span> <span class='ocrx_word' id='word_1_214' title='bbox 1525 1293 1651 1339; x_wconf 84' lang='lat' dir='ltr'>viginti</span> 
     </span>
     <span class='ocr_line' id='line_1_20' title="bbox 170 1349 1651 1402; baseline -0.005 -12"><span class='ocrx_word' id='word_1_215' title='bbox 170 1357 252 1390; x_wconf 62' lang='lat' dir='ltr'>octo</span> <span class='ocrx_word' id='word_1_216' title='bbox 270 1355 455 1402; x_wconf 82' lang='lat' dir='ltr'>particatas</span> <span class='ocrx_word' id='word_1_217' title='bbox 473 1359 565 1387; x_wconf 83' lang='lat' dir='ltr'>terre</span> <span class='ocrx_word' id='word_1_218' title='bbox 584 1366 668 1398; x_wconf 80' lang='lat' dir='ltr'>quas</span> <span class='ocrx_word' id='word_1_219' title='bbox 686 1352 885 1386; x_wconf 86' lang='lat' dir='ltr'>habuerunt</span> <span class='ocrx_word' id='word_1_220' title='bbox 903 1353 938 1385; x_wconf 92' lang='lat' dir='ltr'>in</span> <span class='ocrx_word' id='word_1_221' title='bbox 956 1351 1135 1386; x_wconf 86' lang='lat' dir='ltr'>territorio</span> <span class='ocrx_word' id='word_1_222' title='bbox 1151 1351 1193 1386; x_wconf 88' lang='lat' dir='ltr'>de</span> <span class='ocrx_word' id='word_1_223' title='bbox 1214 1351 1364 1391; x_wconf 82' lang='lat' dir='ltr'>Aldton,</span> <span class='ocrx_word' id='word_1_224' title='bbox 1384 1363 1533 1396; x_wconf 82' lang='lat' dir='ltr'>quarum</span> <span class='ocrx_word' id='word_1_225' title='bbox 1552 1349 1651 1395; x_wconf 89' lang='lat' dir='ltr'>quin-</span> 
     </span>
     <span class='ocr_line' id='line_1_21' title="bbox 170 1406 1651 1458; baseline -0.004 -12"><span class='ocrx_word' id='word_1_226' title='bbox 170 1425 236 1458; x_wconf 90' lang='lat' dir='ltr'>que</span> <span class='ocrx_word' id='word_1_227' title='bbox 250 1424 328 1445; x_wconf 89' lang='lat' dir='ltr'>acre</span> <span class='ocrx_word' id='word_1_228' title='bbox 348 1416 382 1445; x_wconf 87' lang='lat' dir='ltr'>et</span> <span class='ocrx_word' id='word_1_229' title='bbox 409 1410 551 1444; x_wconf 82' lang='lat' dir='ltr'>dimidia</span> <span class='ocrx_word' id='word_1_230' title='bbox 581 1415 614 1443; x_wconf 87' lang='lat' dir='ltr'>et</span> <span class='ocrx_word' id='word_1_231' title='bbox 632 1409 757 1454; x_wconf 73' lang='lat' dir='ltr'>viginti</span> <span class='ocrx_word' id='word_1_232' title='bbox 788 1409 870 1442; x_wconf 66' lang='grc'><strong>0610</strong></span> <span class='ocrx_word' id='word_1_233' title='bbox 899 1408 1066 1454; x_wconf 84' lang='lat' dir='ltr'>particate</span> <span class='ocrx_word' id='word_1_234' title='bbox 1098 1414 1190 1442; x_wconf 87' lang='lat' dir='ltr'>terre</span> <span class='ocrx_word' id='word_1_235' title='bbox 1213 1407 1333 1454; x_wconf 85' lang='lat' dir='ltr'>jacent</span> <span class='ocrx_word' id='word_1_236' title='bbox 1361 1407 1453 1441; x_wconf 81' lang='lat' dir='ltr'>inter</span> <span class='ocrx_word' id='word_1_237' title='bbox 1470 1406 1573 1441; x_wconf 86' lang='lat' dir='ltr'>ficum</span> <span class='ocrx_word' id='word_1_238' title='bbox 1592 1407 1651 1452; x_wconf 91' lang='lat' dir='ltr'>qui</span> 
     </span>
     <span class='ocr_line' id='line_1_22' title="bbox 171 1461 1650 1511; baseline -0.004 -9"><span class='ocrx_word' id='word_1_239' title='bbox 171 1467 217 1502; x_wconf 81' lang='lat' dir='ltr'>est</span> <span class='ocrx_word' id='word_1_240' title='bbox 234 1468 278 1502; x_wconf 89' lang='lat' dir='ltr'>ad</span> <span class='ocrx_word' id='word_1_241' title='bbox 296 1467 382 1501; x_wconf 86' lang='lat' dir='ltr'>fines</span> <span class='ocrx_word' id='word_1_242' title='bbox 401 1466 594 1500; x_wconf 88' lang='lat' dir='ltr'>croftorum</span> <span class='ocrx_word' id='word_1_243' title='bbox 613 1477 656 1499; x_wconf 77' lang='lat' dir='ltr'>ex</span> <span class='ocrx_word' id='word_1_244' title='bbox 675 1464 835 1498; x_wconf 87' lang='lat' dir='ltr'>orientali</span> <span class='ocrx_word' id='word_1_245' title='bbox 854 1469 952 1511; x_wconf 89' lang='lat' dir='ltr'>parte</span> <span class='ocrx_word' id='word_1_246' title='bbox 971 1463 1053 1497; x_wconf 77' lang='lat' dir='ltr'>ville</span> <span class='ocrx_word' id='word_1_247' title='bbox 1073 1464 1115 1497; x_wconf 86' lang='lat' dir='ltr'>de</span> <span class='ocrx_word' id='word_1_248' title='bbox 1137 1463 1286 1503; x_wconf 83' lang='lat' dir='ltr'>Aldton,</span> <span class='ocrx_word' id='word_1_249' title='bbox 1307 1468 1342 1497; x_wconf 89' lang='lat' dir='ltr'>et</span> <span class='ocrx_word' id='word_1_250' title='bbox 1359 1463 1451 1497; x_wconf 87' lang='lat' dir='ltr'>inter</span> <span class='ocrx_word' id='word_1_251' title='bbox 1468 1461 1573 1497; x_wconf 88' lang='lat' dir='ltr'>ficum</span> <span class='ocrx_word' id='word_1_252' title='bbox 1592 1462 1650 1508; x_wconf 90' lang='lat' dir='ltr'>qui</span> 
     </span>
     <span class='ocr_line' id='line_1_23' title="bbox 172 1518 1651 1568; baseline -0.005 -10"><span class='ocrx_word' id='word_1_253' title='bbox 172 1524 218 1559; x_wconf 86' lang='lat' dir='ltr'>est</span> <span class='ocrx_word' id='word_1_254' title='bbox 235 1537 279 1558; x_wconf 80' lang='lat' dir='ltr'>ex</span> <span class='ocrx_word' id='word_1_255' title='bbox 297 1521 505 1556; x_wconf 91' lang='lat' dir='ltr'>occidentali</span> <span class='ocrx_word' id='word_1_256' title='bbox 523 1526 622 1568; x_wconf 83' lang='lat' dir='ltr'>parte</span> <span class='ocrx_word' id='word_1_257' title='bbox 642 1521 684 1554; x_wconf 91' lang='lat' dir='ltr'>de</span> <span class='ocrx_word' id='word_1_258' title='bbox 703 1520 732 1554; x_wconf 80' lang='lat' dir='ltr'>le</span> <span class='ocrx_word' id='word_1_259' title='bbox 747 1520 946 1554; x_wconf 88' lang='lat' dir='ltr'>Thorniflat</span> <span class='ocrx_word' id='word_1_260' title='bbox 961 1518 1203 1553; x_wconf 84' lang='lat' dir='ltr'>descendendo</span> <span class='ocrx_word' id='word_1_261' title='bbox 1221 1519 1257 1552; x_wconf 86' lang='lat' dir='ltr'>in</span> <span class='ocrx_word' id='word_1_262' title='bbox 1278 1518 1455 1565; x_wconf 81' lang='lat' dir='ltr'>Kirkilgat</span> <span class='ocrx_word' id='word_1_263' title='bbox 1473 1523 1508 1552; x_wconf 89' lang='lat' dir='ltr'>et</span> <span class='ocrx_word' id='word_1_264' title='bbox 1525 1518 1651 1552; x_wconf 88' lang='lat' dir='ltr'>abinde</span> 
     </span>
     <span class='ocr_line' id='line_1_24' title="bbox 171 1573 1651 1622; baseline -0.003 -10"><span class='ocrx_word' id='word_1_265' title='bbox 171 1580 209 1616; x_wconf 80' lang='lat' dir='ltr'>in</span> <span class='ocrx_word' id='word_1_266' title='bbox 225 1579 331 1613; x_wconf 85' lang='lat' dir='ltr'>altam</span> <span class='ocrx_word' id='word_1_267' title='bbox 349 1578 450 1617; x_wconf 79' lang='lat' dir='ltr'>viam,</span> <span class='ocrx_word' id='word_1_268' title='bbox 480 1582 514 1610; x_wconf 82' lang='lat' dir='ltr'>et</span> <span class='ocrx_word' id='word_1_269' title='bbox 543 1582 614 1610; x_wconf 86' lang='lat' dir='ltr'>tres</span> <span class='ocrx_word' id='word_1_270' title='bbox 645 1589 723 1610; x_wconf 86' lang='lat' dir='ltr'>acre</span> <span class='ocrx_word' id='word_1_271' title='bbox 748 1575 868 1622; x_wconf 86' lang='lat' dir='ltr'>jacent</span> <span class='ocrx_word' id='word_1_272' title='bbox 888 1575 991 1622; x_wconf 76' lang='lat' dir='ltr'>juxta</span> <span class='ocrx_word' id='word_1_273' title='bbox 1008 1575 1122 1609; x_wconf 85' lang='lat' dir='ltr'>lacum</span> <span class='ocrx_word' id='word_1_274' title='bbox 1142 1575 1184 1609; x_wconf 92' lang='lat' dir='ltr'>de</span> <span class='ocrx_word' id='word_1_275' title='bbox 1204 1574 1342 1609; x_wconf 86' lang='lat' dir='ltr'>Aldton</span> <span class='ocrx_word' id='word_1_276' title='bbox 1361 1588 1403 1608; x_wconf 79' lang='lat' dir='ltr'>ex</span> <span class='ocrx_word' id='word_1_277' title='bbox 1421 1580 1519 1621; x_wconf 88' lang='lat' dir='ltr'>parte</span> <span class='ocrx_word' id='word_1_278' title='bbox 1538 1573 1651 1608; x_wconf 92' lang='lat' dir='ltr'>orien-</span> 
     </span>
     <span class='ocr_line' id='line_1_25' title="bbox 171 1629 1651 1680; baseline -0.004 -11"><span class='ocrx_word' id='word_1_279' title='bbox 171 1636 243 1676; x_wconf 85' lang='lat' dir='ltr'>tali,</span> <span class='ocrx_word' id='word_1_280' title='bbox 275 1647 342 1680; x_wconf 89' lang='lat' dir='ltr'>que</span> <span class='ocrx_word' id='word_1_281' title='bbox 360 1638 532 1667; x_wconf 84' lang='lat' dir='ltr'>vocantur</span> <span class='ocrx_word' id='word_1_282' title='bbox 564 1632 807 1679; x_wconf 79' lang='lat' dir='ltr'>Spragunfiat3</span> <span class='ocrx_word' id='word_1_283' title='bbox 836 1644 920 1677; x_wconf 85' lang='lat' dir='ltr'>quas</span> <span class='ocrx_word' id='word_1_284' title='bbox 937 1630 1022 1664; x_wconf 85' lang='lat' dir='ltr'>mihi</span> <span class='ocrx_word' id='word_1_285' title='bbox 1048 1630 1221 1665; x_wconf 88' lang='lat' dir='ltr'>dederunt</span> <span class='ocrx_word' id='word_1_286' title='bbox 1238 1630 1275 1664; x_wconf 88' lang='lat' dir='ltr'>in</span> <span class='ocrx_word' id='word_1_287' title='bbox 1292 1630 1549 1677; x_wconf 84' lang='lat' dir='ltr'>permutatione</span> <span class='ocrx_word' id='word_1_288' title='bbox 1568 1629 1651 1664; x_wconf 69' lang='grc' dir='ltr'>00ὶο</span> 
     </span>
     <span class='ocr_line' id='line_1_26' title="bbox 172 1684 1652 1733; baseline -0.005 -7"><span class='ocrx_word' id='word_1_289' title='bbox 172 1704 331 1727; x_wconf 86' lang='lat' dir='ltr'>acrarum</span> <span class='ocrx_word' id='word_1_290' title='bbox 351 1695 384 1724; x_wconf 87' lang='lat' dir='ltr'>et</span> <span class='ocrx_word' id='word_1_291' title='bbox 403 1688 544 1722; x_wconf 88' lang='lat' dir='ltr'>dimidie</span> <span class='ocrx_word' id='word_1_292' title='bbox 563 1694 597 1722; x_wconf 90' lang='lat' dir='ltr'>et</span> <span class='ocrx_word' id='word_1_293' title='bbox 614 1688 739 1733; x_wconf 82' lang='lat' dir='ltr'>viginti</span> <span class='ocrx_word' id='word_1_294' title='bbox 757 1687 840 1721; x_wconf 64' lang='grc'><strong>0010</strong></span> <span class='ocrx_word' id='word_1_295' title='bbox 858 1687 1106 1733; x_wconf 77' lang='lat' dir='ltr'>partic-atarmn</span> <span class='ocrx_word' id='word_1_296' title='bbox 1124 1691 1217 1720; x_wconf 79' lang='lat' dir='ltr'>terre</span> <span class='ocrx_word' id='word_1_297' title='bbox 1243 1684 1521 1732; x_wconf 75' lang='lat' dir='ltr'>prescriptamun,</span> <span class='ocrx_word' id='word_1_298' title='bbox 1554 1686 1652 1719; x_wconf 88' lang='lat' dir='ltr'>here-</span> 
     </span>
     <span class='ocr_line' id='line_1_27' title="bbox 173 1739 1652 1791; baseline -0.005 -9"><span class='ocrx_word' id='word_1_299' title='bbox 173 1747 296 1782; x_wconf 84' lang='lat' dir='ltr'>ditarie</span> <span class='ocrx_word' id='word_1_300' title='bbox 313 1745 483 1780; x_wconf 80' lang='lat' dir='ltr'>tenendas</span> <span class='ocrx_word' id='word_1_301' title='bbox 501 1750 535 1778; x_wconf 91' lang='lat' dir='ltr'>et</span> <span class='ocrx_word' id='word_1_302' title='bbox 553 1742 780 1791; x_wconf 81' lang='lat' dir='ltr'>pollidendas.</span> <span class='ocrx_word' id='word_1_303' title='bbox 834 1743 880 1777; x_wconf 89' lang='lat' dir='ltr'>Et</span> <span class='ocrx_word' id='word_1_304' title='bbox 899 1742 1015 1788; x_wconf 82' lang='lat' dir='ltr'>obligo</span> <span class='ocrx_word' id='word_1_305' title='bbox 1034 1755 1089 1776; x_wconf 96' lang='grc'><strong>1110</strong></span> <span class='ocrx_word' id='word_1_306' title='bbox 1108 1747 1142 1776; x_wconf 88' lang='lat' dir='ltr'>et</span> <span class='ocrx_word' id='word_1_307' title='bbox 1160 1741 1305 1776; x_wconf 87' lang='lat' dir='ltr'>heredes</span> <span class='ocrx_word' id='word_1_308' title='bbox 1323 1754 1419 1775; x_wconf 84' lang='lat' dir='ltr'>meos</span> <span class='ocrx_word' id='word_1_309' title='bbox 1437 1746 1471 1776; x_wconf 89' lang='lat' dir='ltr'>et</span> <span class='ocrx_word' id='word_1_310' title='bbox 1489 1739 1652 1775; x_wconf 77' lang='lat' dir='ltr'>succefl&#39;o-</span> 
     </span>
     <span class='ocr_line' id='line_1_28' title="bbox 172 1798 1653 1846; baseline -0.003 -9"><span class='ocrx_word' id='word_1_311' title='bbox 172 1817 238 1844; x_wconf 87' lang='lat' dir='ltr'>res,</span> <span class='ocrx_word' id='word_1_312' title='bbox 258 1803 302 1836; x_wconf 86' lang='lat' dir='ltr'>ad</span> <span class='ocrx_word' id='word_1_313' title='bbox 319 1801 527 1835; x_wconf 84' lang='lat' dir='ltr'>solutionem</span> <span class='ocrx_word' id='word_1_314' title='bbox 546 1799 641 1833; x_wconf 87' lang='lat' dir='ltr'>mille</span> <span class='ocrx_word' id='word_1_315' title='bbox 658 1799 827 1833; x_wconf 88' lang='lat' dir='ltr'>librarum</span> <span class='ocrx_word' id='word_1_316' title='bbox 844 1798 1088 1846; x_wconf 80' lang='lat' dir='ltr'>sterlingorum</span> <span class='ocrx_word' id='word_1_317' title='bbox 1114 1799 1280 1846; x_wconf 70' lang='lat' dir='ltr'>predictis</span> <span class='ocrx_word' id='word_1_318' title='bbox 1299 1798 1431 1833; x_wconf 89' lang='lat' dir='ltr'>Abbati</span> <span class='ocrx_word' id='word_1_319' title='bbox 1449 1804 1483 1833; x_wconf 92' lang='lat' dir='ltr'>et</span> <span class='ocrx_word' id='word_1_320' title='bbox 1501 1810 1653 1833; x_wconf 81' lang='lat' dir='ltr'>conven-</span> 
     </span>
     <span class='ocr_line' id='line_1_29' title="bbox 173 1853 1652 1902; baseline -0.004 -8"><span class='ocrx_word' id='word_1_321' title='bbox 173 1860 225 1894; x_wconf 91' lang='lat' dir='ltr'>tui</span> <span class='ocrx_word' id='word_1_322' title='bbox 243 1864 278 1893; x_wconf 83' lang='lat' dir='ltr'>et</span> <span class='ocrx_word' id='word_1_323' title='bbox 296 1869 418 1892; x_wconf 89' lang='lat' dir='ltr'>eorum</span> <span class='ocrx_word' id='word_1_324' title='bbox 436 1853 680 1890; x_wconf 77' lang='lat' dir='ltr'>suceefforibus</span> <span class='ocrx_word' id='word_1_325' title='bbox 703 1853 946 1889; x_wconf 82' lang='lat' dir='ltr'>solvendarum</span> <span class='ocrx_word' id='word_1_326' title='bbox 972 1869 1036 1902; x_wconf 90' lang='lat' dir='ltr'>pro</span> <span class='ocrx_word' id='word_1_327' title='bbox 1064 1856 1222 1902; x_wconf 83' lang='lat' dir='ltr'>dampnis</span> <span class='ocrx_word' id='word_1_328' title='bbox 1251 1854 1318 1889; x_wconf 88' lang='lat' dir='ltr'>suis</span> <span class='ocrx_word' id='word_1_329' title='bbox 1348 1860 1383 1889; x_wconf 85' lang='lat' dir='ltr'>et</span> <span class='ocrx_word' id='word_1_330' title='bbox 1412 1853 1577 1902; x_wconf 82' lang='lat' dir='ltr'>expensis,</span> <span class='ocrx_word' id='word_1_331' title='bbox 1609 1854 1652 1888; x_wconf 91' lang='lat' dir='ltr'>de</span> 
     </span>
     <span class='ocr_line' id='line_1_30' title="bbox 174 1909 1653 1964; baseline -0.005 -14"><span class='ocrx_word' id='word_1_332' title='bbox 174 1916 279 1964; x_wconf 80' lang='lat' dir='ltr'>plano</span> <span class='ocrx_word' id='word_1_333' title='bbox 298 1919 333 1948; x_wconf 92' lang='lat' dir='ltr'>et</span> <span class='ocrx_word' id='word_1_334' title='bbox 349 1912 418 1946; x_wconf 90' lang='lat' dir='ltr'>fine</span> <span class='ocrx_word' id='word_1_335' title='bbox 439 1911 581 1959; x_wconf 86' lang='lat' dir='ltr'>strepitu</span> <span class='ocrx_word' id='word_1_336' title='bbox 594 1911 763 1958; x_wconf 85' lang='lat' dir='ltr'>judiciali,</span> <span class='ocrx_word' id='word_1_337' title='bbox 795 1909 818 1944; x_wconf 90' lang='lat' dir='ltr'><strong>fi</strong></span> <span class='ocrx_word' id='word_1_338' title='bbox 836 1910 951 1956; x_wconf 84' lang='lat' dir='ltr'>aliquo</span> <span class='ocrx_word' id='word_1_339' title='bbox 973 1917 1131 1958; x_wconf 86' lang='lat' dir='ltr'>tempore</span> <span class='ocrx_word' id='word_1_340' title='bbox 1161 1924 1224 1958; x_wconf 89' lang='lat' dir='ltr'>per</span> <span class='ocrx_word' id='word_1_341' title='bbox 1252 1924 1316 1945; x_wconf 88' lang='lat' dir='ltr'>nos</span> <span class='ocrx_word' id='word_1_342' title='bbox 1334 1911 1390 1945; x_wconf 91' lang='lat' dir='ltr'>vel</span> <span class='ocrx_word' id='word_1_343' title='bbox 1408 1911 1559 1957; x_wconf 86' lang='lat' dir='ltr'>aliquem</span> <span class='ocrx_word' id='word_1_344' title='bbox 1576 1909 1653 1944; x_wconf 90' lang='lat' dir='ltr'>nos-</span> 
     </span>
     <span class='ocr_line' id='line_1_31' title="bbox 175 1967 1652 2016; baseline -0.005 -10"><span class='ocrx_word' id='word_1_345' title='bbox 175 1979 269 2006; x_wconf 89' lang='lat' dir='ltr'>trum</span> <span class='ocrx_word' id='word_1_346' title='bbox 286 1969 388 2016; x_wconf 87' lang='lat' dir='ltr'>super</span> <span class='ocrx_word' id='word_1_347' title='bbox 406 1968 494 2001; x_wconf 87' lang='lat' dir='ltr'>hanc</span> <span class='ocrx_word' id='word_1_348' title='bbox 511 1967 735 2001; x_wconf 82' lang='lat' dir='ltr'>donationem</span> <span class='ocrx_word' id='word_1_349' title='bbox 756 1971 789 2000; x_wconf 90' lang='lat' dir='ltr'>et</span> <span class='ocrx_word' id='word_1_350' title='bbox 807 1967 1100 2013; x_wconf 79' lang='lat' dir='ltr'>pernmtationem</span> <span class='ocrx_word' id='word_1_351' title='bbox 1118 1967 1285 2013; x_wconf 59' lang='lat' dir='ltr'>predictis</span> <span class='ocrx_word' id='word_1_352' title='bbox 1305 1967 1434 2000; x_wconf 87' lang='lat' dir='ltr'>Abbati</span> <span class='ocrx_word' id='word_1_353' title='bbox 1454 1972 1488 2000; x_wconf 88' lang='lat' dir='ltr'>et</span> <span class='ocrx_word' id='word_1_354' title='bbox 1502 1978 1652 2000; x_wconf 90' lang='lat' dir='ltr'>conven-</span> 
     </span>
     <span class='ocr_line' id='line_1_32' title="bbox 175 2021 1651 2073; baseline -0.005 -11"><span class='ocrx_word' id='word_1_355' title='bbox 175 2028 226 2062; x_wconf 89' lang='lat' dir='ltr'>tui</span> <span class='ocrx_word' id='word_1_356' title='bbox 240 2025 370 2073; x_wconf 88' lang='lat' dir='ltr'>questio</span> <span class='ocrx_word' id='word_1_357' title='bbox 385 2029 578 2058; x_wconf 84' lang='lat' dir='ltr'>moveatur.</span> <span class='ocrx_word' id='word_1_358' title='bbox 631 2023 678 2057; x_wconf 82' lang='lat' dir='ltr'>Et</span> <span class='ocrx_word' id='word_1_359' title='bbox 690 2035 755 2069; x_wconf 79' lang='lat' dir='ltr'>ego</span> <span class='ocrx_word' id='word_1_360' title='bbox 774 2028 808 2056; x_wconf 90' lang='lat' dir='ltr'>et</span> <span class='ocrx_word' id='word_1_361' title='bbox 826 2023 971 2057; x_wconf 83' lang='lat' dir='ltr'>heredes</span> <span class='ocrx_word' id='word_1_362' title='bbox 983 2023 1050 2056; x_wconf 90' lang='lat' dir='ltr'>mei</span> <span class='ocrx_word' id='word_1_363' title='bbox 1063 2028 1096 2056; x_wconf 89' lang='lat' dir='ltr'>et</span> <span class='ocrx_word' id='word_1_364' title='bbox 1108 2021 1312 2057; x_wconf 77' lang='lat' dir='ltr'>succefl&#39;ores</span> <span class='ocrx_word' id='word_1_365' title='bbox 1323 2022 1412 2056; x_wconf 86' lang='lat' dir='ltr'>hanc</span> <span class='ocrx_word' id='word_1_366' title='bbox 1427 2022 1651 2056; x_wconf 88' lang='lat' dir='ltr'>donationem</span> 
     </span>
     <span class='ocr_line' id='line_1_33' title="bbox 176 2078 1654 2130; baseline -0.005 -12"><span class='ocrx_word' id='word_1_367' title='bbox 176 2090 210 2118; x_wconf 85' lang='lat' dir='ltr'>et</span> <span class='ocrx_word' id='word_1_368' title='bbox 228 2081 527 2130; x_wconf 86' lang='lat' dir='ltr'>permutationem</span> <span class='ocrx_word' id='word_1_369' title='bbox 545 2079 712 2127; x_wconf 68' lang='lat' dir='ltr'>predictis</span> <span class='ocrx_word' id='word_1_370' title='bbox 732 2079 862 2112; x_wconf 80' lang='lat' dir='ltr'>Abbati</span> <span class='ocrx_word' id='word_1_371' title='bbox 881 2084 915 2113; x_wconf 88' lang='lat' dir='ltr'>et</span> <span class='ocrx_word' id='word_1_372' title='bbox 933 2079 1123 2113; x_wconf 82' lang='lat' dir='ltr'>conventui</span> <span class='ocrx_word' id='word_1_373' title='bbox 1152 2084 1274 2113; x_wconf 86' lang='lat' dir='ltr'>contra</span> <span class='ocrx_word' id='word_1_374' title='bbox 1304 2091 1424 2112; x_wconf 84' lang='lat' dir='ltr'>omnes</span> <span class='ocrx_word' id='word_1_375' title='bbox 1442 2078 1600 2112; x_wconf 83' lang='lat' dir='ltr'>homines</span> <span class='ocrx_word' id='word_1_376' title='bbox 1618 2082 1654 2111; x_wconf 84' lang='lat' dir='ltr'>et</span> 
     </span>
     <span class='ocr_line' id='line_1_34' title="bbox 175 2133 1653 2181; baseline -0.004 -8"><span class='ocrx_word' id='word_1_377' title='bbox 175 2140 320 2173; x_wconf 77' lang='lat' dir='ltr'>feminas</span> <span class='ocrx_word' id='word_1_378' title='bbox 337 2136 649 2176; x_wconf 79' lang='lat' dir='ltr'>warantizabimus,</span> <span class='ocrx_word' id='word_1_379' title='bbox 678 2134 952 2181; x_wconf 83' lang='lat' dir='ltr'>adquietabimus</span> <span class='ocrx_word' id='word_1_380' title='bbox 973 2140 1007 2169; x_wconf 90' lang='lat' dir='ltr'>et</span> <span class='ocrx_word' id='word_1_381' title='bbox 1034 2135 1290 2181; x_wconf 88' lang='lat' dir='ltr'>imperpetuum</span> <span class='ocrx_word' id='word_1_382' title='bbox 1318 2134 1554 2168; x_wconf 88' lang='lat' dir='ltr'>defendemus.</span> <span class='ocrx_word' id='word_1_383' title='bbox 1606 2133 1653 2167; x_wconf 85' lang='lat' dir='ltr'>Et</span> 
     </span>
     <span class='ocr_line' id='line_1_35' title="bbox 176 2187 1653 2240; baseline -0.003 -12"><span class='ocrx_word' id='word_1_384' title='bbox 176 2196 220 2229; x_wconf 82' lang='lat' dir='ltr'>ad</span> <span class='ocrx_word' id='word_1_385' title='bbox 239 2194 406 2240; x_wconf 83' lang='lat' dir='ltr'>majorem</span> <span class='ocrx_word' id='word_1_386' title='bbox 424 2192 644 2227; x_wconf 86' lang='lat' dir='ltr'>securitatem</span> <span class='ocrx_word' id='word_1_387' title='bbox 662 2190 822 2238; x_wconf 81' lang='lat' dir='ltr'>subposui</span> <span class='ocrx_word' id='word_1_388' title='bbox 841 2197 875 2225; x_wconf 84' lang='lat' dir='ltr'>et</span> <span class='ocrx_word' id='word_1_389' title='bbox 892 2190 1048 2237; x_wconf 88' lang='lat' dir='ltr'>subpono</span> <span class='ocrx_word' id='word_1_390' title='bbox 1067 2203 1133 2230; x_wconf 92' lang='lat' dir='ltr'>me,</span> <span class='ocrx_word' id='word_1_391' title='bbox 1160 2190 1307 2224; x_wconf 84' lang='lat' dir='ltr'>heredes</span> <span class='ocrx_word' id='word_1_392' title='bbox 1325 2203 1421 2224; x_wconf 82' lang='lat' dir='ltr'>meos</span> <span class='ocrx_word' id='word_1_393' title='bbox 1439 2195 1473 2224; x_wconf 88' lang='lat' dir='ltr'>et</span> <span class='ocrx_word' id='word_1_394' title='bbox 1490 2187 1653 2224; x_wconf 76' lang='grc'><strong>111000110-</strong></span> 
     </span>
     <span class='ocr_line' id='line_1_36' title="bbox 177 2244 1653 2296; baseline -0.003 -12"><span class='ocrx_word' id='word_1_395' title='bbox 177 2263 231 2284; x_wconf 86' lang='lat' dir='ltr'>res</span> <span class='ocrx_word' id='word_1_396' title='bbox 248 2255 416 2296; x_wconf 83' lang='lat' dir='ltr'>perpetue</span> <span class='ocrx_word' id='word_1_397' title='bbox 428 2247 663 2295; x_wconf 63' lang='lat' dir='ltr'>juristlicfioni</span> <span class='ocrx_word' id='word_1_398' title='bbox 679 2252 714 2282; x_wconf 87' lang='lat' dir='ltr'>et</span> <span class='ocrx_word' id='word_1_399' title='bbox 732 2247 931 2281; x_wconf 90' lang='lat' dir='ltr'>cohercioni</span> <span class='ocrx_word' id='word_1_400' title='bbox 950 2246 1081 2280; x_wconf 90' lang='lat' dir='ltr'>domini</span> <span class='ocrx_word' id='word_1_401' title='bbox 1100 2245 1249 2293; x_wconf 86' lang='lat' dir='ltr'>episcopi</span> <span class='ocrx_word' id='word_1_402' title='bbox 1276 2244 1496 2293; x_wconf 83' lang='lat' dir='ltr'>Glasguenfis</span> <span class='ocrx_word' id='word_1_403' title='bbox 1513 2246 1569 2291; x_wconf 89' lang='lat' dir='ltr'>qui</span> <span class='ocrx_word' id='word_1_404' title='bbox 1588 2258 1653 2292; x_wconf 86' lang='lat' dir='ltr'>pro</span> 
     </span>
     <span class='ocr_line' id='line_1_37' title="bbox 177 2300 1653 2353; baseline -0.003 -13"><span class='ocrx_word' id='word_1_405' title='bbox 177 2312 334 2353; x_wconf 84' lang='lat' dir='ltr'>tempore</span> <span class='ocrx_word' id='word_1_406' title='bbox 352 2304 468 2344; x_wconf 84' lang='lat' dir='ltr'>fuerit,</span> <span class='ocrx_word' id='word_1_407' title='bbox 497 2309 531 2338; x_wconf 87' lang='lat' dir='ltr'>et</span> <span class='ocrx_word' id='word_1_408' title='bbox 550 2303 691 2350; x_wconf 81' lang='lat' dir='ltr'>capituli</span> <span class='ocrx_word' id='word_1_409' title='bbox 709 2302 733 2338; x_wconf 91' lang='lat' dir='ltr'><strong>fi</strong></span> <span class='ocrx_word' id='word_1_410' title='bbox 750 2302 846 2338; x_wconf 89' lang='lat' dir='ltr'>sedes</span> <span class='ocrx_word' id='word_1_411' title='bbox 863 2302 1048 2343; x_wconf 74' lang='lat' dir='ltr'>vacaverit,</span> <span class='ocrx_word' id='word_1_412' title='bbox 1079 2307 1119 2336; x_wconf 91' lang='lat' dir='ltr'>ut</span> <span class='ocrx_word' id='word_1_413' title='bbox 1137 2302 1224 2337; x_wconf 89' lang='lat' dir='ltr'>alter</span> <span class='ocrx_word' id='word_1_414' title='bbox 1241 2301 1394 2350; x_wconf 87' lang='lat' dir='ltr'>ipsorum</span> <span class='ocrx_word' id='word_1_415' title='bbox 1421 2300 1520 2349; x_wconf 87' lang='lat' dir='ltr'>poffit</span> <span class='ocrx_word' id='word_1_416' title='bbox 1537 2313 1601 2336; x_wconf 86' lang='lat' dir='ltr'>nos</span> <span class='ocrx_word' id='word_1_417' title='bbox 1619 2306 1653 2335; x_wconf 84' lang='lat' dir='ltr'>et</span> 
     </span>
    </p>
   </div>
  </div>
 </body>
</html>
