1839 2652
186 285 254 317 140
576 283 891 320 REGISTRUM
920 282 1259 319 MONASTERII

185 377 218 412 se
236 383 271 413 et
288 378 365 420 suis,
393 378 561 427 solempni
578 378 709 416 affensu
728 387 763 416 et
779 380 969 428 spontanea
986 380 1181 420 voluntate,
1201 379 1427 420 renuntiavit,
1448 385 1483 415 et
1500 380 1661 417 conceffit

185 435 279 480 quod
296 433 319 468 fi
336 434 452 481 aliquo
471 441 628 483 tempore
646 437 787 483 aliquod
806 436 1074 471 instrumentum
1094 441 1273 483 repertum
1304 433 1387 469 effet
1412 436 1507 481 quod
1524 437 1567 471 de
1584 450 1660 484 pre-

187 490 281 532 dieta
298 496 392 525 terra
409 491 551 526 nomine
569 491 630 527 suo
648 493 777 527 faceret
795 493 1022 532 mentionem,
1043 492 1182 526 irritum
1201 489 1283 525 effet
1313 496 1348 525 et
1379 491 1493 532 inane,
1519 505 1585 527 nec
1601 491 1661 528 fibi

185 544 243 580 seu
261 546 364 580 alicui
382 547 449 581 alio
468 547 584 594 aliquo
602 554 760 595 tempore
778 549 980 583 valiturum.
1034 548 1189 582 Prediffi
1209 546 1329 581 Abbas
1347 553 1382 581 et
1404 553 1599 582 conventus
1617 549 1661 583 ad

184 601 378 637 instantiam
396 603 546 638 nostram
577 605 737 652 predicto
758 604 898 639 Vicario
927 604 1197 639 misericordiam
1216 603 1393 643 facientes,
1421 602 1662 639 concefferunt

184 658 295 692 eidem
314 660 508 706 predictam
526 667 743 696 nummatam
762 667 855 696 terre
870 674 949 695 cum
964 660 1126 695 omnibus
1139 659 1360 707 pertinentiis
1377 658 1444 694 suis
1462 660 1506 694 ad
1523 660 1659 695 firmam

184 715 219 748 in
237 719 312 749 tota
329 715 400 750 vita
416 715 476 750 sua
492 717 692 757 tenendam,
714 717 890 752 Solvendo
908 715 1049 763 singulis
1066 717 1166 750 annis
1184 715 1310 751 eisdem
1338 716 1373 749 in
1391 715 1599 751 monasterio
1618 717 1661 752 de

186 769 344 812 Paffelet,
371 772 461 806 infra
478 773 560 807 octo
580 773 652 808 dies
670 774 909 808 nundinarum
928 771 1205 818 Glalssuenfium,
1235 772 1412 807 dimidiam
1437 785 1589 807 marcam
1608 786 1660 808 ar-

182 827 279 873 genti
298 827 472 862 bonorum
501 834 535 863 et
553 828 718 875 legalium
736 830 993 876 sterlingorum,
1022 829 1118 862 omni
1147 827 1225 863 casu
1252 829 1491 875 contingente.
1544 829 1591 864 Et
1608 842 1660 864 re-

184 884 358 918 nuntiavit
375 885 554 931 prediStus
573 885 734 920 Vicarius
752 899 816 934 pro
834 885 867 921 se
896 891 930 920 et
958 884 1024 918 suis
1043 885 1138 919 omni
1150 884 1241 931 juris
1259 884 1429 919 beneficio
1448 885 1606 920 canonici
1625 892 1659 920 et

183 939 303 980 civilis,
333 946 367 974 et
385 941 546 975 omnibus
564 941 689 976 litteris
715 955 735 976 a
765 954 974 988 quocunque
992 941 1070 974 foro
1089 941 1281 987 impetratis
1305 946 1340 975 et
1366 941 1604 987 impetrandis,
1625 948 1659 976 et

182 995 372 1042 privilegiis
389 996 657 1043 crucefingnatis
687 1004 722 1032 et
753 996 1054 1044 crucefingnandis
1074 994 1236 1031 concesfis
1263 996 1322 1030 seu
1352 996 1596 1038 concedendis,
1624 1003 1658 1032 et

182 1050 374 1098 specialiter
393 1052 561 1088 beneficio
580 1054 804 1089 restitutionis
823 1055 859 1088 in
877 1055 1078 1099 integrum3
1107 1058 1153 1093 et,
1185 1052 1358 1087 reservata
1374 1052 1473 1086 nobis
1491 1052 1657 1099 potestate

176 1106 362 1153 judiciaria
378 1109 478 1143 nobis
497 1109 681 1151 commiffa,
698 1110 841 1157 subjecit
858 1109 891 1144 se
903 1108 1141 1156 jurisdictioni
1155 1114 1189 1143 et
1203 1108 1361 1156 potestati
1374 1108 1488 1143 nostre
1503 1114 1542 1144 ut
1555 1109 1657 1144 ambo

182 1163 238 1198 vel
256 1163 344 1198 alter
362 1164 517 1199 nostrum
536 1164 644 1212 ipsun]
664 1166 707 1200 ad
734 1165 1011 1200 observationem
1030 1165 1187 1199 omnium
1206 1162 1459 1212 premifl'orum,
1491 1164 1515 1198 fi
1541 1165 1657 1211 aliquo

182 1225 341 1267 tempore
360 1226 484 1254 contra
502 1220 565 1255 hec
584 1221 639 1255 vel
658 1222 799 1267 aliquod
817 1220 1058 1268 premissorum
1077 1234 1140 1268 per
1157 1220 1190 1255 se
1208 1221 1264 1255 vel
1282 1221 1388 1255 alium
1404 1221 1524 1255 venire
1538 1221 1657 1256 volue-

182 1275 237 1315 rit,
266 1275 323 1310 seu
341 1277 507 1323 predictis
527 1277 657 1311 Abbati
676 1283 711 1311 et
729 1277 919 1311 conventui
931 1277 1066 1324 judicio
1083 1275 1282 1324 possessorio
1299 1277 1356 1311 vel
1374 1277 1539 1323 petitorio
1556 1276 1658 1324 super

180 1331 347 1379 premissis
377 1345 519 1367 movere
550 1332 774 1379 questionem,
803 1346 865 1381 per
894 1332 1073 1367 censuram
1105 1331 1372 1373 eccleliasticam,
1413 1332 1456 1366 de
1486 1332 1591 1379 plano
1624 1339 1658 1367 et

180 1386 306 1433 absque
324 1387 466 1435 strepitu
478 1389 614 1435 judicii,
645 1390 839 1424 monitione
868 1387 1038 1436 premissa,
1066 1387 1192 1436 pollint
1219 1388 1275 1423 vel
1304 1387 1405 1435 poffit
1434 1388 1656 1436 compellere.

182 1444 227 1478 In
245 1444 343 1491 cujus
361 1446 412 1479 rei
429 1444 663 1480 testimonium
691 1446 831 1493 presens
862 1445 1026 1492 scriptum
1057 1444 1172 1491 figillis
1199 1444 1322 1479 nostris
1352 1457 1423 1479 una
1450 1457 1529 1479 cum
1547 1443 1656 1491 sigillo

180 1501 329 1547 predicti
345 1501 477 1535 Vicarii
494 1501 639 1536 fecimus
657 1502 826 1536 roborari.
879 1502 1014 1535 Datum
1033 1501 1126 1547 apud
1154 1499 1287 1546 Glafigu
1307 1501 1361 1535 die
1389 1501 1471 1535 lune
1497 1501 1656 1547 proxima

180 1562 262 1591 ante
280 1556 402 1591 festum
422 1557 542 1592 Sancti
560 1558 583 1593 J
586 1558 732 1592 ohannis
764 1557 915 1605 Baptiste
945 1570 1039 1591 anno
1069 1558 1181 1604 gratie
1211 1556 1391 1592 millesimo
1421 1557 1654 1593 ducentesimo

182 1611 391 1658 sexagesimo
410 1613 549 1647 ofitavo.
602 1613 682 1647 Hiis
700 1613 851 1653 testibus,
883 1613 1047 1648 Wilelmo
1072 1614 1114 1648 de
1135 1613 1283 1653 Cadiou,
1305 1613 1446 1660 Edgero
1464 1614 1593 1648 vicario
1612 1615 1654 1649 de

181 1667 326 1714 Glasgu,
347 1668 513 1703 Wilelmo
540 1669 583 1704 de
611 1669 785 1716 Cunigam
804 1669 995 1716 capellano,
1025 1669 1131 1704 Petro
1158 1669 1349 1716 capellano,
1382 1669 1537 1704 Waltero
1558 1669 1653 1705 Mar-

180 1723 296 1765 schall,
318 1724 483 1760 Wilelmo
501 1726 544 1760 de
563 1725 592 1759 F
593 1725 638 1772 yf,
667 1732 702 1760 et
719 1726 793 1760 aliis
811 1725 940 1760 multis.

183 1894 455 1930 Conservatoria
472 1900 596 1930 contra
614 1895 811 1943 episcopum
830 1894 1092 1942 Ergadiensem,
1112 1907 1219 1942 penes
1237 1893 1403 1930 ecclesias.

180 2008 204 2044 J
207 2007 460 2043 OHANNES
478 2015 513 2043 et
532 2009 695 2043 Andreas
714 2009 757 2044 de
775 2008 1036 2056 Dunfermelyn
1053 2022 1093 2043 ac
1111 2009 1153 2044 de
1172 2009 1352 2044 Neubotle
1367 2009 1486 2044 San&i
1506 2010 1651 2045 Andree

181 2064 321 2099 diocefis
340 2065 627 2100 monasteriorum
646 2065 796 2107 abbates,
820 2065 1081 2100 conservatores
1096 2071 1130 2099 et
1142 2065 1279 2112 judices
1297 2066 1340 2099 ad
1359 2065 1573 2114 infrascripta
1590 2080 1652 2114 per

180 2119 295 2155 sedem
313 2121 534 2169 apostolicam
552 2122 745 2169 specialiter
763 2121 971 2169 [deputati]‚
985 2122 1067 2155 viris
1084 2121 1340 2156 venerabilibus
1359 2127 1393 2156 et
1411 2122 1565 2157 discretis
1583 2136 1651 2158 ma-

181 2176 452 2222 gistrisJohanni
465 2178 588 2225 Penny
602 2177 808 2219 subdecano,
825 2178 969 2225 Nigello
982 2179 1025 2213 de
1039 2180 1281 2226 Carrotherys,
1293 2178 1485 2214 Maleolmo
1502 2179 1651 2227 Kenedy

184 2238 218 2266 et
232 2232 391 2267 Henrico
404 2234 447 2269 de
464 2233 697 2274 Mundavilla,
707 2235 881 2269 canonicis
896 2235 1467 2282 ecclelieGlasguenfiS,salutemet
1481 2237 1651 2270 mandatis

180 2288 303 2322 nostris
321 2301 437 2335 ymmo
456 2291 572 2324 verius
589 2289 782 2337 apostolicis
799 2291 946 2326 firmiter
964 2292 1117 2327 obedire.
1169 2292 1205 2327 N
1208 2292 1349 2327 overitis
1366 2304 1430 2326 nos
1449 2292 1650 2326 mandatum

179 2344 403 2392 apostolieum
421 2346 457 2380 in
476 2346 581 2381 modo
613 2352 647 2381 et
676 2347 788 2381 forma
819 2347 877 2393 qni
906 2347 1099 2396 sequuntur
1127 2346 1300 2396 recepifle,
1328 2348 1427 2395 cujus
1444 2354 1546 2383 tenor
1572 2348 1650 2383 talis
