1870 2683
749 262 820 297 DE
849 263 1119 299 PASSELET.
1605 273 1677 311 357

190 357 290 396 tioni,
322 356 535 403 protectioni
555 362 589 391 et
607 357 808 393 omnimode
828 359 1016 394 defensioni
1034 360 1230 395 sanctiffimi
1249 362 1381 396 domini
1400 362 1504 397 nostri
1524 363 1617 411 Pape
1637 372 1672 400 et

189 412 263 458 ejus
280 411 496 447 sacrosancte
513 412 601 447 sedis
619 413 803 461 apostolice
821 416 978 462 predicte
995 431 1004 459 3
1039 417 1272 453 Protestantes
1291 424 1408 453 tamen
1427 418 1619 466 specialiter
1636 428 1670 456 et

187 467 343 515 expresse
362 468 451 503 hanc
469 469 620 504 nostram
639 471 908 517 appellationem
935 478 975 506 ut
1000 473 1215 520 premittitur
1232 474 1453 522 interjectam
1484 488 1548 510 nos
1580 478 1669 512 velle

188 525 376 571 corrigere,
405 526 545 566 addere,
577 527 772 561 diminuere
791 533 825 562 et
843 529 1034 562 reformare
1052 529 1181 563 totiens
1199 531 1360 576 quotiens
1379 531 1478 565 nobis
1496 532 1671 568 videbitur

188 581 377 628 expediens
395 587 430 616 et
448 588 662 628 oportunum
682 589 785 629 atque
805 584 847 618 de
860 584 943 630 jure
962 584 1089 626 licebit,
1118 599 1198 621 cum
1225 588 1348 621 ceteris
1365 588 1670 634 protestationibus

187 636 382 672 necefl'ariis
400 643 434 672 et
452 637 631 684 requifitiS.
684 639 796 686 Super
814 640 939 686 quibus
957 641 1117 676 omnibus
1135 648 1170 676 et
1187 641 1328 690 singulis
1353 644 1508 690 prefatus
1528 658 1669 680 venera-

188 693 264 727 bilis
282 699 380 740 pater
400 694 579 729 Robertus
597 695 700 729 abbas
718 696 917 731 monasterii
936 697 978 731 de
999 697 1144 738 Passeto,
1160 711 1224 744 pro
1236 698 1281 738 se,
1298 698 1358 733 suo
1373 706 1550 735 conventu
1563 707 1597 735 et
1608 701 1669 736 suo

187 749 407 790 monasterio,
428 763 448 784 a
465 763 521 785 me
539 751 677 785 notario
696 752 836 798 publico
855 752 1044 800 subscripto
1068 753 1127 787 fibi
1144 754 1219 788 fieri
1246 755 1345 801 petiit
1362 768 1473 790 unum
1491 762 1551 791 aut
1568 757 1671 804 plura

186 805 365 852 publicum
395 812 455 841 aut
482 806 622 854 publica
648 807 915 843 instrumentum
943 815 1003 843 aut
1029 809 1268 844 instrumenta.
1321 810 1416 845 Aeta
1434 818 1533 847 erant
1551 813 1615 848 hec
1632 815 1670 848 in

187 863 319 909 capella
337 863 456 897 Sancti
477 863 601 897 Mirini
620 863 742 898 fituata
760 865 796 898 in
815 864 954 900 ecclefia
972 866 1096 912 prefati
1115 866 1322 908 monasterii,
1353 868 1439 902 hora
1456 874 1580 914 quarta
1596 871 1669 917 post

186 919 368 953 meridiem
386 919 443 953 vel
461 920 607 960 eocirca‚
629 920 689 954 sub
707 933 811 961 anno,
845 921 910 961 die,
941 922 1067 963 mense,
1096 923 1290 959 indictione
1309 929 1344 958 et
1361 925 1566 971 pontificatu
1592 940 1668 973 pre-

186 975 291 1009 diffis
307 989 316 1018 ;
345 975 562 1022 presentibus
580 975 708 1010 ibidem
736 976 889 1011 discretis
908 984 941 1012 et
959 979 1113 1025 providis
1131 980 1224 1020 viris,
1256 980 1463 1015 Alexandro
1491 981 1675 1017 Munereif

186 1032 316 1066 vicario
336 1032 379 1066 de
398 1031 620 1073 Mennewin,
642 1033 851 1068 Alexandro
879 1034 1039 1069 Steward
1065 1036 1195 1070 vicario
1214 1036 1256 1070 de
1277 1036 1486 1083 Kyllenane,
1517 1037 1667 1073 Patricio

186 1087 311 1122 Schaw
329 1088 468 1123 re&ore
497 1089 540 1123 de
570 1089 758 1137 Scanakyr,
788 1090 955 1137 magistris
987 1091 1130 1126 domino
1164 1092 1310 1126 Andrea
1329 1092 1459 1128 Panter
1476 1094 1606 1128 vicario
1626 1096 1667 1129 de

187 1143 216 1177 F
216 1156 293 1190 yve,
315 1144 476 1179 Roberto
495 1145 651 1186 Caveris,
673 1146 820 1181 Andrea
840 1146 995 1193 Payntor
1014 1153 1048 1182 et
1068 1148 1222 1183 Ricardo
1242 1148 1423 1195 Brigtone,
1452 1162 1530 1184 cum
1550 1151 1667 1185 multis

184 1202 260 1236 aliis
278 1202 418 1237 testibus
436 1204 478 1237 ad
497 1203 658 1251 premifl'a
675 1205 806 1239 vocatis
824 1205 955 1252 pariter
973 1209 1007 1238 et
1025 1204 1166 1250 rogatis.

284 1259 331 1293 Et
349 1272 414 1305 ego
432 1260 591 1306 magister
612 1260 796 1295 Wilelmus
815 1261 975 1295 Steward
993 1260 1159 1308 presbiter
1175 1260 1397 1307 Glasguenfis
1410 1260 1561 1302 diocesis,
1581 1263 1665 1309 pub-

282 1315 369 1349 licus
400 1315 493 1349 sacra
523 1316 733 1351 auctoritate
752 1316 937 1363 apostolica
954 1317 1122 1357 notarius,
1153 1316 1234 1362 quia
1263 1316 1395 1363 prefate
1424 1317 1665 1364 appellationis

282 1371 531 1418 interjectioni,
560 1372 771 1419 perlectioni
789 1373 923 1414 cedule,
952 1373 1140 1420 copiationi
1171 1385 1210 1407 ac
1238 1372 1274 1406 in
1304 1373 1417 1407 forma
1446 1373 1665 1409 instrumenti

282 1428 489 1468 redaffioni,
510 1428 700 1474 ceterisque
719 1429 881 1463 omnibus
900 1435 933 1464 et
951 1428 1102 1476 singulis,
1123 1429 1206 1463 dum
1224 1427 1268 1463 fic
1285 1434 1325 1463 ut
1343 1430 1557 1476 premittitur
1575 1431 1664 1465 dice-

282 1489 417 1524 rentur,
438 1489 628 1530 agerentur
647 1490 681 1519 et
699 1485 835 1525 fierent,
856 1498 1008 1520 unacum
1025 1485 1219 1532 prenotatis
1236 1485 1386 1526 testibus,
1402 1485 1540 1533 presens
1559 1487 1664 1521 inter-

281 1541 331 1574 fui
349 1544 453 1586 atque
473 1540 591 1574 omnia
610 1546 644 1574 et
662 1540 796 1587 singula
812 1540 1040 1588 suprascripta
1065 1540 1108 1575 fic
1137 1541 1214 1575 fieri
1233 1542 1315 1582 vidi,
1336 1542 1402 1576 dici
1420 1542 1500 1576 scivi
1519 1548 1552 1577 et
1570 1544 1664 1577 audi-

282 1596 316 1630 vi
334 1609 374 1630 ac
391 1597 429 1630 in
447 1601 566 1630 notam
587 1597 674 1643 cepi,
703 1610 746 1631 ex
776 1610 844 1643 qua
860 1597 927 1631 1106
945 1598 1083 1644 presens
1113 1597 1291 1644 publicum
1310 1597 1577 1632 instrumentum
1596 1612 1664 1632 ma-

281 1666 330 1687 nu
348 1666 427 1687 mea
445 1654 586 1700 propria
603 1654 767 1700 scriptum
786 1654 912 1689 exinde
931 1654 1065 1689 confeci
1083 1659 1118 1688 et
1136 1654 1171 1687 in
1185 1654 1274 1688 hanc
1285 1653 1459 1700 publicam
1478 1654 1664 1699 [formam]

282 1710 402 1755 redegi
420 1708 586 1756 signoque
604 1711 747 1745 nomine
766 1723 805 1745 ac
822 1710 1071 1758 subscriptione
1089 1710 1174 1744 meis
1192 1708 1298 1744 solitis
1329 1715 1364 1744 et
1392 1708 1563 1744 consuetis
1588 1711 1663 1744 sub-

283 1764 395 1812 scripfi
414 1770 448 1799 et
466 1764 606 1811 signavi,
627 1772 769 1813 rogatus
788 1772 822 1801 et
840 1767 1032 1813 requisitus,
1060 1767 1096 1800 in
1126 1766 1231 1800 fidem
1262 1771 1297 1800 et
1323 1765 1557 1800 testimonium
1576 1768 1663 1801 veri-

284 1821 364 1855 tatis
382 1821 539 1855 omnium
559 1827 593 1856 et
610 1820 825 1869 singulorum
845 1821 1097 1871 premissorum.
1240 1821 1424 1856 WVilelmus
1443 1821 1611 1857 Steward.

187 1993 347 2027 Facultas
366 1991 522 2027 conceffa
539 1993 581 2027 ab
601 1993 748 2028 Andrea
766 1994 1022 2041 archiepiscopo
1038 1993 1301 2033 Sanctiandreffi
1318 1993 1433 2038 legato
1448 2006 1468 2026 a
1479 1993 1598 2033 latere,
1616 1994 1658 2027 de

185 2061 257 2083 non
276 2048 444 2084 vifitando
463 2048 708 2085 monasterium
728 2049 771 2084 de
792 2049 924 2085 Passeto
943 2062 1007 2084 nec
1025 2049 1188 2096 quicquid
1206 2049 1301 2083 aliud
1315 2048 1427 2082 eidem
1442 2047 1646 2095 subje&um.

187 2161 244 2195 IN
272 2160 364 2195 DEI
392 2160 607 2196 NOMINE
635 2160 765 2196 Amen.
833 2162 899 2196 Per
928 2162 993 2196 hoc
1020 2162 1158 2209 presens
1185 2161 1360 2208 publicum
1392 2160 1657 2195 instrumentum

185 2218 322 2253 cunctis
340 2222 456 2264 pateat
475 2217 656 2252 evidenter
684 2223 719 2251 et
746 2216 785 2252 fit
814 2223 949 2258 notum,
981 2218 1075 2264 quod
1103 2231 1195 2252 anno
1214 2216 1462 2252 incarnationis
1486 2217 1659 2252 dominice

186 2278 229 2308 M⁰
248 2278 379 2309 ccccc⁰
396 2280 466 2314 xv⁰‚
495 2272 616 2308 mensis
634 2286 719 2308 vero
740 2273 920 2309 Februarii
940 2274 994 2308 die
1013 2274 1146 2320 quinto,
1174 2273 1367 2308 indictione
1385 2277 1518 2319 quarta,
1547 2274 1660 2320 ponti-

185 2330 372 2377 ficatusque
390 2329 587 2365 sanctissimi
605 2330 641 2364 in
661 2329 797 2365 Christo
816 2331 922 2377 patris
941 2335 975 2365 et
994 2330 1125 2366 domini
1144 2329 1249 2364 nostri
1276 2329 1407 2364 domini
1427 2328 1556 2363 Leonis
1575 2329 1658 2363 divi-
