1870 2683
252 294 322 325 322
657 284 971 322 REGISTRUM
1000 283 1340 321 MONASTERII

257 392 313 421 tus
330 384 517 433 supradicti
535 383 616 417 huic
634 383 760 430 scripto
778 383 814 417 in
844 381 988 416 modum
1007 382 1215 428 cyrographi
1234 381 1395 416 confecto
1421 379 1528 428 figilla
1544 381 1603 417 sua
1622 383 1726 418 alter-

258 442 366 476 natim
397 438 643 487 apposuerunt,
676 445 710 474 et
739 451 803 473 nos
820 437 970 485 predicti
989 443 1163 472 taxatores
1180 436 1287 484 sigilla
1305 437 1420 471 nostra
1441 439 1569 484 apponi
1587 439 1731 474 fecimus

258 498 398 542 utrique
416 496 505 543 parti
524 494 675 542 ejusdem
695 494 912 542 cyrographi.
982 493 1117 527 Actum
1135 506 1240 534 anno,
1270 492 1396 533 mense,
1427 493 1482 527 die
1501 499 1535 528 et
1561 494 1638 529 loco
1656 508 1733 542 pre-

258 552 412 600 scriptis;
442 551 663 586 Presentibus
693 550 853 597 magistro
886 549 1040 584 Ricardo
1069 549 1111 583 de
1140 549 1254 584 Brade
1285 554 1319 583 et
1348 548 1501 583 Ricardo
1520 549 1562 584 de
1582 549 1731 585 Eiwdde

258 609 432 644 canonicis
451 606 731 654 Glasguenfibus‚
762 607 844 641 Ada
862 611 896 640 et
926 605 1080 651 Hugone
1099 605 1285 652 capellanis
1303 605 1433 639 domini
1455 605 1614 653 Episcopi
1634 606 1733 641 Glas-

255 663 401 711 guenlis,
432 664 609 710 Stephano
636 663 816 710 capellano
836 661 1086 696 Archidiaconi
1106 660 1336 707 Glasguensis,
1368 661 1531 696 Johanne
1550 662 1729 709 capellano

256 721 385 756 vicario
404 720 447 754 de
466 719 592 760 Peblis,
612 718 773 765 magistro
794 718 948 752 Radulfo
968 718 1118 759 Bradde,
1138 719 1299 765 magistro
1318 719 1542 765 Engelramo,
1577 719 1729 761 Warino,

259 777 416 811 VValtero
435 781 469 811 et
489 776 645 816 Andrea,
665 775 798 809 clericis
818 774 970 821 ejusdem
992 774 1163 821 Episcopi,
1185 774 1391 809 Alexandro
1407 775 1449 809 de
1469 775 1644 809 Smalliam
1663 776 1729 810 cle-

254 834 339 874 rico,
359 833 522 868 Johanne
541 832 583 866 de
604 831 751 865 Perthec
771 836 805 865 et
824 830 941 864 multis
959 830 1044 865 aliis.
1098 831 1235 872 Quibus
1253 831 1393 876 quidem
1412 831 1537 865 litteris
1555 831 1654 865 nobis
1673 845 1730 866 ex-

257 890 373 924 hibitis
391 894 426 923 et
445 887 580 922 ostenfis
608 893 647 921 ut
674 887 900 934 premittitur,
930 899 994 920 nos
1012 887 1232 921 attendentes
1250 886 1535 933 supplicationem
1564 888 1734 934 prefatam

258 944 323 980 effe
342 944 529 980 consonam
548 944 685 983 rationi,
718 942 859 989 prefatis
887 942 1011 976 litteris
1040 943 1136 989 prius
1160 955 1222 990 per
1246 955 1310 976 nos
1338 955 1417 976 cum
1437 944 1532 976 omui
1551 944 1732 990 diligentia

257 1001 344 1043 vifis,
376 1001 533 1049 palpatis,
566 999 769 1034 examinatis
788 1004 822 1032 et
839 998 1038 1038 intellectis,
1071 997 1185 1043 eisque
1203 998 1442 1033 indubitanter
1468 1001 1614 1046 repertis
1632 1002 1733 1041 veris,

256 1058 412 1104 integris,
431 1069 504 1091 non
522 1056 661 1096 vitiatis,
681 1068 753 1089 non
772 1055 954 1101 corruptis,
974 1067 1039 1089 nec
1057 1055 1093 1088 in
1111 1055 1225 1100 aliqua
1242 1053 1290 1089 sui
1305 1061 1402 1102 parte
1420 1054 1594 1102 suspectis,
1614 1062 1654 1091 ut
1671 1057 1736 1092 hcc

258 1113 328 1161 ipsa
346 1113 558 1160 exemplaria
575 1111 722 1146 eandem
752 1111 997 1144 a116’c0ritate1n
1017 1115 1051 1145 et
1078 1111 1277 1145 firmitatem
1305 1116 1343 1145 ut
1362 1109 1432 1157 ipsa
1450 1112 1632 1157 originalia
1650 1113 1736 1147 obti-

257 1176 394 1210 nerent,
415 1168 514 1203 cause
532 1168 732 1214 cognitione
749 1167 850 1213 super
864 1166 930 1200 hoc
947 1166 1169 1213 precedente,
1189 1166 1431 1200 mandavimus
1449 1172 1483 1201 et
1500 1167 1644 1202 fecimus
1657 1182 1737 1203 auc-

257 1227 398 1261 toritate
417 1224 593 1259 ordinaria
609 1223 669 1257 sub
686 1221 794 1268 sigillo
814 1223 909 1257 curie
927 1222 1040 1256 nostre
1060 1222 1273 1262 offic-inlatus,
1294 1235 1356 1268 per
1382 1222 1670 1270 circumspectum
1688 1226 1737 1259 vi-

256 1296 334 1317 rum
354 1280 551 1327 magistrum
571 1279 769 1315 Johannem
790 1279 831 1313 de
852 1278 983 1313 Reston
1002 1278 1168 1312 vicarium
1188 1284 1397 1325 perpetuum
1417 1279 1459 1313 de
1480 1279 1640 1327 Dunloip
1660 1282 1735 1316 nos-

256 1345 350 1373 trum
363 1336 505 1371 scribam
521 1335 774 1381 infrascriptum
789 1333 989 1369 solemniter
1008 1334 1197 1381 exemplari
1220 1340 1254 1368 et
1278 1334 1314 1368 in
1332 1334 1504 1381 publicam
1523 1335 1669 1372 formam
1685 1351 1737 1372 re-

256 1395 338 1441 digi.
403 1392 510 1434 Quod
528 1391 668 1438 quidem
687 1391 864 1438 exemplar
882 1390 949 1425 five
967 1389 1222 1437 transumptum
1241 1390 1277 1424 in
1295 1390 1456 1425 omnibus
1475 1404 1553 1426 cum
1572 1393 1647 1439 ipfis
1666 1395 1733 1428 ori-

256 1449 428 1497 ginalibus
445 1448 571 1483 litteris
600 1447 826 1482 conformiter
858 1447 1084 1486 concordans,
1117 1446 1224 1480 nichil
1252 1446 1371 1480 addito
1403 1447 1457 1481 vel
1486 1454 1620 1483 mutato
1639 1451 1734 1496 quod

256 1505 390 1541 iensum
409 1510 531 1544 mutat,
555 1504 699 1538 eandem
719 1503 964 1537 auctoritatem
983 1508 1017 1537 et
1035 1502 1234 1536 firmitatem
1253 1515 1315 1549 per
1333 1502 1399 1537 hoc
1413 1509 1452 1537 ut
1464 1502 1533 1550 ipsa
1545 1505 1730 1551 originalia

258 1562 416 1596 obtinere
435 1560 654 1594 decernimus
672 1559 706 1592 in
725 1559 789 1592 hiis
807 1558 949 1606 scriptis.
985 1558 1234 1604 Sigillabantur
1252 1571 1335 1592 vero
1355 1559 1448 1593 dicte
1460 1559 1586 1601 littere,
1603 1567 1642 1595 ut
1652 1575 1733 1609 pre-

258 1618 402 1652 libatum
422 1616 478 1657 est,
508 1616 623 1662 figillis
648 1615 733 1649 diffi
755 1615 899 1649 Walteri
918 1613 1068 1661 episcopi
1087 1619 1121 1648 et
1151 1614 1291 1661 capituli
1311 1614 1531 1661 Glasguenfis
1557 1629 1628 1651 una
1655 1631 1734 1652 cum

259 1673 374 1720 sigillis
391 1671 659 1720 prescriptorum
678 1671 831 1717 quinque
849 1676 1058 1710 taxatorum,
1090 1668 1199 1715 sigillo
1226 1670 1348 1716 prefati
1368 1671 1499 1705 domini
1519 1672 1679 1720 Episcopi
1698 1675 1735 1708 in

259 1730 375 1765 medio
393 1730 429 1763 111
460 1741 539 1763 cera
565 1727 667 1762 viridi
686 1727 888 1761 omnimodo
915 1724 1076 1773 depenso,
1109 1725 1183 1759 aliis
1202 1724 1258 1760 sex
1277 1725 1391 1771 sigillis
1409 1727 1489 1761 hinc
1507 1728 1589 1762 inde
1607 1729 1734 1776 depen-

260 1785 421 1821 dentibus
437 1799 446 1827 ;
475 1785 511 1818 in
528 1797 598 1830 quo
616 1783 725 1829 figillo
745 1782 903 1829 Episcopi
923 1780 1055 1829 sculpta
1074 1787 1147 1816 erat
1166 1795 1209 1816 ex
1235 1788 1383 1828 utraque
1401 1789 1500 1829 parte
1518 1784 1633 1831 imago
1652 1785 1735 1833 epis-

260 1842 347 1890 copi,
363 1854 434 1876 una
447 1841 558 1887 major
570 1845 604 1874 et
630 1839 740 1873 altera
758 1839 882 1878 minor,
903 1838 1032 1872 habeus
1044 1838 1181 1872 mitrale
1196 1844 1231 1872 et
1245 1839 1311 1872 alia
1326 1838 1469 1885 inlignia
1483 1839 1687 1888 episcopalia
1701 1849 1734 1877 et

259 1953 421 2002 gibilibus
441 1964 622 1987 s1G1LLUM
642 1962 812 1985 WALTERI
831 1962 896 1984 DEI
916 1961 1054 1984 GRATIA
1075 1961 1321 1985 GLASGUENSIS
1340 1963 1520 1986 EPJSCOPI.
1589 1953 1633 1987 In
1652 1967 1735 2000 quo-

260 2023 339 2045 rum
358 2009 514 2044 omnium
534 2014 568 2042 et
585 2006 800 2054 singulorum
818 2006 924 2040 fidem
950 2012 984 2040 et
1012 2005 1246 2040 testimonium
1276 2006 1528 2053 premifl'orum,
1558 2009 1733 2055 presentes

259 2067 394 2102 litteras
410 2078 473 2112 per
491 2064 625 2098 dictum
643 2062 818 2097 notarium
837 2061 1015 2109 publicum
1034 2061 1144 2102 scribi,
1165 2062 1366 2109 exemplari,
1386 2062 1565 2098 tranffiuni
1578 2070 1612 2099 et
1624 2066 1735 2112 publi-

262 2123 331 2157 cari
350 2121 590 2156 mandavimus
608 2124 643 2154 et
659 2117 758 2165 figilli
776 2118 871 2152 curie
886 2117 1090 2152 officialatus
1102 2117 1206 2152 nostri
1222 2117 1452 2165 Glasguensis,
1473 2132 1622 2155 unacum
1641 2120 1735 2168 figno

263 2185 298 2213 et
315 2177 561 2224 subscriptione
576 2175 660 2210 dieti
672 2175 810 2215 notarii,
830 2173 934 2208 nostri
947 2173 1142 2208 tabellionis
1155 2180 1188 2208 et
1202 2187 1317 2208 coram
1337 2174 1436 2208 nobis
1448 2175 1483 2208 in
1497 2175 1602 2210 causis
1614 2175 1732 2218 scribe,

264 2234 409 2268 fecimus
427 2231 635 2280 appenfioue
654 2231 793 2265 muniri.
859 2229 954 2265 Acta
982 2235 1081 2264 erant
1111 2230 1175 2264 hec
1201 2230 1291 2264 infra
1309 2229 1482 2265 ecclefiam
1501 2232 1732 2267 cathedralem

267 2288 515 2335 Glalguensem
546 2288 583 2322 in
610 2288 688 2322 loco
719 2285 950 2326 consistoriali,
979 2285 1079 2319 nobis
1107 2298 1171 2333 pro
1200 2285 1366 2320 tribunali
1396 2285 1604 2328 sedentibus,
1640 2300 1734 2323 anno

266 2344 413 2380 Domini
431 2342 609 2379 millesimo
629 2347 758 2378 ccccmo
775 2339 982 2388 sexagesimo
1001 2354 1107 2383 nono,
1142 2342 1197 2377 die
1216 2354 1299 2377 vero
1318 2342 1415 2376 xxiii⁰
1441 2342 1561 2377 meniis
1580 2343 1734 2379 Novem-
