1839 2652
169 298 241 331 184·
573 287 889 325 REGISTRUM
917 286 1255 322 MONASTERII

181 392 438 438 imperpetuum
454 402 464 430 ;
493 392 527 421 et
553 387 597 420 ad
622 386 768 433 primam
796 384 998 418 citationem
1015 382 1116 417 nobis
1133 382 1216 416 alias
1233 381 1426 416 faciendam
1444 394 1507 428 per
1524 382 1658 430 predic-

182 453 257 481 tum
276 444 457 479 dominum
491 442 687 476 Robertum
715 439 912 488 episcopum
940 439 996 473 vel
1027 439 1177 484 aliquem
1207 437 1281 485 ejus
1312 436 1506 478 officialem,
1542 451 1659 472 coram

184 501 326 536 domino
346 499 445 545 Rege
464 497 579 532 nostro
600 496 725 536 Scotie,
754 494 823 530 fine
843 495 938 529 omni
957 494 1248 534 contradictione,
1278 494 1493 540 exceptione,
1523 493 1660 528 excusa-

183 558 290 597 tione,
311 555 531 590 cavillatione
550 558 584 587 et
610 552 744 592 fraude,
773 551 1051 598 comparebimus
1077 549 1316 597 personaliter,
1345 555 1380 583 et
1407 549 1582 596 predielms
1608 562 1661 584 re-

184 612 451 651 nuntiationem,
480 608 747 655 resignationem
766 613 800 642 et
818 608 969 653 quietam
990 607 1234 641 clamationem
1252 606 1380 640 ibidem
1399 606 1565 652 predicffis
1586 604 1658 639 Ab-

186 669 255 703 bati
274 674 308 703 et
327 666 517 702 conventui
536 665 593 700 seu
613 677 736 699 eorum
754 664 951 703 actornatQ
972 663 1077 697 modo
1096 661 1295 709 supradicto
1314 662 1349 695 in
1368 661 1541 701 omnibus,
1561 661 1663 695 facie-

188 738 275 765 mus,
304 730 338 758 et
357 735 495 758 omnem
515 722 618 756 aliam
637 720 855 755 securitatem
875 732 978 765 quam
1007 718 1227 753 Bernerdum
1258 718 1300 751 de
1332 717 1421 751 Erth
1451 723 1484 751 et
1515 716 1663 751 Elenam

187 779 341 828 sponsam
360 779 466 819 suam,
486 777 544 812 seu
564 777 758 812 Norrinum
779 776 821 810 de
842 775 1076 821 Monorgund
1104 781 1139 809 et
1170 773 1361 808 Forueleth
1379 772 1535 820 sponsam
1554 772 1661 812 suam,

189 849 253 884 pro
272 836 305 870 se
323 841 357 870 et
388 834 573 869 heredibus
603 832 670 867 suis
700 832 814 866 facere
846 832 1034 878 contigerit
1061 831 1226 878 Iiredietis
1248 830 1379 864 Abbati
1410 839 1444 864 et
1475 829 1664 864 conventui

189 892 291 939 super
309 890 474 939 premiffis
492 890 604 930 terris,
625 902 688 923 nos
706 901 770 935 pro
790 887 889 922 nobis
907 894 941 921 et
960 887 1144 922 heredibus
1163 886 1296 926 nostris,
1317 887 1360 920 ad
1378 886 1597 920 voluntatem
1616 885 1665 932 ip-

190 948 305 983 sorum
326 947 474 982 Abbatis
492 952 526 980 et
543 950 738 980 conventus
757 945 799 977 de
821 941 976 982 I'affelet,
993 943 1035 976 de
1050 942 1154 989 plano
1170 948 1203 975 et
1217 940 1285 975 fine
1300 940 1606 987 strepitujudiciali
1619 940 1667 974 fa—

193 1005 333 1039 ciemus.
385 1003 431 1037 Et
450 1003 493 1037 ad
511 1003 628 1037 onmia
647 1008 680 1035 et
711 999 843 1046 fingula
872 996 1030 1046 premiffa
1056 998 1214 1032 facienda
1232 1003 1266 1031 et
1283 996 1516 1043 adimplenda,
1537 995 1667 1042 obliga-

193 1062 306 1095 vimus
337 1067 370 1094 et
405 1060 599 1105 obligamus
639 1070 702 1091 nos
742 1062 776 1090 et
816 1055 1005 1101 quemlibet
1036 1053 1190 1087 nostrum
1222 1065 1284 1099 per
1314 1051 1565 1086 sacramentum
1592 1051 1668 1086 nos-

194 1124 287 1151 trum
315 1116 544 1162 corporaliter
580 1114 624 1148 ad
662 1112 780 1147 saneta
817 1111 887 1145 Dei
927 1109 1108 1155 evangelia
1143 1108 1333 1155 prestitum,
1373 1107 1434 1141 sub
1472 1120 1561 1154 pena
1587 1120 1669 1154 qua-

195 1173 356 1219 draginta
381 1171 548 1205 librarum
575 1170 749 1204 bonorum
776 1174 811 1202 et
838 1167 1001 1213 legalium
1028 1165 1273 1209 sterlingorum
1300 1163 1453 1209 qualibet
1479 1162 1669 1209 septimana

194 1228 449 1267 solvendarum,
479 1227 700 1260 medietatem
720 1224 862 1258 domino
883 1221 1054 1269 Episcopo
1074 1218 1288 1265 Glasgwenfi
1317 1226 1351 1253 et
1382 1219 1604 1253 medietatem
1623 1220 1671 1254 fa-

197 1285 289 1319 brice
308 1282 446 1318 ecclelie
466 1281 615 1328 ejusdem
635 1281 713 1321 loci,
742 1279 919 1326 quamdiu,
948 1276 1021 1324 post
1039 1274 1213 1323 premissas
1232 1276 1414 1309 citationes
1433 1275 1531 1308 nobis
1549 1275 1668 1316 fafitas,

196 1338 355 1387 premifl'a
374 1339 491 1372 omnia
508 1344 542 1372 et
561 1336 693 1383 lingula
712 1336 746 1369 in
765 1334 921 1381 quolibet
938 1332 1086 1366 articulo
1105 1332 1208 1379 plene
1238 1331 1406 1378 perficere
1435 1337 1469 1366 et
1496 1332 1672 1379 complere

197 1395 515 1443 prorogaveriinuS‚
553 1392 769 1428 omiserimus
799 1391 858 1426 seu
889 1388 1158 1435 neglexerimus,
1188 1387 1304 1433 aliquo
1336 1386 1413 1422 casu
1432 1388 1671 1434 contingente.

199 1453 246 1487 Et
264 1451 402 1498 insuper
420 1450 659 1497 supposuimus
678 1455 712 1483 et
729 1447 955 1495 supponimus
973 1457 1037 1478 nos
1063 1450 1097 1478 et
1127 1443 1318 1489 quemlibet
1336 1443 1489 1478 nostrum
1516 1443 1674 1491 jurisdic-

199 1509 286 1543 tioni
305 1514 340 1542 et
357 1507 553 1542 cohertioni
572 1506 704 1539 domini
724 1503 885 1551 Episcopi
904 1499 1134 1547 Glalgwenfis
1161 1506 1195 1534 et
1222 1500 1295 1546 ejus
1324 1500 1492 1540 officialis,
1513 1506 1552 1534 ut
1570 1500 1672 1535 ambo

199 1565 255 1600 vel
273 1565 361 1598 alter
380 1576 502 1598 eorum
520 1560 645 1609 poflint
663 1561 718 1596 vel
745 1559 845 1607 polIit
875 1570 939 1592 nos
967 1562 1001 1590 et
1019 1556 1209 1602 quemlibet
1239 1555 1405 1596 nostrum,
1434 1562 1505 1590 tam
1523 1556 1566 1590 ad
1584 1555 1673 1590 solu-

199 1622 330 1655 tionem
350 1632 438 1666 pene
456 1618 480 1652 si
498 1618 746 1657 committatur,
766 1628 869 1661 quam
887 1614 931 1648 ad
949 1610 1108 1660 premiffa
1126 1613 1244 1646 onmia
1261 1618 1297 1646 et
1314 1611 1447 1658 singula
1460 1611 1674 1646 observanda

200 1683 235 1712 et
253 1675 475 1722 adimplenda
493 1673 713 1720 compellere,
741 1684 804 1719 per
822 1668 1059 1704 omnimodam
1077 1667 1255 1702 censuram
1275 1667 1529 1702 eccleliasticam
1547 1673 1618 1702 tam
1638 1669 1673 1702 in

201 1732 356 1780 personis
373 1730 496 1765 nostris
514 1743 617 1776 quam
636 1730 671 1763 in
690 1728 792 1762 terris
810 1732 844 1761 et
862 1725 936 1760 aliis
953 1724 1116 1764 ferendis,
1136 1723 1253 1758 habita
1270 1723 1456 1758 summaria
1473 1725 1672 1770 cognitione

201 1802 244 1823 ex
262 1787 332 1822 sola
350 1786 563 1834 inspectione
581 1785 684 1832 hujus
702 1782 930 1821 instrumenti,
950 1779 1018 1814 fine
1036 1780 1103 1813 alia
1121 1779 1220 1814 cause
1239 1780 1451 1826 cognitione,
1471 1780 1571 1814 nullo
1583 1780 1674 1826 juris

202 1844 357 1879 remedio
375 1842 533 1877 canonici
550 1841 606 1875 vel
624 1840 744 1880 civilis,
764 1839 863 1873 nobis
880 1837 934 1871 ve]
955 1836 1057 1871 alicui
1075 1836 1229 1870 nostrum
1253 1837 1382 1871 remitti
1404 1836 1599 1871 volentibus
1616 1837 1672 1871 vel

202 1900 346 1939 volenti,
366 1899 528 1933 valituro.
581 1897 628 1931 Et
646 1895 928 1931 renunciavimus
946 1905 985 1926 ac
1003 1892 1250 1926 renunciamus
1269 1891 1423 1939 expreffe
1442 1893 1477 1926 in
1495 1893 1562 1927 hoc
1579 1893 1672 1927 facto

202 1970 265 2004 pro
283 1956 382 1990 nobis
395 1960 429 1989 et
443 1953 598 2000 quolibet
612 1952 776 1992 nostrum,
790 1964 859 1997 quo
874 1949 917 1983 ad
931 1948 1178 1982 infirmandum
1196 1946 1357 1995 premissa
1374 1948 1430 1982 vel
1442 1948 1583 1995 aliquod
1597 1961 1673 1996 pre-

202 2011 390 2051 missorum,
419 2009 629 2045 omnimodis
646 2008 780 2056 placitis
798 2012 832 2041 et
850 2004 974 2040 litteris
989 2004 1104 2050 [tam]
1119 2017 1139 2037 a
1152 2004 1295 2038 domino
1316 2004 1416 2050 Rege
1436 2004 1551 2039 Scotie
1569 2017 1672 2051 quam

203 2083 222 2103 a
239 2079 448 2115 quocunque
467 2066 534 2100 alio
553 2066 631 2100 loco
650 2071 685 2099 et
702 2065 778 2098 foro
798 2060 1017 2097 ecelefiastico
1036 2060 1091 2093 vel
1109 2058 1253 2094 seculari
1272 2060 1462 2107 impetratis
1479 2059 1538 2095 ieu
1568 2061 1674 2108 impe-

202 2125 346 2164 trandis,
367 2129 401 2158 ct
419 2122 579 2157 omnibus
591 2121 740 2168 juribuS‚
761 2115 1078 2156 consuetudinibus,
1093 2115 1244 2162 judiciis,
1273 2115 1405 2150 statutis
1423 2121 1457 2150 et
1474 2115 1672 2158 statuendis,

206 2179 476 2227 exceptionibuS,
497 2183 531 2212 et
543 2177 633 2224 juris
651 2175 807 2210 canonici
827 2180 861 2208 et
879 2173 988 2208 civilis
1006 2172 1178 2212 remediis,
1198 2172 1311 2206 viduis
1330 2177 1364 2206 et
1382 2172 1576 2219 conjugatis
1593 2185 1674 2206 con-

205 2233 297 2269 cessis
318 2240 351 2268 et
371 2233 615 2273 concedendis,
644 2237 678 2266 et
697 2229 893 2277 exceptioni
911 2228 1018 2263 virilis
1037 2227 1290 2275 compulsionis,
1311 2234 1345 2262 et
1362 2227 1554 2275 specialiter
1572 2228 1673 2262 bene-

205 2292 283 2325 ficio
302 2289 524 2324 restitutionis
542 2289 579 2322 in
597 2289 784 2334 integrum,
799 2292 833 2320 et
847 2285 942 2320 omni
959 2285 1141 2332 privilegio
1156 2283 1423 2330 crucefingnatis
1437 2289 1472 2318 et
1485 2282 1673 2330 crucefing·

204 2345 328 2381 nandis
346 2342 502 2378 conceffo
521 2343 576 2378 vel
595 2342 832 2383 concedendo,
862 2346 896 2376 et
914 2341 1074 2376 omnibus
1093 2341 1167 2376 aliis
1185 2340 1422 2387 indulgentiiS,
1448 2339 1577 2386 gratiis,
1605 2340 1673 2386 pri-
