1870 2683
110 1179 224 1201 famlias.

236 284 307 315 :302
651 278 966 314 REGISTRUM
996 279 1335 316 MONASTERII

241 383 310 417 tur,
330 381 453 411 contra
470 375 591 410 eadem
609 375 791 422 privilegia
808 380 844 410 et
861 375 1096 422 indulgentias
1113 376 1157 411 ad
1174 376 1324 424 synodos
1342 381 1377 411 et
1395 383 1588 413 conventus
1606 378 1721 414 foren-

242 432 292 467 ses
309 445 371 467 vos
388 433 438 466 ire
457 430 684 478 compellunt,
714 431 759 466 ad
789 431 911 466 domos
941 431 1068 467 vestras
1094 433 1195 468 causa
1212 433 1352 468 ordines
1370 432 1579 475 celebrandi,
1608 435 1724 470 causas

243 487 419 523 tractandi
436 487 578 533 aliquas,
598 493 794 523 conventus
811 487 969 535 publicos
987 490 1205 524 convocandi
1224 495 1259 525 et
1276 487 1373 524 miffa
1390 489 1601 530 celebrandi,
1621 491 1726 525 inter-

245 546 327 580 dum
345 544 529 584 accedunt,
560 543 602 578 ab
632 543 772 579 Abbate
790 544 847 579 vel
864 544 982 592 priore
1001 545 1101 580 vestri
1120 545 1317 581 monasterii
1346 546 1548 581 nullatenus
1566 546 1703 581 invitati
1718 562 1727 590 3

243 615 263 635 a
280 600 443 635 fratribus
462 601 566 635 etiam
585 599 821 635 Cluniacenfis
840 600 972 635 ordinis
998 601 1233 637 obedientiam
1263 607 1298 637 et
1327 602 1562 637 reverentiam
1590 602 1729 648 exigere

244 657 300 691 vel
319 662 540 703 extorquere,
568 669 608 691 ac
626 656 663 691 in
680 655 769 704 ipsos
787 656 933 692 ubilibet
951 663 1209 693 commorantes
1229 657 1514 705 jurisdifitionem
1533 670 1729 698 excercere,

246 713 425 748 interdiffl
443 718 477 747 et
495 713 869 747 excommunicationis
886 712 1073 749 sententias
1092 715 1257 761 perferre,
1290 714 1327 748 in
1352 713 1565 761 prioratibus
1584 719 1618 748 et
1636 713 1732 748 cellis

247 769 399 817 ejusdem
418 769 550 804 ordinis
564 782 631 816 que
649 782 755 810 nune,
775 768 844 804 fine
859 769 993 812 abbate,
1015 769 1235 805 Cluniacenfi
1253 769 1461 804 monasterio
1479 769 1558 804 sunt
1575 769 1731 817 subjecti,

248 826 387 860 abbates
405 826 568 860 ordinare
599 826 689 859 infra
718 826 918 872 parrochias
947 825 1108 860 locorum
1128 827 1239 861 eidem
1266 825 1475 860 monasterio
1493 825 1732 861 subdictorum

248 883 372 930 absilue
392 881 627 917 Cluniacenfis
646 882 794 916 Abbatis
813 880 955 923 assensu,
975 881 1131 917 ecelefias
1150 889 1185 918 et
1204 882 1352 930 capellas
1371 881 1581 923 construere,
1604 883 1735 917 cimite—

249 940 299 973 ria
315 938 533 978 benedicere,
564 938 607 973 de
634 938 752 973 vestris
771 938 948 973 monachis
967 945 1002 973 et
1019 939 1232 974 monasteriis
1256 939 1428 986 judicare,
1457 939 1502 973 ad
1521 939 1656 986 judicia
1673 939 1731 973 sua

250 1008 309 1030 eos
327 995 455 1030 invitos
472 995 690 1042 protrahere,
719 1008 758 1029 ac
775 1008 840 1042 pro
859 994 1101 1030 controverliis
1119 995 1238 1030 vestris
1256 996 1291 1029 in
1309 995 1557 1042 parrochianos
1575 995 1734 1029 homines

251 1058 285 1085 et
302 1051 491 1086 servientes
509 1050 638 1085 vestros
655 1051 935 1086 animadvertere
953 1050 1202 1098 presumentes,
1223 1064 1420 1097 quanquam
1439 1050 1685 1098 archiepiscopi
1700 1058 1734 1085 et

251 1106 399 1154 episcopi
429 1108 465 1141 in
496 1120 646 1153 quorum
665 1105 854 1141 diocefibus
870 1107 1052 1142 facultates
1070 1107 1179 1142 vestre
1198 1106 1396 1148 consistunt,
1422 1106 1445 1141 fi
1472 1113 1594 1141 contra
1613 1107 1733 1141 eadem

252 1163 457 1198 monasteria
473 1163 530 1198 vel
548 1163 737 1197 monachos
755 1162 844 1210 ipsos
862 1163 991 1209 aliquid
1009 1163 1196 1209 questionis
1226 1163 1436 1204 habuerunt,
1469 1169 1503 1197 te
1534 1163 1584 1197 fili
1618 1162 1735 1196 Abbas-

250 1219 395 1266 tuofique
412 1217 618 1254 successores
636 1232 680 1254 ex
697 1218 834 1253 indulto
852 1218 940 1253 fiedis
957 1219 1142 1266 apostolice
1157 1219 1307 1254 debeant
1320 1219 1508 1267 appellare,
1529 1231 1568 1252 ac
1579 1217 1602 1252 fi
1616 1218 1656 1252 lis
1675 1231 1736 1264 per

251 1288 312 1309 vos
327 1275 468 1310 diffiniri
481 1275 665 1321 nequierit,
675 1275 719 1308 ad
733 1275 879 1310 eandem
892 1274 1007 1310 sedem
1020 1276 1143 1310 referri
1155 1276 1229 1323 ejus
1243 1275 1347 1310 solius
1354 1276 1489 1323 judicio
1504 1274 1734 1310 terminanda.

252 1333 343 1367 Cum
362 1338 478 1367 auten]
497 1331 537 1366 fit
554 1345 574 1366 a
590 1332 749 1379 predicta
763 1331 842 1367 sede
855 1332 1021 1367 statutum
1038 1337 1079 1367 ut
1097 1344 1218 1366 omnes
1237 1330 1386 1372 ecclefie,
1408 1331 1539 1378 capelle
1558 1336 1592 1365 et
1606 1331 1736 1365 cimite-

250 1390 300 1423 ria
319 1389 429 1423 vestra
445 1388 554 1423 libera
572 1394 607 1422 et
625 1388 795 1423 immunia
811 1388 853 1423 ab
872 1389 967 1423 omni
987 1388 1171 1423 exactione
1200 1386 1392 1428 consistant,
1426 1393 1459 1422 et
1486 1387 1609 1422 fratres
1636 1387 1736 1421 cella-

250 1458 328 1480 rum
347 1444 405 1480 seu
423 1445 582 1479 locorum
601 1444 795 1479 vestrorum
813 1444 959 1479 ubilibet
976 1443 1178 1491 pofitorum,
1198 1457 1263 1491 pro
1282 1444 1473 1479 interdicto
1488 1449 1522 1478 et
1537 1456 1735 1478 excommu-

251 1501 425 1535 nicatione
444 1500 661 1547 quibussibet,
689 1499 906 1548 suspensione
925 1501 1126 1536 divinorum
1153 1501 1349 1536 officiorum
1375 1500 1518 1534 minime
1544 1500 1733 1547 patiantur,

252 1564 286 1591 et
304 1563 375 1591 tam
394 1557 555 1591 monachi
573 1557 815 1604 predictorum
834 1557 994 1591 locorum
1021 1569 1124 1602 quam
1144 1569 1266 1591 eorum
1284 1556 1406 1591 famuli
1425 1561 1459 1590 et
1476 1556 1535 1602 qui
1553 1556 1585 1589 se
1604 1554 1735 1589 monas-

251 1614 318 1647 tice
336 1610 535 1660 profeffioni
554 1612 762 1647 devoverint
781 1612 897 1646 divine
915 1611 1073 1647 lervituti
1092 1613 1206 1647 officia
1224 1613 1403 1647 celebrent
1434 1618 1468 1646 et
1497 1611 1613 1646 debita
1639 1623 1735 1658 pera-

251 1674 336 1715 gant
353 1668 529 1716 sepulture
545 1683 555 1711 ;
586 1668 698 1703 Iidem
719 1668 849 1703 Prelati
868 1681 929 1702 vos
946 1668 998 1702 uti
1016 1668 1124 1703 libere
1142 1668 1274 1703 statutis
1291 1667 1489 1716 hujusmodi
1506 1680 1578 1702 non
1595 1668 1735 1714 permit-

251 1731 338 1766 tant,
371 1738 435 1759 nec
453 1723 626 1759 diocesani
644 1724 794 1772 episcopi
812 1731 872 1759 aut
890 1724 1054 1759 officiales
1073 1737 1195 1759 eorum
1214 1725 1429 1771 presentatos
1446 1723 1505 1758 fibi
1531 1737 1552 1758 a
1577 1724 1674 1758 vobis
1692 1724 1735 1757 ad

252 1780 485 1828 parrochiales
503 1780 660 1815 ecclelias
677 1793 762 1827 quas
780 1780 911 1815 habetis
930 1780 1125 1817 sacerdotes
1143 1783 1344 1823 admittunt,
1365 1795 1430 1817 nec
1446 1782 1622 1817 celebrare
1637 1782 1673 1816 in
1688 1782 1735 1816 eis

253 1838 370 1872 divina
387 1837 500 1871 officia
516 1838 699 1884 patiuntur
726 1836 875 1877 eosdem,
907 1844 1013 1884 prout
1031 1838 1128 1872 vobis
1146 1839 1194 1873 est
1210 1852 1255 1873 ex
1272 1839 1456 1886 apostolice
1475 1839 1561 1873 sedis
1580 1838 1735 1884 benigni-

253 1900 324 1928 tate
355 1892 550 1928 conceffum
582 1892 605 1927 fi
634 1894 720 1928 dicti
738 1893 886 1940 episcopi
904 1894 960 1928 vel
979 1894 1142 1929 officiales
1160 1895 1375 1942 presentatos
1402 1895 1540 1930 eosdem
1567 1894 1735 1929 malitiose

254 1963 326 1984 non
345 1950 509 1984 duxerint
527 1949 774 1985 admittendos.
820 1949 986 1985 Preterea
1004 1963 1083 1985 cum
1098 1964 1139 1986 ex
1155 1951 1374 1998 indulgentia
1391 1951 1478 1985 sedis
1497 1949 1662 1998 ejusdem,
1682 1964 1735 1985 ec-

255 2006 433 2041 clesiarum
450 2006 641 2041 vestrarum
660 2006 810 2041 decimas
828 2019 895 2052 que
915 2019 934 2041 a
952 2007 1057 2054 laycis
1076 2007 1289 2048 detinentur,
1309 2006 1333 2041 fi
1350 2006 1541 2042 secundum
1554 2006 1674 2042 Deum
1693 2007 1735 2041 ab

255 2075 376 2097 eorum
395 2061 562 2110 potestate
580 2061 781 2097 subtrahere
799 2061 909 2097 vestre
928 2063 1105 2109 religionis
1124 2063 1322 2098 reverentia
1347 2063 1488 2110 poterit,
1521 2063 1564 2097 ad
1590 2063 1735 2098 vestram

256 2124 290 2152 et
308 2131 499 2166 pauperum
518 2118 811 2164 gubernationem
828 2117 925 2152 vobis
944 2123 979 2153 et
997 2118 1111 2153 ordini
1129 2119 1241 2154 vestro
1260 2119 1363 2153 liceat
1380 2119 1544 2159 retinere,
1572 2132 1612 2153 ac
1630 2119 1736 2152 laicos

255 2175 311 2208 vel
330 2174 474 2208 clericos
492 2173 661 2208 seculares
678 2187 742 2221 per
759 2174 836 2208 loca
853 2173 964 2209 vestra
992 2175 1036 2209 ad
1063 2173 1325 2210 conversionem
1354 2174 1421 2209 five
1452 2175 1496 2209 ad
1522 2173 1735 2222 sepulturam

258 2229 434 2276 suscipere,
456 2228 516 2263 nifi
533 2243 598 2277 pro
617 2230 720 2264 certis
739 2229 941 2264 criminibus
958 2230 1089 2265 fuerint
1108 2231 1478 2266 excommunicationis
1497 2230 1669 2265 sententia
1687 2230 1737 2263 in-

257 2286 387 2326 nodati,
414 2286 518 2320 iidem
536 2286 638 2333 super
655 2286 720 2320 hiis
738 2286 835 2321 vobis
853 2292 984 2321 temere
1002 2285 1035 2321 se
1054 2292 1250 2334 opponunt,
1281 2287 1387 2321 alium
1406 2300 1508 2333 quam
1528 2286 1736 2321 Cluniacen-

256 2342 324 2376 sem
344 2342 502 2376 ordinem
522 2342 556 2376 in
576 2342 747 2388 parochiis
765 2342 808 2377 ad
821 2342 881 2389 jus
898 2342 1048 2378 vestrum
1064 2341 1300 2389 spectantibus
1318 2343 1360 2377 de
1379 2355 1472 2378 novo
1488 2355 1604 2377 creare
1616 2341 1736 2376 nichil-
