1870 2683
779 254 850 289 DE
879 255 1151 291 PASSELET.
1637 264 1707 299 419

222 351 302 386 volo
320 351 469 385 libenter
487 352 674 386 annuimus
690 364 752 399 per
769 364 848 398 que,
881 353 1026 387 materia
1042 353 1202 388 submota
1227 355 1448 400 gravaminis,
1477 354 1582 390 status
1600 357 1701 391 vestri

221 407 453 453 tranquillitas
471 412 692 454 procuretur.
746 407 843 442 Hine
874 408 920 443 est
944 409 1039 455 quod
1057 422 1121 444 nos
1139 410 1256 444 vestris
1282 409 1589 458 supplicationibus
1607 413 1705 447 ineli-

221 465 304 505 nati,
325 469 365 499 ut
382 464 500 498 nullus
518 464 620 512 super
638 465 750 505 terris,
769 463 1028 512 pofl'effionibus
1055 472 1089 501 et
1119 467 1193 501 aliis
1211 467 1310 501 bonis
1328 467 1427 502 vobis
1445 473 1479 502 et
1497 469 1703 504 monasterio

221 520 334 555 vestro
352 521 388 555 in
406 520 551 555 liberam
579 526 614 555 et
641 526 846 568 perpetuam
871 521 1091 557 elemofinam
1111 523 1255 563 collatis,
1286 530 1410 558 contra
1435 524 1634 560 lanei-iones
1652 540 1704 561 ca-

220 577 364 612 nonicas
377 590 439 612 vos
457 590 575 611 coram
592 577 737 612 seculari
748 578 868 624 judice
886 579 1075 613 convenire
1094 579 1278 626 presumat,
1299 580 1396 614 vobis
1407 581 1617 616 alletoritate
1626 596 1703 629 pre-

220 634 368 668 sentium
386 633 620 679 indulgemus.
673 633 774 668 Nulli
801 647 885 680 ergo
917 635 1061 670 omnino
1092 636 1273 671 hominum
1302 637 1405 671 liceat
1436 638 1524 672 hanc
1541 639 1705 685 paginam

221 689 335 725 nostre
354 688 578 724 conceffionis
596 690 786 737 infringere
805 691 862 726 vel
889 692 919 726 ei
945 691 1029 726 ausu
1047 693 1234 727 temerario
1262 694 1447 728 contraire.
1500 695 1535 730 Si
1553 696 1629 741 quis
1647 710 1708 731 au-

222 754 293 783 tem
311 748 378 782 hoc
395 752 604 794 attemptare
621 748 875 795 prefirmpserit,
896 749 1175 795 indignationem
1194 750 1444 797 omnipotentis
1459 751 1529 785 Dei
1544 758 1578 786 et
1590 752 1707 787 beato-

222 817 300 840 rum
314 805 410 839 Petri
428 810 463 839 et
476 804 577 839 Pauli
593 804 829 851 apostolorum
848 805 921 852 ejus
933 804 966 839 se
984 806 1123 839 noverit
1142 805 1372 841 incursurum.
1426 807 1561 842 Datum
1578 808 1707 843 Perufii

222 875 244 895 v
264 860 443 896 Kalendas
462 860 596 907 Aprilis
617 861 845 896 Pontificatus
862 861 968 896 nostri
989 873 1083 895 anno
1101 862 1227 908 primo.

223 1030 282 1065 De
300 1030 425 1065 eodem
443 1035 481 1065 ut
500 1029 603 1077 supra
619 1030 832 1064 immediate.

224 1143 473 1179 URBANUS
492 1143 670 1190 episcopus
687 1142 805 1178 lervus
822 1142 1002 1178 servorum
1023 1144 1092 1178 Dei
1111 1143 1248 1178 dileetis
1265 1145 1355 1185 filiis,
1386 1147 1557 1191 utsupra.

227 1313 262 1347 Si
280 1312 395 1358 aliqua
412 1312 505 1346 bona
521 1312 652 1346 fuerint
670 1312 820 1346 alienata
837 1311 880 1345 ab
898 1311 960 1346 usu
978 1312 1187 1346 monasterii.

229 1416 495 1452 EUGENIUS
515 1416 692 1463 episcopus
710 1416 827 1450 servus
844 1415 1024 1451 servorum
1038 1416 1108 1452 Dei
1120 1418 1311 1452 venerabili
1325 1419 1423 1452 fratri
1435 1418 1594 1466 episcopo
1608 1419 1709 1453 Dun-

227 1471 379 1507 blanenfi
397 1477 432 1506 et
450 1472 572 1506 elefifis
589 1472 667 1506 filiis
686 1472 834 1506 Decano
853 1472 991 1507 eeclefie
1011 1472 1232 1519 Glasguenlis
1262 1487 1301 1508 ae
1333 1474 1485 1510 Officiali
1504 1474 1708 1521 Glasguenfi

226 1529 372 1564 salutem
401 1534 435 1563 et
463 1527 684 1575 apostolicam
714 1528 1009 1563 benedietionem.
1063 1529 1123 1563 Ad
1141 1530 1355 1565 audientiam
1373 1530 1522 1565 nostram
1550 1532 1710 1578 pervenit

224 1585 321 1632 quod
338 1584 477 1619 abbates
496 1590 531 1618 et
549 1584 842 1619 administratores
860 1585 919 1631 qui
936 1585 1091 1625 fuerunt,
1121 1599 1260 1620 necnon
1288 1593 1482 1621 conventus
1514 1587 1709 1621 monasterii

226 1642 269 1676 de
290 1640 435 1681 Passeto‚
457 1640 692 1675 Cluniacenfis
711 1642 853 1682 ordinis,
874 1640 1096 1688 Glasguenfis
1114 1641 1277 1685 diocefis;
1306 1648 1420 1678 cetera
1439 1645 1600 1690 utsupra
1612 1644 1709 1690 filio

225 1699 277 1732 σοῦ
290 1697 340 1731 lff
357 1697 535 1742 huczffilzce
552 1713 565 1739 ;
595 1696 729 1731 Datum
751 1697 866 1732 Rome
884 1698 976 1744 apud
997 1698 1166 1733 Sanetum
1186 1699 1331 1733 Petrum
1350 1712 1443 1734 anno
1461 1700 1709 1734 incarnationis

227 1753 401 1788 dominice
428 1758 472 1786 M⁰
500 1757 607 1786 cccc⁰
626 1758 751 1787 XL1111⁰
778 1754 901 1799 quinto
931 1754 1065 1788 decimo
1099 1754 1276 1788 Kalendas
1308 1755 1457 1801 Augusti
1487 1756 1709 1802 pontificatus

226 1809 332 1843 nostri
350 1821 443 1842 anno
462 1808 736 1854 quartodecimo.

227 1979 285 2014 De
303 1980 439 2015 eodem.

228 2091 476 2127 URBANUS
495 2092 673 2140 episcopus
691 2090 809 2126 servus
827 2090 1006 2127 servorum
1026 2093 1096 2129 Dei
1115 2094 1245 2128 dileeto
1264 2093 1335 2127 filio
1366 2093 1479 2126 Priori
1499 2093 1541 2126 de
1562 2092 1706 2140 KylWy-

227 2162 310 2196 nyn,
332 2148 554 2196 Glasguenfis
573 2147 724 2189 diocefis,
744 2148 889 2183 {alutem
902 2154 937 2183 et
950 2149 1170 2196 apostolicam
1186 2149 1480 2184 benedietionem.
1533 2148 1593 2182 Ad
1611 2149 1707 2183 audi-

227 2205 357 2240 entiam
374 2205 525 2239 nostram
542 2205 702 2252 pervenit
720 2205 815 2251 quod
832 2210 903 2239 tam
923 2205 1042 2240 dileeti
1060 2206 1121 2240 filii
1141 2205 1260 2240 Abbas
1291 2211 1325 2240 et
1355 2210 1549 2240 conventus
1575 2206 1708 2240 monast

226 2262 306 2297 terii
325 2261 367 2296 de
387 2259 544 2302 Paffelet,
566 2260 801 2296 Cluniacenfis
820 2261 962 2301 ordinis,
992 2261 1212 2309 Glasguenfis
1231 2261 1381 2302 diocefis‚
1409 2275 1512 2308 quam
1530 2263 1707 2310 predeces-

227 2319 319 2354 sores
337 2332 471 2360 eomm,
504 2319 664 2359 decimas,
697 2324 818 2359 terras,
850 2319 985 2358 domus,
1014 2319 1178 2358 maneria,
1208 2319 1374 2359 redditus,
1395 2319 1566 2365 grangias,
1586 2318 1707 2365 poffes-
