1839 2652
179 285 250 320 260
579 281 892 319 REGISTRUM
922 282 1258 319 MONASTERII

181 381 337 428 specifice
355 384 577 420 moneantur,
609 385 643 414 et
673 380 710 414 in
736 378 997 426 quibuscunque
1015 379 1140 414 litteris
1158 378 1432 414 commissionum
1460 380 1657 428 hujusmodi

181 438 248 471 hoc
268 437 432 471 statutum
450 435 604 469 nostrum
624 435 806 470 inseratur.
859 435 960 469 Nulli
978 449 1062 483 ergo
1082 437 1227 471 omnino
1248 437 1430 471 hominum
1448 437 1550 472 liceat
1568 438 1658 473 hanc

180 494 341 540 paginam
360 491 473 526 nostre
493 492 706 532 monitionis,
734 492 889 539 precepti
908 497 942 526 et
960 492 1150 527 voluntatis
1168 493 1359 539 infringere
1378 493 1434 527 vel
1451 492 1535 527 ausu
1552 498 1659 529 teme-

181 550 272 583 rario
291 549 476 583 contraire.
530 547 565 582 Si
591 548 667 594 quis
684 554 802 582 autem
820 548 887 582 hoc
905 553 1113 595 attemptare
1143 547 1363 596 presumserit
1380 548 1658 595 indignationem

181 604 431 651 omnipotentis
450 603 520 638 Dei
538 616 577 638 ac
594 604 778 638 beatorum
798 603 894 638 Petri
925 610 960 638 et
987 604 1087 638 Pauli
1105 604 1341 651 apostolorum
1359 604 1433 651 ejus
1460 604 1494 639 se
1520 605 1660 640 noverit

180 660 409 695 incursurum.
463 660 596 694 Datum
619 659 734 694 Rome
753 660 847 707 apud
865 660 1035 694 Sanctum
1055 660 1200 695 Petrum
1219 673 1312 694 anno
1332 661 1582 695 incarnationis
1600 661 1660 695 do-

180 717 305 751 minice
336 715 516 751 millefiino
546 715 886 762 quadringentesimo
912 715 1121 763 sexagesimo
1139 717 1274 762 quinto,
1306 717 1430 763 quinto
1459 717 1544 751 Idus
1571 716 1661 751 Maii

179 773 402 820 pontificatus
420 772 526 806 nostri
544 784 637 805 anno
656 772 780 818 primo.
834 772 880 806 Et
912 773 1038 807 deinde
1068 771 1153 807 ficut
1170 773 1293 820 petitio
1322 786 1387 819 pro
1415 778 1513 820 parte
1540 773 1660 808 dilecti

180 830 240 864 filii
261 830 397 876 Georgi
415 829 546 863 abbatis
565 828 762 863 monasterii
781 829 823 863 de
841 828 986 870 Pusseto,
1008 827 1244 863 Cluniacenfis
1264 829 1406 869 ordinis,
1429 828 1660 875 Glasgwenfis

180 885 331 926 diocesis,
351 885 451 919 nobis
469 897 582 931 nuper
601 884 763 925 exhibita,
785 885 997 925 continebat,
1013 883 1036 918 fi
1053 884 1112 919 fibi
1130 890 1165 919 et
1182 884 1429 919 succefforibus
1446 884 1513 920 suis
1532 885 1661 919 abbati-

178 944 242 978 bus
261 942 345 977 dicti
360 941 556 975 monasterii
573 954 638 988 pro
657 947 815 988 tempore
833 941 1067 981 existentibus,
1100 941 1195 987 quod
1220 941 1409 976 nonnullas
1427 939 1657 988 pofl'essiones,

178 1007 289 1033 terras
308 1004 342 1032 et
360 1002 561 1032 tenementa
579 997 669 1031 circa
687 997 933 1031 monasterium
951 997 1150 1044 predffifflm
1169 997 1213 1031 ad
1229 1010 1341 1032 unum
1368 997 1528 1038 milliare,
1562 1002 1596 1031 et
1623 997 1660 1031 in

179 1055 321 1100 vill-agio
350 1054 392 1088 de
426 1052 558 1087 Passeto
577 1065 673 1086 acras
690 1051 757 1087 five
776 1054 878 1087 rodas
897 1059 1099 1101 nuncupata
1128 1059 1162 1088 et
1189 1054 1232 1088 ad
1259 1054 1393 1088 dictum
1413 1053 1659 1088 monasterium

179 1111 349 1158 legittime
367 1109 557 1156 spectantia
575 1115 610 1143 et
627 1110 849 1156 pertinentia,
878 1108 937 1144 sub
965 1123 1084 1144 annuo
1103 1109 1207 1145 censu
1226 1111 1262 1144 in
1282 1109 1519 1158 emphiteosim
1538 1122 1661 1157 perpe-

179 1175 275 1201 tuam
296 1167 349 1200 vel
368 1166 411 1200 ad
430 1172 564 1200 certum
583 1171 720 1212 tempus
739 1166 932 1200 concedere
951 1165 1096 1213 pofl'ent,
1117 1167 1258 1201 licentia
1284 1167 1548 1207 concederetur,
1581 1179 1660 1214 pro-

179 1224 272 1258 fecto
300 1222 387 1256 illud
417 1222 452 1255 in
484 1222 682 1255 evidentem
717 1221 802 1255 dicti
832 1222 1026 1257 monasterii
1046 1223 1186 1257 cederet
1213 1223 1426 1257 utilitatem:
1462 1235 1569 1269 quare
1596 1235 1660 1270 pro

179 1287 276 1327 parte
311 1280 395 1314 dicti
432 1278 569 1324 Georgi
604 1278 745 1318 abbatis,
783 1276 960 1312 afferentis
988 1279 1082 1325 quod
1116 1292 1160 1313 ex
1189 1277 1459 1326 poffeffionibus,
1496 1278 1599 1313 terris
1625 1284 1661 1313 et

179 1337 388 1372 tenementis
420 1335 616 1383 hujusmodi
635 1335 728 1369 ultra
746 1336 869 1382 viginti
895 1336 1048 1382 quinque
1084 1335 1228 1369 ducatos
1259 1347 1331 1369 non
1365 1335 1512 1382 percipit
1530 1347 1660 1368 annua-

177 1396 250 1434 tim,
271 1393 370 1428 nobis
388 1393 452 1427 fuit
472 1393 650 1426 humiliter
667 1391 897 1439 supplicatum
924 1397 964 1426 ut
989 1390 1048 1426 fibi
1079 1397 1114 1426 et
1131 1390 1377 1426 succefl'oribus
1394 1390 1462 1425 suis
1479 1390 1657 1437 predictis,

178 1448 406 1498 poffeffiones,
442 1456 553 1484 terras
584 1454 618 1483 et
649 1454 851 1483 tenementa
880 1448 1040 1496 predicta
1070 1446 1196 1494 quisvis
1225 1446 1392 1494 personis,
1429 1459 1508 1481 cum
1536 1446 1660 1492 quibus

178 1507 273 1541 suam
291 1512 325 1540 et
344 1506 429 1540 dic-“ti
448 1505 643 1539 monasterii
663 1505 901 1539 conditionem
920 1504 1058 1539 efficere
1075 1503 1206 1551 poterit
1224 1503 1417 1544 meliorem,
1449 1502 1510 1537 sub
1540 1514 1659 1537 annuo

178 1562 281 1598 censu
300 1561 524 1596 convenienti
553 1568 587 1595 et
617 1560 772 1600 honesto,
801 1573 880 1594 cum
909 1561 1063 1595 evidenti
1090 1560 1242 1594 utilitate
1270 1560 1356 1594 dicti
1382 1558 1590 1599 monasterii,
1624 1559 1660 1592 in

178 1616 414 1665 emphiteosim
441 1623 646 1664 perpetuam
677 1617 733 1651 vel
765 1622 899 1651 certum
930 1622 1068 1663 tempus
1099 1615 1326 1656 concedendi,
1354 1615 1529 1649 licentiam
1549 1620 1584 1649 et
1612 1615 1659 1649 fa-

178 1675 342 1709 cultatem
378 1673 571 1707 concedere
607 1673 650 1707 de
685 1673 901 1718 benignitate
935 1672 1121 1719 apostolica
1156 1672 1393 1718 dignaremur.
1445 1670 1521 1705 Nos
1552 1671 1659 1717 igitur

177 1732 235 1777 qui
266 1731 308 1765 de
336 1727 502 1777 premissis
531 1734 662 1763 certam
692 1729 851 1763 notitiam
879 1741 952 1762 non
981 1729 1158 1769 habemus,
1195 1740 1234 1762 ac
1264 1725 1518 1774 poffeffionmn,
1550 1732 1658 1761 terra-

177 1801 254 1823 rum
287 1793 321 1821 et
348 1791 631 1820 tenementorum
651 1784 847 1832 hujulinodi
873 1785 1067 1831 qualitates,
1095 1784 1316 1830 quantitates,
1345 1783 1511 1823 confines,
1541 1788 1575 1817 et
1601 1795 1659 1816 va-

178 1845 270 1878 lores
283 1842 499 1890 presentibus
513 1854 576 1888 pro
592 1839 753 1888 exprefiis
765 1841 941 1882 habentes,
958 1841 1017 1888 huj
1023 1840 1154 1875 uiinodi
1168 1839 1474 1887 supplicationibus
1488 1839 1656 1879 inclinati,

179 1899 378 1934 discretioni
412 1897 521 1932 vestre
566 1910 628 1944 per
671 1897 856 1944 apostolica
897 1895 1022 1943 scripta
1061 1897 1277 1937 mandamus,
1319 1896 1493 1942 quatinuS‚
1525 1894 1658 1929 servata

178 1957 291 1990 forma
307 1955 504 1988 litterarum
524 1953 625 1987 Pauli
643 1951 890 2000 predecessoris
908 1952 1117 2000 hujusmodi,
1149 1966 1189 1987 ac
1206 1951 1407 2000 specificatis
1425 1952 1520 1998 prius
1539 1964 1656 1986 coram

178 2012 274 2045 vobis
291 2008 561 2058 possessionibus,
589 2009 691 2043 terris
718 2014 752 2043 et
778 2010 988 2043 tenementis
1007 2008 1215 2056 hujusmodi,
1243 2008 1345 2055 super
1362 2006 1528 2054 premissis
1546 2007 1657 2042 omni-

177 2069 239 2102 bus
258 2073 293 2102 et
310 2065 451 2113 singulis
480 2079 519 2100 ac
550 2078 673 2100 eorum
703 2064 966 2099 circumstantiis
993 2063 1171 2106 universis,
1200 2065 1410 2099 auetoritate
1441 2063 1566 2103 nostra,
1593 2075 1656 2098 vos

179 2124 396 2170 conjunfifim
431 2122 618 2168 diligenter
649 2122 854 2161 informetis,
883 2126 918 2156 et
943 2121 966 2155 fi
987 2134 1050 2168 per
1079 2121 1365 2155 informationem
1392 2118 1589 2166 hujusmodi
1615 2131 1656 2153 ea

179 2194 261 2215 vera
278 2181 363 2221 fore,
393 2194 431 2214 ac
450 2177 703 2214 concessionem
721 2178 930 2225 hujusmodi,
949 2177 973 2211 fi
990 2177 1061 2218 fiat,
1082 2178 1119 2211 in
1138 2177 1335 2212 evidentem
1353 2175 1542 2210 utilitatem
1569 2175 1653 2209 dicti

179 2236 374 2270 monasterii
389 2236 512 2270 cedere
527 2235 760 2282 reppereritis,
778 2240 811 2268 et
826 2235 869 2268 ad
882 2235 949 2268 hoc
964 2233 1175 2268 dilectorum
1189 2233 1342 2267 filiorum
1359 2236 1553 2266 conventus
1568 2230 1652 2264 dicti

180 2292 374 2326 monasterii
394 2289 568 2338 expreffus
586 2291 726 2325 accedat
744 2289 903 2330 affensus,
932 2290 1045 2325 eidem
1065 2289 1224 2336 Georgio
1250 2288 1364 2322 abbati
1396 2292 1430 2322 et
1459 2284 1651 2321 succeffori-

179 2349 241 2382 bus
258 2347 324 2382 suis
343 2348 519 2394 predictis,
547 2346 775 2394 pofl'ellioneS,
804 2352 913 2381 terras
932 2352 966 2381 et
992 2351 1194 2380 tenementa
1211 2344 1369 2392 predicta
1386 2341 1558 2390 quibusvis
1575 2353 1651 2389 per-
