1870 2683
723 283 793 318 DE
827 282 1096 318 PASSELET.
1588 290 1660 322 335

181 381 407 416 amicabiliter
421 379 735 427 compromilerunt
751 386 802 421 ut,
822 380 1044 416 facultatibus
1064 379 1282 416 eccleliarum
1298 381 1448 429 ejusdem
1464 383 1660 418 monasterii

180 437 389 472 sufficienter
408 437 568 484 pensatis,
587 437 741 484 ydoneas
759 437 904 472 vicarias
923 437 1112 472 earundem
1134 437 1353 473 eccleliarum
1371 439 1518 480 vicariis,
1543 439 1661 475 secun-

181 494 265 528 dum
283 494 438 528 mandati
456 493 632 540 apostolici
650 499 811 528 tenorem
830 494 866 527 in
882 493 947 527 hac
964 499 1063 540 parte
1083 494 1218 535 directi,
1253 507 1332 529 cum
1359 495 1455 529 omni
1482 495 1662 542 diligentia

180 556 301 585 taxare
319 550 498 585 deberent.
552 550 610 584 Illi
628 563 713 585 vero
732 548 1030 597 compromifl'arii,
1051 556 1147 584 certo
1166 551 1317 585 termino
1335 551 1379 585 ad
1397 551 1463 586 hoc
1481 550 1659 598 affignato,

181 607 225 640 ad
242 607 379 641 firmam
397 619 517 653 pacem
538 612 573 640 et
590 606 809 640 stabilitatem
827 611 1032 654 perpetuam
1051 607 1143 641 inter
1160 606 1335 641 ecclefiain
1358 607 1608 655 Glasguensem
1627 615 1662 644 et

180 673 256 702 nos,
277 662 531 696 ordinaverunt
549 668 583 695 et
601 661 803 696 arbitrando
821 662 1146 708 pronunciaverunt
1164 668 1204 697 ut
1227 676 1349 698 omnes
1367 664 1506 699 ecclefie
1525 665 1569 699 ad
1586 663 1662 699 nos-

180 723 275 752 trum
293 718 540 752 monasterium
558 718 753 765 spe&antes
772 718 807 751 in
826 717 950 752 diocefi
969 717 1175 764 Glasguenfi
1192 725 1364 767 perpetuo
1383 721 1509 755 cedant
1527 722 1563 755 in
1581 720 1661 756 usus

180 773 377 808 monasterii
403 774 492 808 adeo
518 773 627 808 libere
658 780 693 808 et
720 774 836 820 quiete
866 773 952 809 ficut
982 775 1096 821 alique
1125 775 1283 822 religiose
1301 775 1447 823 persone
1466 777 1608 813 liberius
1627 785 1661 813 et

180 830 331 876 quietius
347 830 477 865 habent
504 835 539 864 et
565 828 736 877 poffident
754 830 909 865 ecclefias
940 831 976 864 in
1003 830 1127 865 dioeefi
1144 832 1313 878 predicta,
1344 832 1435 868 salva
1452 835 1660 869 vicariarum

180 887 370 927 taxati0ne,
391 887 433 921 de
451 899 529 933 qua,
550 886 652 933 super
664 886 878 922 estimatione
892 887 1066 921 dictarum
1085 887 1314 929 ecclesiarum,
1335 889 1446 924 solum
1461 890 1579 925 Deum
1599 904 1661 938 pre

181 943 290 978 oculis
308 943 486 984 habentes,
507 943 685 977 duxerunt
702 943 961 990 providendum
979 941 1119 989 singulis
1138 944 1260 978 nostris
1275 945 1422 980 ecclefiis
1436 947 1478 981 (le
1492 945 1662 994 pensioni-

180 999 243 1033 bus
261 999 425 1046 congruis
444 1004 478 1034 et
496 999 716 1046 portionibus
734 999 891 1033 limitatis
921 1001 964 1035 de
992 1001 1117 1047 quibus
1134 1002 1252 1037 vicarii
1281 1016 1344 1050 per
1361 1017 1425 1038 nos
1444 1004 1488 1038 ad
1506 1004 1662 1039 ecclelias

179 1061 341 1090 vacantes
359 1055 547 1103 presentati
564 1054 629 1090 fint
647 1056 816 1096 contenti,
851 1061 885 1091 et
912 1061 983 1091 tam
1011 1057 1054 1092 de
1080 1059 1385 1105 procurationibus
1403 1073 1506 1107 quam
1527 1061 1569 1095 de
1587 1061 1662 1095 aliis

180 1112 345 1147 oneribus
363 1113 405 1146 ad
425 1125 492 1158 que
510 1117 695 1159 prenotate
715 1111 853 1147 ecclefie
872 1113 915 1147 de
927 1112 1009 1160 jure
1027 1119 1195 1149 tenentur
1214 1115 1455 1164 respondeant,
1489 1123 1523 1152 et
1541 1118 1662 1152 hones-

178 1174 249 1203 tam
268 1181 307 1204 ac
326 1168 476 1203 debitam
496 1169 623 1203 faciant
641 1167 871 1209 refidentiam,
900 1169 1055 1216 alioquin
1074 1171 1200 1206 cadant
1230 1186 1249 1206 a
1273 1172 1355 1219 jure
1386 1173 1446 1207 suo
1478 1179 1512 1208 et
1542 1174 1599 1208 alii
1619 1174 1661 1208 de

178 1238 273 1259 novo
291 1238 354 1272 per
370 1238 435 1259 nos
452 1224 708 1272 presententur.
762 1224 845 1259 Illas
863 1238 948 1260 vero
968 1227 1163 1262 taxationes
1181 1241 1243 1275 per
1262 1230 1375 1264 dictos
1407 1229 1663 1277 compromiffa-

179 1282 250 1316 rios
267 1282 376 1316 factas
395 1281 557 1315 dominus
577 1280 768 1328 Episcopus
786 1287 821 1316 et
839 1282 1031 1329 capitulum
1051 1282 1265 1330 Glafguenle
1293 1298 1333 1319 ac
1363 1286 1514 1333 predicti
1542 1286 1663 1320 Abbas

180 1344 215 1373 et
233 1343 428 1372 conventus
446 1342 674 1384 acceptarunt
704 1344 739 1371 et
769 1343 956 1385 perpetuas
982 1340 1110 1376 habere
1128 1342 1373 1389 promiserunt.
1426 1343 1473 1377 Et
1491 1349 1530 1378 ut
1548 1343 1663 1390 hujus-

180 1394 275 1429 modi
294 1394 469 1428 ordinatio
487 1393 529 1428 ab
548 1399 696 1440 utraque
715 1399 812 1441 parte
831 1395 1022 1442 approbata
1047 1403 1081 1432 et
1111 1398 1219 1444 gratis
1249 1404 1389 1446 recepta
1406 1399 1507 1433 firma
1524 1405 1663 1434 maneat

180 1456 215 1486 et
229 1451 488 1498 imperpetuum
508 1448 718 1490 inconcuffa,
739 1450 902 1485 dominus
922 1451 1113 1501 Episcopus
1131 1460 1166 1489 et
1184 1455 1375 1502 capitulum
1399 1454 1609 1502 Glasguense
1628 1462 1663 1491 et

181 1507 302 1541 Abbas
331 1512 366 1541 et
397 1512 592 1541 conventus
610 1505 800 1554 supradififi
819 1507 956 1542 cuidam
973 1509 1100 1557 scripto
1129 1511 1165 1545 in
1195 1511 1338 1545 modum
1358 1512 1564 1559 cerographi
1582 1525 1664 1547 con-

179 1566 274 1600 106ὶο
292 1563 400 1612 figilla
417 1564 477 1599 sua
493 1565 694 1599 alternatim
713 1565 961 1612 apposuerunt,
995 1571 1030 1601 et
1059 1567 1184 1614 prefati
1211 1572 1387 1602 taxatores
1404 1567 1513 1615 sigilla
1529 1569 1589 1603 sua
1606 1582 1663 1616 ap—

180 1622 263 1669 poni
282 1621 442 1657 fecerunt
459 1622 600 1668 utrique
619 1622 709 1669 parti
729 1622 814 1656 dicti
833 1622 1051 1670 cerographi.
1104 1623 1200 1657 Acta
1216 1624 1361 1659 fuerunt
1386 1624 1450 1659 hec
1477 1625 1581 1660 certis
1607 1626 1662 1660 die

179 1683 215 1714 et
241 1678 320 1713 loco
348 1683 383 1713 et
413 1691 530 1713 coram
548 1677 689 1712 testibus
707 1678 892 1724 fidedignis
909 1683 1016 1725 prout
1046 1679 1110 1714 hec
1138 1680 1255 1714 omnia
1280 1693 1343 1727 per
1368 1680 1540 1727 legittima
1557 1681 1663 1716 docu-

180 1741 300 1770 menta
329 1741 364 1770 et
391 1747 453 1782 per
470 1734 586 1769 sedem
604 1734 825 1781 apostolicam
844 1735 1051 1770 confirmata
1077 1735 1181 1783 plene
1207 1734 1347 1783 poffunt
1372 1737 1513 1784 probari
1530 1737 1609 1772 loco
1628 1746 1662 1773 et

180 1798 340 1838 tempore
359 1792 554 1838 oportunis.
607 1791 654 1825 Et
672 1791 753 1836 quia
772 1791 913 1837 quidem
933 1792 1052 1826 vicarii
1070 1791 1263 1827 nostrarum
1293 1792 1511 1828 ecclefiarum
1541 1794 1584 1829 de
1610 1808 1662 1829 ra-

180 1849 277 1882 tione
294 1860 368 1881 non
387 1847 556 1887 contenti,
589 1851 623 1881 et
641 1846 839 1894 hujusmodi
858 1847 1116 1883 ordinationem
1134 1862 1208 1883 non
1227 1848 1493 1890 considerantes,
1525 1863 1546 1884 a
1562 1850 1662 1885 nobis

181 1904 327 1951 exigunt
345 1910 380 1938 et
398 1908 610 1949 extorquent
621 1903 925 1949 augmentationes
940 1904 1115 1939 dictarum
1133 1904 1337 1953 penfionum
1357 1906 1405 1940 eis
1422 1918 1496 1940 non
1517 1907 1659 1947 debitas,

180 1961 275 1996 unde
292 1973 357 1994 nos
377 1959 496 1994 Abbas
515 1964 549 1993 et
576 1966 771 1993 conventus
796 1960 957 2006 predicti,
978 1961 1034 1995 die
1052 1962 1177 1996 ultimo
1196 1961 1319 1996 menfis
1338 1962 1550 2008 Septembris
1568 1976 1661 1997 anno

179 2017 292 2064 gratie
311 2020 355 2051 M⁰
372 2015 456 2051 ccc⁰
474 2014 686 2062 octogesimo
705 2016 844 2057 octavo,
876 2017 912 2051 in
941 2017 1057 2052 nostro
1084 2018 1237 2065 capitulo
1268 2018 1550 2053 conventualiter
1580 2032 1662 2055 con—

180 2073 327 2119 gregati,
348 2071 514 2119 ipfiusque
532 2071 638 2106 nostri
656 2071 853 2106 monasterii
871 2073 1022 2108 utilitate
1040 2074 1191 2122 pensata,
1212 2075 1435 2109 concorditer
1453 2080 1488 2109 et
1505 2076 1660 2110 unanimi

182 2127 349 2163 consensu
378 2128 585 2162 donavimus
604 2133 638 2162 et
657 2127 882 2163 eonceffimus
900 2142 939 2163 ac
957 2143 1019 2177 per
1036 2129 1213 2177 presentes
1244 2131 1366 2165 damus
1384 2136 1419 2165 et
1437 2132 1661 2166 concedimus

182 2185 313 2219 dilecto
330 2184 504 2219 monacho
522 2183 639 2218 nostro
659 2184 802 2219 domino
822 2184 987 2220 lVilelino
1019 2186 1275 2234 de-Chesslelm
1294 2200 1415 2222 omnes
1445 2192 1480 2222 et
1509 2186 1661 2234 fingulos

180 2241 318 2276 fructus
335 2241 372 2274 in
389 2239 650 2287 quibuscunque
669 2239 850 2275 confistant
867 2254 954 2288 quos
973 2242 1057 2277 dicti
1071 2235 1189 2277 vicarii
1207 2256 1227 2277 a
1244 2243 1344 2277 nobis
1358 2243 1512 2278 indebite
1524 2249 1558 2278 et
1570 2244 1662 2279 ultra

182 2297 321 2332 suarum
339 2296 558 2332 ecclefiarum
577 2297 772 2332 taxationes
802 2298 958 2345 recipere
985 2298 1252 2334 consueverunt.
1306 2299 1353 2334 Et
1370 2298 1394 2333 fi
1411 2299 1481 2348 ipse
1499 2300 1661 2336 dominus

183 2352 368 2389 Wilelmus
386 2352 474 2400 ipsos
492 2354 640 2389 vicarios
659 2354 856 2389 contentari
874 2355 1004 2402 poterit
1018 2355 1061 2390 de
1076 2356 1225 2402 antiquis
1238 2354 1459 2404 pensionibus
1473 2357 1521 2392 eis
1533 2363 1571 2392 ut
1585 2370 1661 2405 pre-
