1839 2652
726 247 797 282 DE
830 245 1099 282 PASSELET.
1623 246 1666 278 81

186 342 354 379 tellexiffe
372 344 416 378 ad
433 344 576 391 plenum
595 345 632 378 in
658 345 722 379 hec
752 344 883 386 verba3
924 342 1164 379 OMNIBUS
1191 341 1291 376 Cristi
1311 341 1471 376 fidelibus
1497 340 1564 374 hoc
1588 352 1666 386 pre-

185 399 262 435 sens
279 399 444 447 scriptum
462 399 584 434 visuris
603 400 658 434 vel
676 401 846 434 audituris
867 400 978 446 Hugo
991 399 1121 433 Walais
1139 399 1249 439 miles,
1266 398 1429 432 (lominus
1448 397 1490 431 de
1510 396 1664 442 Cragyn‚

186 455 331 490 salutem
345 457 382 490 in
397 456 555 490 Domino
569 455 825 503 sempiternam.
878 456 1030 490 Noverit
1048 453 1250 489 univerfitas
1262 454 1372 489 vestra
1389 466 1456 493 me,
1477 452 1594 486 divine
1613 464 1666 485 ca-

186 512 298 547 ritatis
316 513 457 553 intuitu,
479 518 513 546 et
530 525 595 559 pro
609 511 718 546 salute
736 513 851 546 anime
869 512 1047 558 quondam
1065 511 1157 545 bone
1176 511 1345 545 memorie
1364 509 1497 544 domini
1517 507 1667 542 Roberti

187 567 259 603 Dei
292 569 405 615 gratia
438 569 528 613 regis
564 568 750 602 Scotorum
784 568 1020 614 progenitoris
1054 567 1187 601 domini
1221 566 1328 601 nostri
1365 565 1484 611 Regis,
1533 570 1568 599 et
1601 576 1666 611 pro

186 623 295 658 salute
329 624 444 658 anime
480 621 580 670 ipsius
611 623 744 656 domini
778 622 885 656 nostri
921 622 1040 669 Regis,
1081 629 1117 657 et
1151 623 1308 657 omnium
1343 619 1597 656 antecefforum
1632 626 1667 655 et

185 677 416 714 successorum
450 677 605 719 suorum,
643 691 783 712 necnon
813 691 878 725 pro
906 677 1015 712 salute
1049 679 1164 713 anime
1199 679 1268 712 mei
1301 677 1402 725 ipsius
1439 683 1474 712 et
1508 677 1665 711 omnium

186 736 440 773 antecessorum
468 743 503 772 et
539 735 770 771 successorum
798 748 970 776 meorum,
1007 748 1051 770 ex
1079 735 1245 770 consensu
1281 742 1315 770 et
1345 734 1476 770 affensu
1514 734 1665 769 Wilelmi

187 794 318 829 'Walais
356 794 471 828 fratris
507 798 542 828 et
576 793 713 827 heredis
747 793 816 827 mei
843 792 978 833 tullian,
1017 791 1156 832 dedisse,
1197 789 1391 826 concesfifl'e
1423 797 1458 825 et
1485 791 1552 825 hoe
1591 803 1668 837 pre·

186 850 275 887 senti
303 850 430 898 scripto
458 863 537 885 meo
568 848 784 885 confirmasse
816 848 897 883 Deo
926 848 1173 895 omnipotenti,
1201 846 1349 894 gloriose
1381 847 1520 893 Virgini
1551 846 1667 881 Marie

187 908 291 942 matri
309 907 394 954 ejus,
425 907 561 941 Samffls
579 906 712 941 Jacobo
732 911 767 940 et
794 905 929 939 Mirino
961 905 1003 938 de
1032 903 1151 950 Passay
1169 909 1203 938 et
1233 903 1412 937 monachis
1430 903 1558 937 ibidem
1586 902 1668 937 Deo

186 964 416 999 servientibus
452 969 486 998 et
520 964 780 1010 imperpetuum
810 961 999 1000 servituris,
1041 959 1162 994 decem
1196 965 1365 993 marcatas
1392 964 1486 992 terre
1518 970 1594 992 mee
1625 958 1667 992 de

187 1020 350 1056 Thornle
368 1033 448 1055 cum
466 1019 698 1067 pe1·tinentiiS‚
721 1018 879 1065 jacentes
897 1018 933 1051 in
951 1016 1097 1051 baronia
1127 1016 1169 1050 de
1199 1015 1349 1055 Renfru,
1379 1015 1468 1048 infra
1486 1014 1669 1049 vicecomi-

186 1083 297 1112 tatum
318 1077 361 1112 de
380 1076 533 1116 Lanark,
548 1076 585 1109 in
604 1075 748 1109 liberam
767 1087 890 1121 puram
910 1078 944 1108 et
962 1077 1168 1119 perpetuam
1188 1070 1407 1106 elemosinam
1423 1085 1431 1113 ;
1463 1070 1496 1104 T
1498 1071 1670 1105 emendam

187 1138 222 1169 et
239 1133 435 1168 habendam
455 1133 584 1167 dietam
602 1137 732 1165 terram
752 1143 830 1165 cum
849 1130 1069 1177 pertinentiis
1088 1129 1190 1163 dietis
1207 1129 1290 1163 viris
1308 1126 1473 1174 religiosis
1492 1133 1527 1161 et
1545 1140 1668 1161 eorum

186 1188 432 1225 successoribus
447 1189 489 1223 de
504 1202 559 1223 me
575 1193 608 1222 et
626 1187 811 1222 heredibus
829 1187 915 1221 meis
929 1187 1199 1233 imperpetuum,
1213 1198 1292 1219 cum
1308 1185 1469 1219 omnibus
1483 1183 1550 1218 suis
1564 1184 1669 1217 refi'ds

187 1246 288 1280 metis
308 1251 341 1280 et
361 1244 472 1279 divifis
490 1258 529 1279 ac
542 1244 640 1291 justis
657 1243 877 1291 pertinentiis
895 1241 962 1277 suis
981 1241 1253 1289 quibuscunque,
1283 1254 1361 1275 cum
1386 1240 1547 1275 omnibus
1568 1239 1669 1274 liber-

187 1303 326 1344 tatibus,
356 1302 661 1337 commoditatibus
679 1306 714 1336 et
732 1300 937 1335 aifiamentis
954 1305 1026 1333 tam
1043 1311 1117 1332 non
1135 1298 1324 1332 nominatis
1346 1310 1449 1343 quam
1468 1296 1667 1335 nominatis,

187 1366 258 1394 tam
276 1358 396 1394 subtus
414 1364 542 1393 terram
563 1371 666 1404 quam
685 1356 788 1404 supra
804 1362 946 1396 terram,
974 1355 1018 1389 ad
1049 1355 1179 1388 dststam
1206 1359 1336 1388 terram
1365 1353 1408 1387 de
1433 1353 1515 1399 jure
1542 1352 1597 1386 vel
1624 1352 1667 1386 de

188 1415 440 1451 consuetudine
459 1414 694 1462 speflfflntibus
712 1413 770 1447 seu
788 1411 1017 1459 quovismodo
1046 1410 1203 1457 specstare
1234 1409 1430 1444 valentibus
1458 1409 1666 1448 infuturum,

187 1473 275 1507 adeo
293 1472 413 1512 libere,
442 1472 569 1517 quiete,
598 1469 802 1509 honorifice,
832 1469 980 1514 integre,
1008 1467 1098 1501 bene
1127 1472 1161 1501 et
1192 1467 1228 1500 in
1255 1479 1350 1513 pace,
1378 1466 1415 1499 in
1445 1465 1607 1499 omnibus
1634 1471 1668 1499 et

186 1542 249 1576 per
268 1528 386 1562 onmia
402 1526 487 1562 ficut
505 1527 620 1572 aliqua
650 1524 836 1559 elemofina
863 1525 899 1557 in
926 1529 1003 1558 toto
1033 1535 1145 1569 regno
1175 1523 1290 1557 Scotie
1321 1522 1516 1567 cuicunque
1545 1527 1579 1555 et
1606 1533 1669 1567 per

187 1597 431 1631 quemcunque
451 1584 564 1623 datur,
593 1582 809 1621 conceditur,
837 1586 979 1614 tenetur
1004 1579 1063 1614 seu
1089 1578 1289 1626 poflidetur.
1344 1578 1390 1612 Et
1408 1591 1473 1612 nos
1490 1590 1575 1612 vero
1593 1590 1671 1624 pre-

186 1642 301 1676 dffitus
322 1640 432 1686 Hugo
452 1645 486 1674 et
506 1639 691 1673 Wilelmus
710 1638 840 1672 diffisam
858 1642 989 1670 terram
1020 1649 1100 1670 cum
1130 1635 1351 1683 pertinentiis
1370 1635 1471 1668 diffis
1490 1634 1572 1668 viris
1591 1633 1670 1668 reli-

185 1696 286 1744 giofis
304 1702 428 1731 contra
446 1708 567 1730 omnes
597 1694 763 1729 mortales
792 1692 1106 1732 warantizabimus,
1135 1690 1408 1737 acquietabimus
1436 1695 1471 1724 et
1498 1690 1669 1736 imperpe-

185 1761 286 1788 tuum
307 1753 546 1787 defendemus.
601 1751 644 1785 In
675 1750 774 1797 cujus
792 1750 841 1783 rei
861 1749 1096 1783 testimonium
1126 1747 1274 1794 figillum
1306 1760 1423 1781 meum
1452 1746 1668 1794 presentibus

185 1809 231 1844 est
248 1807 436 1856 appensum
455 1807 548 1854 apud
563 1806 785 1841 Dundonald
804 1804 963 1839 vieefima
986 1805 1041 1839 die
1059 1803 1183 1839 menfis
1202 1804 1384 1838 Februarii
1402 1816 1496 1837 anno
1519 1802 1668 1837 Domini

186 1863 366 1899 millesimo
384 1861 725 1910 quadringentefimo
744 1862 860 1896 tertio.
914 1861 961 1895 Et
979 1861 1022 1895 ad
1049 1860 1216 1907 majorem
1244 1860 1348 1906 hujus
1379 1860 1428 1894 rei
1457 1859 1668 1893 evidentiam

187 1928 222 1958 et
238 1922 458 1957 securitatem
478 1921 736 1967 imperpetuum
756 1917 1019 1958 observandam,
1040 1930 1105 1963 ego
1124 1917 1278 1964 prefatus
1295 1916 1480 1950 Wilelmus
1495 1915 1589 1949 istam
1609 1915 1668 1949 do-

186 1979 365 2012 nationem
386 1983 420 2011 et
439 1974 703 2016 coneeffionem,
724 1988 767 2009 ex
785 1973 952 2009 consensu
971 1986 1050 2008 meo
1068 1973 1111 2008 fic
1129 1974 1256 2007 &fitam
1276 1972 1378 2006 dietis
1395 1972 1478 2005 viris
1503 1970 1668 2017 religiosis

185 2047 248 2082 per
279 2034 412 2068 (iustum
439 2033 620 2067 dominum
642 2032 847 2078 Hugonem,
878 2030 1061 2070 confirmo,
1090 2028 1246 2076 approbo
1277 2033 1312 2061 et
1338 2027 1473 2060 ratifico
1501 2039 1564 2073 per
1591 2039 1667 2073 pre-

185 2091 298 2126 sentes
316 2090 353 2124 in
371 2089 531 2123 omnibus
548 2087 615 2123 suis
634 2087 805 2128 clausulis,
833 2087 974 2134 pune'tis
1002 2091 1037 2119 et
1061 2085 1226 2124 articulis,
1255 2096 1318 2130 pro
1337 2096 1392 2117 me
1421 2089 1455 2117 et
1482 2083 1668 2118 heredibus

185 2146 271 2181 meis
296 2146 566 2192 imperpetuum.
620 2144 664 2178 In
694 2144 793 2190 cujus
820 2143 871 2177 rei
898 2142 1132 2176 testimonium
1162 2139 1311 2186 figillum
1343 2151 1460 2173 meum
1491 2152 1562 2173 una
1588 2151 1667 2174 cum

184 2201 295 2248 figillo
314 2201 400 2235 ἆίὅὶὶ
419 2200 551 2234 domini
569 2200 638 2234 mei
659 2199 836 2245 Hugonis,
865 2198 968 2232 diffis
996 2197 1051 2230 die
1070 2201 1104 2230 et
1123 2196 1212 2235 loco,
1242 2193 1458 2241 presentibus
1476 2194 1523 2229 est
1540 2208 1668 2242 appen-

184 2256 270 2292 sum.
327 2256 443 2297 Quam
462 2256 603 2302 quidem
621 2260 764 2295 cartam,
794 2254 1021 2288 donationem
1048 2257 1083 2286 et
1113 2250 1365 2285 concessionem
1384 2250 1420 2284 in
1448 2251 1568 2285 eadem
1588 2264 1668 2285 con-

185 2319 309 2354 tentas,
339 2312 489 2347 caritatis
508 2312 650 2352 intuitu,
679 2324 744 2357 pro
775 2309 883 2344 salute
913 2307 1100 2343 recolende
1131 2307 1299 2342 memorie
1330 2306 1461 2341 domini
1490 2307 1665 2353 quondam

909 2375 932 2398 L
