1839 2652
734 248 805 284 DE
838 248 1106 284 PASSELET.
1593 252 1661 285 153

183 344 334 386 diocefis‚
360 345 473 392 judex
492 350 526 380 et
552 344 774 381 conservator
800 359 820 381 a
849 345 928 380 sede
945 345 1131 393 apostolica
1149 345 1335 393 deputatus
1354 345 1455 394 super
1473 345 1662 394 privilegiis

182 400 345 436 conceffis
375 401 503 436 Abbati
522 407 556 437 et
575 402 764 437 conventui
783 403 827 437 de
846 401 992 437 Paffelet
1011 408 1045 437 et
1063 402 1270 437 monasterio
1295 403 1500 443 eorundem,
1529 402 1662 437 ordinis

183 456 430 498 cluniacensis,
464 458 686 505 Glasguenfis
704 457 855 500 diocesis,
887 472 1038 494 unacum
1058 459 1261 506 quibusdam
1279 460 1353 493 aliis
1380 459 1502 494 nostris
1533 459 1569 493 in
1598 459 1662 492 hac

182 518 281 560 parte
299 514 452 559 collegis,
483 527 562 549 cum
580 515 639 549 illa
666 514 829 555 clausula,
857 520 1031 561 quatenus
1048 528 1108 550 vos
1126 517 1194 551 duo
1212 521 1275 551 aab
1292 528 1388 551 unus
1406 521 1569 556 vestrum,
1599 516 1662 561 ᾇσ.

183 569 438 604 venerabilibus
469 576 505 605 et
535 570 792 618 circumspecffis
810 572 891 605 viris
910 571 1077 618 magistris
1101 572 1257 607 ,Iohanni
1285 572 1513 607 Drummond
1532 573 1664 607 decano

184 624 322 660 ecclesie
342 625 609 667 Dunblanenfis,
631 626 808 661 Duncano
829 627 931 661 Bulle
949 627 1195 662 archidiacono
1215 628 1381 675 ejusdem,
1400 628 1534 664 Jacobo
1552 626 1672 663 Broifl'

184 682 352 716 canonico
372 680 606 722 Brechffienfi,
627 687 661 716 et
680 682 823 716 domino
843 682 1051 717 Alexandro
1072 683 1165 718 Cant
1184 686 1352 719 canonico
1373 683 1597 726 Moravienfi,
1617 685 1664 719 sa-

183 737 293 772 lutem
312 737 348 771 in
367 736 536 772 Domino.
590 737 694 779 Quia,
726 738 761 772 in
781 737 881 772 causa
898 744 993 773 mota
1011 752 1129 773 coram
1147 740 1247 774 nobis
1268 753 1330 787 per
1357 741 1470 775 dictos
1489 741 1665 776 Abbatem

184 799 218 827 et
236 798 450 828 conventum
469 793 512 827 de
531 792 679 828 Paffelet
696 798 819 828 contra
837 799 872 828 et
889 794 1052 829 adversus
1067 797 1301 830 reverendum
1320 797 1356 830 in
1375 796 1511 832 Christo
1530 803 1665 844 patrem

185 849 383 884 Robertum
402 848 599 896 episcopum
619 848 881 884 Lesmorensem
902 856 936 885 et
962 850 999 885 in
1029 851 1104 885 aliis
1122 853 1305 886 movendis
1323 866 1386 899 per
1404 852 1541 887 eosdem
1561 852 1666 888 causis

184 910 307 940 contra
336 904 560 951 quoscunque
578 905 676 946 alios,
707 906 744 940 in
772 906 934 940 omnibus
960 907 1119 941 terminis
1142 907 1368 954 judicialibus
1395 914 1430 943 et
1453 909 1666 955 judicialiter

184 960 416 1002 observandis,
448 961 543 996 senio
562 962 744 1002 confracti,
773 968 807 996 et
833 962 908 996 aliis
926 963 1097 1010 prepediti
1116 964 1275 1009 negotiiS,
1305 965 1488 999 commode
1507 964 1667 1000 interess'e

183 1029 256 1051 non
273 1015 460 1064 possumus,
491 1017 534 1051 de
551 1017 669 1053 vestris
687 1018 882 1065 prudentiis
900 1019 1018 1065 igitur,
1050 1019 1199 1054 scientiis
1217 1026 1252 1055 et
1270 1020 1534 1056 discretionibus
1561 1022 1667 1070 pluri·

183 1085 280 1107 mum
299 1073 525 1114 confidentes,
546 1074 589 1108 ad
607 1073 870 1109 ministrandum
891 1074 1026 1121 justicie
1045 1076 1344 1123 complementum
1363 1077 1468 1125 juxta
1486 1079 1567 1119 vim,
1599 1079 1668 1113 for-

185 1141 276 1163 mam
295 1134 330 1164 et
349 1135 510 1164 tenorem
527 1130 724 1165 litterarum
743 1130 1010 1178 apostolicarum
1036 1132 1136 1166 nobis
1155 1133 1370 1168 dimetarum
1388 1134 1425 1168 in
1443 1135 1539 1169 dic'ta
1556 1135 1666 1176 causa,

184 1183 228 1219 fic
245 1190 285 1219 ut
302 1186 517 1232 premittitur
535 1199 653 1221 coram
672 1186 771 1221 nobis
790 1193 886 1221 mota
903 1188 996 1222 inter
1014 1188 1127 1223 dictos
1143 1189 1318 1224 Abbatem
1339 1196 1374 1225 et
1392 1197 1606 1226 conventum
1626 1193 1668 1227 de

186 1240 333 1276 Paffelet
360 1247 394 1276 et
420 1242 594 1289 prefatum
612 1244 845 1278 reverendum
864 1250 997 1291 patrem
1023 1244 1219 1279 Robertum
1246 1246 1445 1294 episcopum
1463 1247 1669 1283 Lesmoren-

186 1296 267 1338 sem,
288 1303 322 1332 et
340 1297 414 1332 aliis
432 1297 537 1333 GaufiS
554 1298 816 1346 quibuscunque
834 1313 896 1346 per
914 1299 1052 1334 eosdem
1073 1300 1247 1336 Abbatem
1268 1308 1302 1337 et
1321 1310 1534 1339 conventum
1548 1311 1670 1340 contra

186 1352 408 1400 quascunque
426 1352 588 1401 personas
606 1355 800 1396 movendis,
821 1354 1064 1402 cognoscendi,
1083 1358 1309 1403 procedendi,
1339 1359 1440 1394 testes
1457 1360 1500 1394 ad
1518 1361 1670 1407 partium

187 1408 381 1444 instantiam
399 1411 548 1445 vocandi
567 1416 601 1445 et
624 1411 746 1458 jurare
765 1412 924 1452 faciendi,
945 1413 1179 1454 examinandi,
1210 1420 1244 1448 et
1269 1413 1293 1448 fi
1318 1414 1351 1449 se
1378 1415 1460 1450 odio
1477 1416 1534 1451 vel
1551 1430 1670 1452 amore

188 1465 423 1500 subtraxerint
440 1479 503 1513 per
521 1466 700 1501 censuram
720 1466 976 1502 ecclefiasticam
995 1468 1192 1503 testimonio
1221 1470 1404 1517 perhibere
1422 1472 1561 1507 veritati
1579 1486 1671 1509 com-

187 1521 352 1568 pellendi,
381 1521 533 1568 fingulos
550 1523 720 1558 terminos
739 1523 923 1571 judiciales
942 1523 1158 1567 observandi,
1186 1539 1327 1562 necnon
1353 1529 1471 1563 onmia
1488 1535 1523 1564 et
1540 1529 1674 1578 fingula

187 1576 347 1618 faciendi,
382 1578 529 1624 gerendi
557 1584 593 1613 et
623 1580 821 1620 exercendi,
856 1578 1047 1616 secundum
1081 1582 1230 1617 formam
1266 1584 1440 1619 dictarum
1474 1585 1672 1622 litterarum

188 1633 465 1682 apostolicarum,
484 1647 552 1681 que
579 1635 616 1669 in
642 1634 809 1683 premiffis
827 1635 1014 1671 neceffaria
1038 1637 1170 1673 fuerint
1189 1644 1223 1674 et
1242 1646 1428 1687 oportuna,
1461 1647 1497 1676 et
1522 1655 1590 1688 que
1608 1656 1673 1678 nos

189 1691 381 1726 faceremus
398 1690 421 1725 fi
438 1692 474 1725 in
492 1691 659 1739 premiflis
676 1692 904 1740 personaliter
930 1692 1182 1735 interessemus,
1211 1695 1318 1742 usque
1336 1697 1380 1731 ad
1397 1696 1568 1733 sententie
1587 1699 1674 1734 diffi-

190 1748 299 1782 nitive
316 1747 550 1794 prolationem
579 1747 775 1784 exclufive:
812 1749 974 1795 quotiens
1004 1762 1068 1784 nos
1094 1749 1205 1786 abeffe
1232 1753 1430 1800 contigerit,
1462 1755 1673 1791 au&0ritate

190 1803 376 1850 apostolica
392 1803 491 1838 nobis
510 1803 695 1845 commiffa,
723 1805 817 1840 vices
835 1805 967 1840 nostras
984 1805 1082 1840 vobis
1100 1807 1319 1855 conjunetim
1339 1815 1373 1844 et
1392 1809 1523 1845 divifim
1549 1808 1672 1847 tenore

191 1860 403 1907 presentium
434 1860 695 1901 committimus,
726 1874 804 1895 cum
824 1862 991 1897 canonica
1018 1864 1198 1899 coertione
1225 1866 1261 1900 in
1290 1867 1458 1913 premissis
1484 1882 1524 1903 ac
1551 1871 1673 1904 ceteris

192 1916 353 1951 clausulis
369 1915 563 1952 neceffariis
581 1923 616 1952 et
633 1917 812 1964 requifitis.
866 1918 909 1952 In
924 1919 1022 1966 cujus
1039 1920 1091 1954 rei
1108 1920 1341 1956 testimonium
1356 1922 1504 1969 figillum
1517 1925 1672 1960 nostrum

193 1971 409 2018 presentibus
435 1973 483 2007 est
511 1973 655 2008 affixum
673 1974 767 2021 apud
785 1974 1029 2010 monasterium
1057 1975 1213 2011 nostrum
1232 1978 1275 2012 de
1304 1978 1451 2013 Culroff
1471 1981 1585 2027 primo
1616 1982 1671 2015 die

193 2026 316 2062 menfis
346 2028 527 2063 Februarii
551 2042 645 2063 anno
675 2029 855 2065 millefimo
882 2031 1261 2078 [quadringentefimo]
1280 2033 1491 2080 octogefimo
1518 2036 1669 2080 o&avo;

195 2083 336 2118 Curatis
354 2083 572 2118 ecclefiarum
591 2085 633 2119 de
653 2085 876 2127 Dunbartan,
899 2087 1078 2128 Donwne,
1104 2093 1140 2122 et
1159 2088 1328 2135 Kylmon,
1349 2102 1489 2125 necnon
1506 2092 1672 2127 univerfis

195 2145 230 2173 et
247 2137 387 2184 singulis
404 2138 609 2185 presbiteris,
630 2142 827 2188 capellanis,
847 2143 975 2177 curatis
993 2149 1029 2177 et
1045 2155 1117 2177 non
1136 2144 1264 2178 curatis
1282 2144 1371 2179 infra
1388 2158 1536 2192 regnum
1556 2147 1671 2184 Scotie

196 2194 342 2229 ubilibet
367 2193 570 2235 constitutis,
603 2196 726 2231 nostris
756 2198 792 2231 in
815 2198 878 2232 hac
904 2204 1003 2245 parte
1020 2211 1138 2244 ymmo
1157 2200 1273 2233 verius
1303 2200 1495 2247 apostolicis
1524 2204 1672 2240 firmiter

196 2250 336 2284 obedire
349 2249 529 2290 mandatis,
545 2256 580 2284 et
591 2250 735 2286 salutem
754 2253 790 2287 in
810 2253 979 2288 Domino.
1033 2254 1126 2295 Quia
1140 2255 1223 2289 alias
1237 2256 1281 2289 ad
1299 2256 1493 2293 instantiam
1507 2273 1671 2307 procura-

197 2307 280 2342 toris
298 2305 443 2341 Abbatis
461 2311 495 2341 et
513 2312 707 2342 conventus
725 2308 767 2343 de
787 2308 933 2344 Passelet
951 2323 1068 2344 coram
1083 2310 1182 2345 nobis
1193 2311 1408 2358 judicialiter
1426 2319 1670 2364 comparentiS,

918 2378 941 2401 U
