1870 2683
180 285 251 316 4202
572 278 886 314 REGISTRUM
916 279 1256 315 MONASTERII

185 377 381 412 discordant
399 376 525 410 effectu
543 374 773 422 prosequente
792 375 979 422 complere.
1033 375 1230 424 Eapropter
1248 377 1368 412 dilecti
1380 378 1417 412 in
1431 378 1588 414 Domino
1600 380 1663 414 filii

186 433 303 467 vestris
314 432 412 478 justis
430 431 589 478 precibus
606 431 774 471 inclinati,
794 430 957 478 personas
971 431 1096 466 vestras
1115 438 1149 467 et
1170 433 1287 467 locum
1306 433 1342 467 in
1356 446 1425 480 quo
1440 434 1559 469 divino
1571 448 1665 470 man-

187 489 289 535 cipati
308 487 382 522 estis
400 487 573 533 obsequio,
603 500 682 521 cum
701 487 861 521 omnibus
880 487 979 522 bonis
997 501 1064 534 que
1082 488 1383 536 impresentiarum
1413 491 1665 526 rationabiliter

185 543 330 591 poffidet
347 548 408 578 aut
424 543 621 578 infuturum
646 543 745 590 justis
761 544 873 578 modis
892 543 1064 591 prestante
1084 545 1241 580 Domino
1270 547 1400 593 poterit
1425 546 1575 594 adipisci,
1605 547 1666 581 sub

185 600 275 635 beati
297 599 391 634 Petri
410 605 445 634 et
462 600 683 646 protetffione
701 599 817 634 nostra
833 598 1042 648 suscipimus.
1084 601 1286 648 Specialiter
1316 608 1433 638 autem
1452 609 1581 638 terram
1599 616 1666 650 que

187 658 313 692 dicitur
332 655 515 704 Petgkzffy,
535 655 753 704 possessiones
772 662 807 691 et
824 656 891 692 alia
909 657 1000 692 bona
1017 658 1129 693 vestra
1145 657 1230 693 ficut
1248 672 1288 693 ea
1306 660 1423 693 onmia
1434 659 1535 706 juste,
1565 672 1667 694 cano-

185 715 263 747 nice
293 726 333 747 ac
362 713 504 760 pacifice
521 712 695 760 poffidetis
713 713 810 748 vobis
841 719 875 748 et
906 726 967 760 per
998 727 1059 749 vos
1089 714 1295 749 monasterio
1328 715 1438 750 vestro
1457 717 1666 751 auctoritate

185 769 370 816 apostolica
387 769 633 804 confirmamus
652 774 686 804 et
703 770 870 816 presentis
888 769 1004 818 scripti
1022 772 1216 817 patrocinio
1246 772 1512 806 communimus.
1566 771 1666 806 Nulli

183 839 279 872 ergo,
300 826 364 870 (3⁶0.
417 825 551 860 Datum
571 825 738 861 Laterani
756 839 779 861 x
800 826 977 861 Kalendas
997 826 1178 862 Februarii
1198 827 1421 874 pontificatus
1439 827 1545 862 nostri
1572 841 1665 863 anno

185 884 323 918 octavo.

187 1053 322 1087 Contra
341 1050 516 1086 Abbatem
536 1052 578 1086 de
599 1051 832 1098 Crosragmol.

186 1165 430 1200 CLEMENS
457 1164 635 1212 episcopus
665 1163 783 1198 servus
810 1164 992 1198 servorum
1023 1163 1134 1209 [Dei]
1165 1164 1355 1199 venerabili
1373 1164 1472 1199 fratri
1491 1163 1663 1212 Epilcopo

187 1221 428 1257 Dunblanenfi
461 1227 495 1256 et
526 1221 662 1255 dilectis
689 1221 767 1254 filiis
786 1219 918 1254 Abbati
936 1219 1133 1254 monasterii
1152 1220 1195 1254 de
1214 1220 1384 1267 Driburg‚
1414 1220 1664 1255 Sanffiandree

186 1277 337 1319 diocefis,
365 1284 401 1312 et
426 1277 588 1324 magistro
616 1277 762 1322 Rogero
790 1276 832 1310 de
863 1275 987 1323 Derby
1005 1277 1204 1323 precentori
1233 1275 1371 1312 eeclefie
1391 1276 1663 1316 Aberdonenfis,

186 1334 328 1368 {alutem
359 1340 393 1368 et
423 1333 643 1381 apostolicam
678 1332 972 1366 benedictionem.
1026 1332 1096 1367 Sua
1123 1333 1222 1368 nobis
1247 1333 1367 1368 dilecti
1397 1333 1459 1368 filii
1479 1333 1598 1368 Abbas
1630 1340 1665 1367 et

187 1396 379 1425 conventus
409 1389 606 1424 monasterii
637 1389 680 1423 de
712 1387 870 1428 Paffelet,
900 1387 1136 1423 Cluniacenfis
1166 1389 1308 1429 ordinis,
1339 1388 1560 1435 Glasguenfis
1592 1389 1663 1423 dio-

186 1448 276 1489 cesis,
304 1449 474 1495 petitione
493 1447 729 1481 monstrarunt
757 1446 850 1492 quod
870 1458 947 1479 cum
967 1445 1143 1490 quondam
1164 1444 1360 1479 Duncanus
1378 1458 1493 1479 comes
1512 1445 1555 1479 de
1576 1444 1664 1479 Kar-

186 1507 236 1539 ric
249 1505 307 1551 jus
325 1509 531 1551 patronatus
551 1501 689 1537 ecclesie
708 1502 829 1537 Sancti
848 1499 1005 1536 Oswaldi
1023 1501 1065 1535 de
1085 1500 1276 1547 Turnbery
1294 1506 1329 1536 et
1346 1501 1565 1547 quarundam
1584 1501 1664 1537 alia-

186 1575 263 1596 rum
284 1559 503 1595 eccleliarum
530 1565 651 1599 terras,
680 1557 898 1605 poflessiones
930 1562 964 1591 et
994 1557 1061 1590 alia
1077 1556 1170 1591 bona
1187 1557 1230 1590 ad
1248 1556 1358 1603 ipsum
1377 1557 1608 1603 spectantium
1628 1558 1663 1590 in

187 1615 391 1663 Glasguenfi
411 1615 534 1650 diocefi
552 1615 600 1650 eis
618 1615 749 1649 intuitu
767 1614 904 1661 pietatis
922 1614 1175 1660 imperpetuam
1195 1612 1415 1647 elemofinam
1438 1611 1635 1648 contuliffet
1651 1627 1661 1654 3

186 1673 386 1708 constru6'w
413 1672 450 1706 in
476 1670 551 1719 ipsis
568 1669 828 1718 poffeflionibus
846 1669 997 1716 quodam
1017 1669 1171 1702 oratorio
1204 1669 1239 1703 in
1270 1682 1339 1715 quo
1369 1668 1462 1703 idem
1483 1668 1602 1703 Abbas
1629 1675 1663 1703 et

186 1734 381 1765 conventus
399 1728 558 1763 fecerunt
575 1740 638 1775 per
656 1727 767 1762 multa
783 1732 944 1773 tempora
969 1739 1031 1772 per
1057 1725 1221 1771 quosdam
1253 1725 1295 1760 de
1326 1724 1392 1759 suis
1410 1725 1588 1760 monachis
1606 1725 1664 1760 de-

186 1786 330 1828 serviri3
359 1784 578 1832 postmodum
606 1783 702 1818 dieto
722 1783 861 1818 Comite
879 1781 1048 1817 afferente
1075 1782 1168 1828 quod
1188 1781 1257 1828 ipse
1284 1782 1436 1829 ipsarum
1454 1787 1659 1828 patronatus

181 1844 252 1889 jus,
271 1848 392 1881 terras,
412 1839 630 1888 posseffiones
649 1845 684 1874 et
701 1839 793 1874 bona
809 1839 969 1885 predicta
987 1839 1113 1873 eisdem
1134 1839 1265 1873 Abbati
1283 1842 1318 1873 et
1335 1839 1525 1873 conventui
1543 1838 1604 1873 sub
1623 1851 1663 1873 ea

187 1898 389 1934 conditione
409 1897 606 1932 contulerat
625 1902 664 1931 ut
682 1897 718 1930 in
737 1896 838 1930 dietis
856 1894 1115 1942 poffeffionibus
1141 1895 1399 1930 construeretur
1418 1894 1662 1930 monasterium

188 1955 320 1989 ordinis
345 1953 545 2001 supradicti,
573 1953 629 1987 cui
661 1950 811 1992 ecclefie,
842 1958 946 1992 terre,
978 1950 1198 1999 polseffiones
1227 1957 1261 1985 et
1289 1951 1381 1986 bona
1411 1949 1663 1997 assignarentur

186 2012 355 2059 predicta,
386 2016 420 2044 et
450 2014 615 2044 movente
646 2008 746 2055 super
777 2008 841 2042 hiis
871 2007 946 2055 ipfis
978 2008 1110 2042 Abbati
1139 2013 1174 2042 et
1205 2007 1394 2042 conventui
1422 2006 1633 2053 questionem
1651 2022 1660 2049 ;

187 2068 328 2102 tandem
347 2072 462 2113 partes
481 2065 694 2100 ordinationi
712 2064 803 2098 bone
822 2065 989 2099 memorie
1009 2063 1230 2110 Glasguenfis
1258 2063 1429 2111 Episcopi,
1462 2063 1529 2097 loci
1550 2064 1661 2098 dioce—

188 2124 269 2164 sani,
290 2123 390 2169 super
408 2122 472 2156 hiis
490 2121 522 2157 se
541 2121 696 2156 totaliter
714 2119 955 2161 submiserunt,
977 2120 1103 2155 eisdem
1124 2120 1262 2154 Abbate
1281 2126 1316 2154 et
1334 2125 1511 2154 conventu
1536 2132 1663 2153 renun-

188 2179 357 2213 ciantibus
375 2179 545 2213 beneficio
564 2178 789 2213 restitutionis
807 2177 842 2211 in
870 2178 1045 2223 integrum
1076 2182 1110 2211 et
1141 2177 1236 2210 omni
1249 2176 1339 2223 juris
1357 2176 1487 2210 auxilio
1506 2176 1662 2210 canonici

189 2242 223 2269 et
241 2235 349 2269 civilis
368 2241 402 2269 et
419 2235 543 2269 litteris
561 2247 581 2268 a
597 2233 676 2268 sede
694 2233 879 2280 apostolica
897 2233 1145 2280 impetrandis;
1168 2232 1282 2266 dietus
1294 2245 1377 2266 vero
1398 2230 1598 2278 Episcopus,
1620 2231 1661 2264 de

189 2291 339 2337 partium
359 2291 506 2337 ipsarum
526 2296 561 2325 et
579 2290 721 2337 capituli
733 2288 955 2336 Glasguenfis
972 2287 1116 2329 affensu,
1134 2288 1309 2323 ordinavit
1323 2287 1417 2334 quod
1435 2288 1471 2321 in
1489 2285 1662 2333 hujusmo-

189 2348 221 2380 di
249 2344 506 2393 poffeffionibus
532 2346 791 2381 construeretur
810 2345 1055 2380 monasterium
1070 2344 1165 2390 quod
1179 2343 1403 2391 Crosragmol
1423 2344 1659 2387 voca[re]tur‚
