1839 2652
743 246 814 282 DE
841 245 1109 282 PASSELET.
1615 253 1659 291 71

178 321 325 378 waiteri
344 342 405 377 filii
425 320 544 383 Αιέιηῑ,
565 347 600 377 et
618 321 727 377 mimi
745 343 807 377 filii
825 321 989 391 ejuidem,
1010 348 1045 378 et
1063 319 1210 377 waiteri
1229 342 1291 377 filii
1310 341 1460 390 ejusdem
1482 321 1602 384 Αιὲιηῑ,
1622 351 1657 379 et

176 412 241 446 pro
255 399 362 434 salute
376 399 491 434 anime
506 411 581 433 mee
597 404 631 433 et
648 398 901 434 antecefforum
915 412 1074 435 meorum
1089 404 1123 434 et
1136 397 1377 440 suecefforum,
1397 399 1429 447 vj
1450 412 1545 434 acras
1563 406 1657 435 terre

176 456 213 489 in
231 455 314 490 villa
333 455 494 496 Simonis,
516 455 558 489 de
579 455 674 502 Kyil‚
694 456 870 503 proximas
888 462 981 491 terre
1002 455 1150 490 Roberti
1170 454 1263 490 Croc
1280 454 1397 491 versus
1416 456 1600 497 orientem,
1620 457 1657 491 in

175 511 321 546 liberam
336 517 370 546 et
384 516 588 559 perpetuam
603 510 826 553 elimosinam,
847 513 894 547 ita
907 512 1026 553 libere,
1046 512 1162 558 quiete
1181 518 1215 546 et
1233 512 1426 547 honorifice
1440 511 1524 547 ficut
1541 513 1657 559 aliqua

176 566 353 602 elimofina
370 568 406 602 in
424 580 534 614 regno
554 567 669 602 Scotie
687 568 730 602 ab
748 568 865 614 aliquo
884 568 994 603 milite
1025 569 1106 603 viris
1137 567 1301 615 religiosis
1325 568 1478 609 liberius,
1506 569 1656 615 quietius

177 630 212 658 et
229 624 528 663 honorificentius,
550 623 702 657 conferri
721 623 921 658 dinoscitur.
975 624 1056 658 Hiis
1081 624 1232 665 testibus,
1262 624 1379 659 Adam
1398 624 1470 659 filio
1489 624 1653 666 Gilberti,

177 680 296 714 Alano
316 679 358 714 de
378 679 601 726 Mungumri‚
623 679 789 714 Wilelmo
808 680 850 714 de
871 679 1055 727 Lindesay‚
1085 680 1249 714 VVilelmo
1270 679 1457 722 Paffeleue‚
1487 681 1594 716 Petro
1612 682 1655 716 de

176 736 294 776 Curri,
313 735 478 771 Johanne
499 735 607 777 Huse,
637 735 797 770 Roberto
817 735 922 777 Croc,
953 736 1112 770 Henrico
1132 736 1175 771 de
1194 736 1278 776 Nes,
1299 736 1460 783 magistro
1481 737 1594 772 Hund
1613 738 1655 772 de

177 792 378 838 Cuthquen‚
399 792 508 834 Luca,
529 797 564 827 et
584 792 690 827 Petro
708 792 780 826 filio
798 791 871 834 suo,
892 792 1090 840 capellanis,
1111 798 1145 827 et
1163 792 1281 827 multis
1299 792 1384 827 aliis.

177 993 312 1028 Littera
330 993 506 1042 cujusdam
524 999 618 1029 terre
637 994 680 1029 de
698 994 856 1029 Newton
874 994 917 1029 de
936 994 1022 1029 Are.

176 1130 415 1166 OMNIBUS
435 1130 561 1166 Christi
579 1131 739 1166 fidelibus
757 1129 896 1178 presens
923 1129 1087 1178 scriptum
1113 1130 1236 1166 visuris
1262 1131 1318 1166 vel
1349 1131 1519 1167 audituris
1539 1132 1655 1167 Adam

175 1188 218 1222 de
238 1187 358 1222 Burne
384 1187 475 1221 filius
503 1188 583 1222 Ade
603 1188 645 1222 de
665 1187 786 1222 Burne
812 1187 967 1222 salutem.
1020 1186 1171 1222 Noverit
1198 1187 1401 1223 universitas
1427 1188 1538 1223 vestra
1563 1189 1658 1235 quod

175 1256 255 1278 cum
274 1256 339 1290 ego
359 1244 477 1278 Adam
496 1249 530 1278 et
550 1243 722 1290 Marjoria
738 1242 860 1290 sponsa
885 1256 963 1277 mea
981 1247 1015 1277 et
1033 1243 1133 1278 liberi
1151 1243 1268 1285 nostri,
1295 1245 1394 1291 gravi
1413 1243 1559 1280 effemus
1576 1258 1659 1293 pau-

175 1305 310 1346 pertate
329 1298 475 1347 obpressi
494 1306 528 1334 et
547 1300 670 1334 debitis
688 1299 953 1346 quamplurimis
971 1300 1118 1340 onerati,
1137 1298 1207 1334 fine
1222 1301 1425 1336 venditione
1443 1306 1536 1336 terre
1554 1315 1658 1348 quam

173 1355 357 1390 habuimus
375 1356 418 1390 de
435 1361 641 1403 paupertate
667 1355 783 1390 nostra
808 1354 988 1402 resurgere
1014 1360 1049 1390 et
1076 1356 1192 1391 debita
1208 1357 1324 1391 nostra
1353 1357 1556 1403 adquietare
1583 1371 1656 1392 non

174 1412 352 1458 potuimus
368 1426 378 1454 ;
406 1412 511 1452 unde,
531 1410 728 1446 neceffitate
747 1410 912 1458 compulfi
929 1424 996 1457 que
1015 1411 1128 1458 legem
1146 1425 1219 1447 non
1236 1413 1379 1460 patitur,
1410 1414 1453 1448 de
1480 1415 1659 1449 communi

174 1466 340 1502 consensu
358 1473 392 1502 et
410 1466 542 1502 affensu
560 1468 687 1508 nostro,
719 1473 830 1502 totam
857 1472 987 1502 terram
1014 1480 1126 1502 meam
1153 1481 1257 1515 quam
1275 1469 1311 1504 in
1329 1469 1413 1504 villa
1439 1470 1482 1504 de
1510 1470 1657 1505 Neuton

168 1524 273 1570 juxta
292 1523 367 1558 Are
384 1523 489 1558 habui
508 1529 542 1558 et
560 1524 658 1558 tenui
676 1524 719 1558 de
738 1524 888 1558 dominis
906 1524 991 1558 meis
1011 1524 1151 1559 Abbate
1170 1530 1205 1559 et
1223 1531 1402 1560 conventu
1428 1525 1471 1560 de
1498 1524 1656 1566 Paffelet,

175 1580 302 1614 eisdem
320 1580 469 1614 dominis
488 1580 619 1614 Abbati
638 1585 672 1614 et
691 1580 881 1615 conventui
899 1580 1052 1621 vendidi,
1086 1586 1120 1615 et
1145 1580 1297 1628 presenti
1326 1587 1421 1616 carta
1438 1595 1516 1617 mea
1533 1583 1660 1617 confir-

175 1636 277 1677 mavi,
306 1649 385 1670 cum
402 1636 633 1684 pertinentiis,
665 1636 883 1671 libertatibus
901 1641 935 1671 et
953 1635 1180 1683 ayfiamentis,
1200 1636 1269 1673 fine
1287 1638 1404 1684 aliquo
1423 1639 1658 1674 retinemento

176 1692 220 1726 ad
238 1705 325 1740 opus
342 1693 412 1727 mei
429 1692 485 1727 vel
502 1693 673 1728 heredum
699 1705 870 1734 meorum,
898 1698 1043 1740 propter
1069 1694 1222 1740 quinque
1249 1707 1382 1729 marcas
1407 1696 1544 1742 argenti
1575 1708 1659 1742 quas

176 1748 261 1783 mihi
278 1754 492 1796 pacaverunt
510 1761 572 1796 pre
590 1748 760 1790 manibus,
789 1749 833 1784 ad
860 1748 976 1784 debita
1002 1762 1080 1784 mea
1104 1750 1363 1796 adquietanda3
1393 1756 1428 1786 et
1454 1751 1591 1786 reddidi
1611 1752 1658 1786 eis

176 1818 239 1852 per
256 1805 378 1839 fustem
397 1810 432 1840 et
449 1805 611 1840 baculum
639 1811 753 1840 totum
774 1806 833 1853 jus
858 1806 954 1852 quod
980 1806 1064 1840 mihi
1081 1806 1138 1841 vel
1156 1807 1342 1842 heredibus
1368 1808 1454 1842 meis
1480 1808 1660 1855 competiit

177 1861 233 1896 vel
251 1867 449 1908 competere
467 1862 582 1909 potuit
600 1862 656 1897 vel
683 1862 803 1897 debuit
821 1862 857 1896 in
875 1862 1034 1910 predifflxz
1051 1868 1145 1897 terra
1171 1863 1338 1905 totaliter,
1371 1876 1443 1898 una
1468 1876 1548 1899 cum
1567 1870 1660 1899 carta

178 1929 282 1964 quam
301 1918 343 1952 de
363 1918 410 1952 eis
436 1918 540 1953 habui
559 1919 601 1953 de
619 1919 780 1966 predieh‘a
796 1924 901 1954 terra.
953 1918 1059 1953 Unde
1087 1919 1169 1954 volo
1188 1925 1223 1954 et
1240 1933 1304 1968 pro
1332 1932 1387 1954 me
1414 1925 1449 1954 et
1474 1920 1660 1955 heredibus

180 1975 264 2008 lueis
282 1975 450 2016 concedo,
477 1980 517 2009 ut
534 1973 558 2009 fi
575 1975 691 2022 aliquo
709 1981 868 2023 tempore
886 1975 1001 2021 aliqua
1018 1980 1113 2010 carta
1131 1982 1270 2023 reperta
1295 1976 1402 2010 fuerit
1419 1988 1486 2022 que
1505 1976 1548 2010 de
1567 1976 1662 2010 dieta

180 2037 274 2065 terra
291 2030 411 2065 fecerit
437 2031 653 2066 mentionem
670 2037 711 2066 ut
737 2032 773 2066 in
799 2032 859 2066 illa
877 2031 937 2079 jus
963 2031 1150 2066 habeamus
1177 2031 1437 2071 hereditarium,
1466 2031 1597 2065 nullius
1622 2030 1661 2066 fit

181 2086 351 2121 momenti
375 2099 441 2121 nec
466 2087 566 2121 nobis
592 2087 709 2134 aliquo
736 2094 894 2135 tempore
920 2087 1081 2122 valitura.
1142 2087 1308 2121 Preterea
1334 2087 1416 2121 volo
1443 2092 1478 2121 et
1504 2088 1659 2122 concedo

181 2142 276 2188 quod
293 2154 359 2176 nec
377 2154 442 2188 ego
456 2142 515 2177 seu
528 2143 675 2179 heredes
693 2144 773 2185 mei,
792 2144 909 2191 aliquo
922 2144 1015 2191 jure,
1029 2143 1176 2191 judicio,
1196 2143 1284 2183 casu,
1304 2142 1440 2189 legibus
1452 2143 1507 2178 vel
1520 2142 1661 2179 consue-

182 2197 361 2233 tudinibus
379 2198 704 2241 intervenientibus,
732 2200 875 2247 aliquod
894 2200 984 2247 juris
1002 2200 1038 2234 in
1055 2199 1215 2246 predie'ffl
1240 2204 1334 2233 terra
1361 2199 1501 2245 exigere
1519 2200 1575 2235 vel
1594 2200 1661 2235 cla-

183 2267 278 2289 mare
296 2253 489 2301 poterimus
507 2254 777 2302 imperpetuum.
830 2256 877 2291 Et
894 2255 918 2290 fi
935 2255 1025 2290 forte
1043 2255 1224 2301 contingat
1241 2254 1336 2301 quod
1354 2267 1419 2301 ego
1434 2255 1489 2290 vel
1502 2256 1661 2303 predi6'ca

185 2310 357 2358 Marjoria
374 2308 495 2357 sponsa
513 2323 592 2345 mea
614 2311 672 2347 seu
690 2311 836 2347 heredes
853 2311 971 2353 nostri,
990 2311 1106 2358 aliquo
1124 2316 1293 2360 tempore,
1314 2316 1436 2346 contra
1465 2311 1554 2348 hanc
1579 2326 1662 2349 ven-
