1839 2652
787 276 858 310 DE
886 276 1154 313 PASSELET.
1615 288 1681 323 ί291

204 368 330 410 nentis,
352 367 615 405 Matisconenfis
634 370 785 413 diocefis,
806 371 950 408 salutem
966 380 1000 409 et
1014 375 1235 422 apostolicam
1249 376 1543 413 benedictionem.
1565 378 1685 414 Sacro-

202 424 320 460 san6ta
339 425 502 461 Romana
520 427 669 469 ecclefia,
689 433 728 463 ut
745 430 954 475 sapraAfhlz'o
974 434 1044 472 17⁶2
1062 444 1172 477 usque
1188 433 1269 467 huc.

299 480 346 516 Et
365 494 431 529 ego
451 483 657 518 Anthonius
676 484 860 520 Bonefidei
880 486 922 521 de
939 486 1109 522 Cluniaco
1128 488 1305 536 presbiter,
1326 490 1486 538 publicus
1512 491 1682 539 imperiali

299 543 333 572 et
350 539 447 585 regia
464 540 733 575 au&0ritatibus
751 543 919 583 notarius,
940 544 998 589 qui
1016 544 1155 590 presens
1174 547 1352 594 exemplar
1372 547 1568 582 litterarum
1587 546 1680 583 sanc-

299 591 413 629 tiffimi
430 595 467 629 in
486 595 622 630 Christo
641 597 749 643 patris
779 597 884 632 nostri
912 599 1044 633 domini
1072 600 1264 636 Clementis
1290 616 1378 650 pape
1405 602 1489 638 sexti
1526 603 1683 652 superius

297 650 582 699 transcriptarum
601 665 681 687 cum
700 653 803 688 bullis
821 653 879 688 seu
897 654 1022 688 litteris
1041 656 1267 702 originalibus
1283 657 1435 704 ejusdem
1451 659 1582 693 domini
1604 660 1683 695 Cle-

296 707 423 742 mentis
440 720 539 743 more
558 708 721 744 Romane
736 710 831 744 curie
844 723 922 744 cum
938 709 1004 743 filis
1023 712 1136 746 crocei
1155 718 1190 747 et
1208 713 1306 748 rubei
1326 714 1452 748 coloris
1470 715 1678 762 plumbeatis

296 763 484 810 diligenter
513 764 737 799 collationem
769 766 885 810 [feci,]
913 765 1063 813 ipsasque
1082 767 1193 802 bullas
1220 769 1302 809 vidi,
1332 770 1440 810 tenui,
1470 771 1619 818 palpavi,
1648 780 1681 807 et

296 818 381 866 ipsas
398 818 495 854 sanas
513 826 547 855 et
565 821 718 868 integras
737 822 902 868 omnique
921 822 1006 856 vitio
1026 821 1083 856 seu
1096 824 1231 859 macula
1244 833 1402 860 carentes
1421 829 1546 874 reperi,
1568 828 1681 875 hujus-

294 876 390 910 modi
409 876 587 923 exemplar
604 876 662 911 seu
674 877 920 925 transcriptum
936 879 978 912 de
995 880 1101 914 verbo
1114 881 1156 914 ad
1173 881 1278 916 verbu
1286 895 1316 916 m
1333 883 1415 917 inibi
1429 897 1491 930 per
1507 897 1561 918 me
1580 884 1681 932 scrip-

294 937 370 966 tum
398 931 493 979 figno
512 938 546 967 et
565 932 812 981 subscriptione
838 934 923 967 meis
941 934 1071 983 signavi
1089 938 1125 970 in
1151 938 1256 972 fidem
1284 946 1319 973 et
1350 939 1584 974 testimonium
1605 954 1681 987 pre-

295 987 486 1031 mifforum,
519 991 573 1025 die
592 991 651 1025 viii
669 989 792 1025 meniis
811 991 1025 1026 Novembris
1053 1004 1146 1026 anno
1168 992 1315 1027 Domini
1335 993 1513 1028 millesimo
1535 995 1680 1030 CCCC'

294 1045 556 1093 quadragesimo
575 1046 682 1082 sexto.

198 1216 377 1253 Proceffus
395 1219 660 1267 privilegiorum
679 1219 812 1254 ordinis
831 1216 1068 1253 Cluniacenfis
1086 1222 1120 1252 et
1138 1217 1285 1252 aliorum
1307 1219 1557 1254 membrorum.

199 1334 367 1369 ABBAS
388 1334 531 1380 Regalis
549 1334 745 1369 monasterii
764 1329 1062 1371 Trenorehienfis,
1091 1331 1224 1365 ordinis
1243 1331 1362 1366 saneti
1384 1331 1581 1373 Benedicffi,
1613 1332 1679 1367 Ca-

199 1389 382 1425 bilonenfis
401 1389 551 1431 diocesis,
582 1390 625 1425 ad
653 1390 851 1424 Romanam
870 1386 1045 1423 ecclesiam
1064 1387 1163 1422 nullo
1182 1388 1298 1422 medio
1315 1388 1534 1435 pertinentis,
1562 1388 1676 1436 judex

197 1452 232 1481 et
250 1446 474 1482 conservator
500 1460 520 1481 a
538 1446 657 1482 sandlza
681 1445 760 1481 sede
787 1444 972 1492 apostolica
1002 1444 1188 1491 deputatus
1215 1444 1480 1491 privilegiorum
1507 1450 1542 1479 et
1573 1444 1675 1492 super

191 1503 382 1550 privilegiis
400 1503 442 1538 ab
461 1504 582 1538 eadem
600 1503 678 1538 sede
697 1501 936 1538 concessorum
955 1506 990 1535 et
1008 1499 1182 1541 conceffis,
1211 1501 1467 1535 venerabilibus
1486 1507 1521 1536 et
1539 1501 1678 1547 religio-

191 1559 231 1594 fis
249 1560 332 1594 viris
351 1559 483 1594 Abbati
501 1566 536 1594 et
554 1559 744 1594 conventui
762 1557 959 1593 monasterii
991 1554 1239 1595 Cluniacenfis,
1274 1554 1537 1590 Matisconenfis
1563 1557 1677 1591 dioce-

193 1615 243 1657 fis,
264 1628 404 1650 necnon
422 1616 613 1657 abbatibus,
633 1615 818 1663 prioribus,
847 1613 997 1653 decanis
1025 1611 1359 1646 administratoribus
1377 1618 1412 1646 et
1430 1613 1554 1647 ceteris
1572 1625 1678 1647 mem-

192 1672 262 1707 bris
280 1672 393 1707 eidem
412 1672 620 1708 monasterio
640 1670 859 1708 Cluniacenfi
877 1669 1032 1708 subditis,
1053 1680 1124 1702 una
1143 1680 1222 1702 cum
1243 1667 1446 1714 quibusdam
1466 1669 1541 1703 aliis
1558 1669 1595 1703 in
1613 1669 1676 1703 hac

191 1734 290 1775 parte
309 1728 431 1763 nostris
449 1730 602 1776 collegis,
623 1742 703 1764 cum
721 1729 781 1763 illa
799 1726 961 1766 clausula,
982 1725 1153 1771 quatinus
1171 1736 1230 1759 vos
1250 1724 1302 1759 vel
1318 1726 1386 1759 dcco
1404 1730 1473 1760 aut
1491 1737 1587 1760 unus
1604 1737 1677 1760 ves-

192 1790 286 1819 trum
297 1797 365 1830 per
381 1797 441 1820 vos
458 1786 512 1820 vel
527 1786 636 1821 alium
654 1797 717 1820 seu
733 1785 832 1825 alios,
854 1783 917 1829 256,
933 1780 1100 1816 univerfis
1119 1786 1154 1815 et
1171 1779 1313 1827 singulis
1331 1781 1522 1822 abbatibus,
1552 1781 1676 1828 priori-

191 1840 265 1881 bus,
286 1841 424 1876 decanis
443 1847 478 1876 et
494 1842 674 1876 monachis
699 1851 990 1888 quorumcunque
1018 1838 1194 1878 ordinum,
1224 1837 1568 1878 administratoribus,
1602 1837 1675 1872 offi-

190 1897 344 1938 cialibus,
364 1899 550 1939 canonicis,
570 1897 857 1946 predicatoribus,
885 1893 1188 1942 archipresbiteris,
1221 1895 1360 1934 curatis,
1394 1894 1592 1941 capellaniS,
1621 1907 1674 1929 ec-

191 1952 436 2000 clefiarumque
454 1955 650 1989 refiffiribus
668 1960 728 1989 aut
747 1966 868 1989 eorum
887 1953 966 1986 loca
982 1950 1194 1989 tenentibus,
1222 1950 1363 1996 aliisque
1381 1951 1498 1997 probis
1516 1951 1671 1989 notariis,

190 2009 446 2052 tabellionibus,
469 2011 595 2058 juratis
614 2017 648 2045 et
666 2011 740 2045 aliis
758 2010 912 2058 personis
937 2008 1083 2055 publicis
1101 2006 1363 2053 quibuscunque
1385 2007 1530 2041 ubilibet
1551 2006 1672 2041 consti-

190 2066 275 2100 tutis
291 2066 334 2100 ad
353 2080 439 2113 quos
456 2066 632 2115 presentes
645 2067 761 2102 littere
776 2065 1002 2114 pervenerint
1020 2064 1076 2098 vel
1091 2063 1222 2097 suerint
1240 2062 1436 2110 presentate
1451 2070 1485 2098 et
1499 2064 1558 2109 qui
1570 2062 1671 2110 super

189 2122 255 2156 hoc
273 2122 407 2157 fueritis
425 2122 587 2170 requisiti,
618 2122 762 2158 salutem
789 2123 826 2156 in
853 2121 1012 2156 Domino
1031 2125 1066 2154 et
1096 2119 1268 2153 mandatis
1286 2119 1408 2154 nostris
1434 2121 1671 2166 ymmoverius

188 2178 380 2225 apostolicis
398 2179 544 2214 firmiter
563 2178 716 2213 obedire.
769 2177 921 2212 Litteras
940 2175 1137 2211 sanetiflhni
1151 2176 1188 2209 in
1201 2174 1338 2210 Christo
1353 2176 1460 2223 patris
1478 2189 1518 2210 ac
1536 2176 1670 2210 domini

189 2233 292 2268 nostri
321 2235 454 2269 domini
482 2235 675 2270 Clementis
702 2234 819 2268 divina
836 2232 1058 2280 providentia
1084 2244 1172 2278 pape
1203 2231 1298 2272 sexti,
1329 2232 1427 2266 sanas
1455 2238 1489 2267 et
1515 2233 1669 2279 integras

187 2291 352 2337 omnique
370 2292 456 2326 vitio
475 2297 510 2326 et
536 2290 728 2338 suspicione
747 2294 916 2329 carentes,
950 2301 1035 2323 vera
1065 2287 1161 2322 bulla
1188 2288 1350 2335 plumbea
1379 2302 1477 2324 more
1506 2289 1668 2323 Romane

187 2350 281 2384 curie
300 2349 335 2384 in
353 2349 413 2383 filo
433 2348 569 2395 canapis
598 2345 759 2394 sigillatas
787 2358 851 2380 nos
879 2358 956 2380 cum
986 2358 1054 2391 qua
1082 2345 1181 2379 decet
1201 2346 1396 2380 reverentia
1423 2346 1591 2380 noveritis
1617 2360 1669 2380 re-
