1839 2652
730 263 800 299 DE
829 264 1097 299 PASSELET.
1613 271 1659 307 '79

177 416 285 450 Carta
302 415 422 450 decem
441 421 673 452 marcatarum
692 422 866 451 terrarum
881 418 923 452 de
943 417 1104 452 Thornle
1124 415 1270 451 Walas’.

177 527 417 563 OMNIBUS
436 527 537 563 Cristi
548 527 709 563 fidelibus
727 528 792 563 hoc
811 527 949 576 presens
964 528 1128 577 scriptum
1147 528 1270 564 visuris
1283 528 1337 563 vel
1351 529 1522 563 audituris
1544 529 1653 576 Hugo

177 584 293 618 Walas
306 585 406 619 miles
419 585 581 619 dominus
594 585 635 618 de
650 584 812 631 Cragyne
827 584 970 620 salutem
990 587 1026 620 in
1041 586 1199 620 Domino
1211 585 1466 632 sempiternam.
1504 585 1655 621 Noverit

175 639 377 674 universitas
388 640 508 680 vestra,
524 653 591 680 me,
611 640 728 675 divine
747 641 898 675 caritatis
916 642 1057 681 intuitu,
1078 647 1113 676 et
1130 654 1194 689 pro
1213 640 1320 675 salute
1339 642 1454 675 anime
1473 642 1651 687 quondam

175 696 266 730 bone
285 697 452 731 memorie
470 696 603 730 domini
620 695 725 729 nostri
748 696 905 731 'Roberti
932 698 1022 743 regis
1055 697 1240 732 Scotorum
1259 698 1494 744 progenitoris
1521 698 1654 732 domini

175 751 282 786 nostri
301 752 420 799 Regis,
449 757 483 786 et
500 765 564 799 pro
582 750 690 786 salute
707 752 822 786 anime
849 751 950 799 ipfius
980 753 1113 787 domini
1143 753 1250 787 nostri
1283 753 1401 799 Regis,
1432 759 1467 787 et
1497 755 1655 789 omnium

175 807 427 843 antecessorum
446 814 480 843 et
498 806 726 842 succefforum
746 807 898 849 suorum,
927 821 992 843 nec
1019 822 1092 843 non
1123 822 1188 856 pro
1206 808 1315 842 salute
1334 809 1448 843 anime
1468 810 1535 844 mei
1554 809 1654 857 ipsius

176 871 211 898 et
229 865 421 899 animarum
442 865 599 898 omnium
618 862 871 898 antecefforum
890 870 925 898 et
936 863 1166 899 succefforum
1179 877 1350 904 meorum,
1372 877 1415 898 ex
1433 865 1600 900 consensu
1619 872 1653 900 et

176 920 307 956 afl'ensu
328 921 481 955 Wilelmi
501 920 617 954 Walas
635 920 751 954 fratris
778 926 812 954 et
839 921 977 955 heredis
995 922 1063 956 mei
1082 921 1216 961 talliati,
1247 919 1385 961 dediffe,
1407 920 1601 956 concessiffe
1620 928 1654 956 et

176 978 242 1012 hoc
271 976 422 1024 presenti
451 976 577 1023 scripto
609 989 688 1010 meo
718 974 934 1012 confirmaffe
959 978 1040 1013 Deo
1069 979 1316 1026 omnipotenti,
1344 978 1495 1024 gloriose
1514 978 1654 1024 Virgini

177 1034 293 1068 Marie
312 1033 413 1067 matri
432 1033 516 1080 ejus,
534 1032 670 1067 sanetis
688 1032 822 1067 Jacobo
841 1037 875 1066 et
895 1032 1030 1068 Mirino
1049 1034 1091 1068 de
1113 1032 1259 1068 Paffelet
1278 1039 1311 1067 et
1330 1034 1508 1068 monachis
1526 1034 1653 1068 ibidem

177 1089 257 1124 Deo
275 1089 503 1124 servientibus
521 1094 555 1123 et
573 1089 832 1135 imperpetuum
850 1088 1038 1130 servituris,
1068 1090 1189 1125 decem
1216 1095 1384 1124 marcatas
1402 1096 1495 1124 terre
1515 1103 1591 1125 mee
1610 1090 1653 1124 de

176 1148 336 1182 Thornle
355 1161 434 1182 cum
452 1147 673 1194 pertinentiis
685 1147 842 1193 jacentes
862 1147 897 1180 in
923 1147 1069 1180 baronia
1097 1147 1139 1180 de
1171 1146 1310 1180 Renfru
1329 1146 1418 1180 infra
1436 1147 1653 1180 vicecomita-

176 1212 250 1239 tum
270 1205 312 1239 de
332 1204 484 1243 Lanarlz,
514 1204 549 1237 in
567 1203 711 1237 liberam
729 1215 853 1250 puram
872 1208 906 1237 et
931 1208 1137 1250 perpetuam
1156 1201 1376 1237 elemosinam
1393 1215 1400 1236 :
1446 1202 1652 1237 Tenendam

176 1267 210 1295 et
228 1259 421 1294 habendam
442 1259 571 1293 dietam
589 1263 719 1293 terram
750 1259 851 1293 dietis
869 1259 951 1293 viris
970 1256 1135 1305 religiosis
1153 1264 1188 1293 et
1206 1271 1329 1293 eorum
1347 1257 1592 1293 successoribus
1611 1259 1653 1293 de

176 1330 232 1351 me
251 1322 285 1350 et
302 1315 487 1350 heredibus
505 1314 590 1349 meis
607 1315 878 1361 imperpetuum,
912 1327 991 1349 cum
1011 1314 1172 1349 omnibus
1189 1313 1256 1348 suis
1274 1315 1379 1349 refitis
1398 1315 1498 1349 metis
1517 1320 1550 1349 et
1569 1315 1654 1348 divi-

176 1372 215 1406 fis
233 1385 271 1407 ac
284 1371 383 1419 justis
407 1369 474 1406 suis
500 1371 720 1418 pertinentiis
738 1371 1011 1417 quibuscunque,
1041 1383 1120 1405 cum
1138 1370 1366 1410 libertatibus,
1399 1371 1653 1405 commoditati-

175 1429 238 1463 bus
257 1435 291 1462 et
309 1426 513 1462 aifiamentis
531 1432 602 1461 tam
621 1439 693 1461 non
711 1427 899 1461 nominatis
917 1439 1022 1473 quam
1048 1427 1247 1467 nominatis,
1275 1432 1347 1461 tam
1377 1426 1495 1461 subtus
1522 1433 1653 1461 terram

174 1497 278 1532 quam
296 1483 398 1531 supra
414 1489 556 1523 terram,
583 1483 627 1517 ad
645 1483 776 1517 dietam
795 1488 924 1517 terram
944 1483 987 1517 de
1007 1483 1089 1530 jure
1116 1482 1173 1517 vel
1199 1481 1452 1517 consuetudine
1470 1482 1654 1530 speetanti-

174 1542 237 1576 bus
254 1539 312 1575 seu
331 1539 558 1586 quovismodo
588 1538 744 1586 speetare
770 1539 967 1574 valentibus
996 1539 1033 1573 in
1062 1539 1233 1579 futurum,
1261 1539 1349 1573 adeo
1376 1539 1496 1579 libere,
1524 1540 1651 1585 quiete,

173 1597 377 1636 honorifice,
404 1596 553 1642 integre,
580 1595 668 1630 bene
688 1600 721 1628 et
739 1595 775 1628 in
793 1608 889 1641 pace,
918 1596 953 1629 in
973 1595 1134 1629 omnibus
1161 1601 1195 1629 et
1220 1608 1283 1642 per
1302 1596 1420 1630 omnia
1437 1594 1520 1630 ficut
1538 1596 1653 1642 aliqua

174 1652 357 1688 elemofina
374 1652 411 1685 in
428 1657 505 1685 toto
525 1663 634 1697 regno
654 1651 769 1685 Scotie
788 1651 984 1697 cuicunque
1012 1657 1046 1685 et
1077 1664 1140 1698 per
1166 1664 1410 1697 quemcunque
1430 1652 1543 1691 datur,
1572 1665 1652 1686 con-

173 1701 320 1749 ceditur,
349 1713 490 1742 tenetur
509 1706 566 1742 seu
584 1705 784 1754 possidetur.
839 1707 885 1741 Et
904 1720 966 1741 nos
984 1719 1069 1741 vero
1087 1707 1238 1754 predififi
1266 1707 1377 1754 Hugo
1404 1713 1439 1742 et
1468 1708 1652 1743 W'ilelmus

174 1766 303 1800 dustam
321 1770 450 1798 terram
469 1776 548 1797 cum
566 1763 786 1810 pertinentiis
806 1763 907 1797 dietis
925 1761 1089 1809 religiofis
1107 1763 1189 1797 viris
1207 1768 1331 1797 contra
1349 1776 1470 1797 omnes
1488 1764 1652 1798 mortales

174 1820 474 1856 warantizabimus
492 1819 763 1866 acquietabimus
793 1824 828 1852 et
853 1819 1112 1866 imperpetuum
1131 1819 1368 1854 defendemus.
1423 1819 1467 1853 In
1486 1820 1583 1867 cujus
1602 1821 1651 1854 rei

173 1877 406 1912 testimonium
435 1875 583 1923 figillum
611 1889 728 1910 meum
759 1874 974 1922 presentibus
1002 1874 1049 1909 est
1078 1875 1280 1922 appensum,
1308 1876 1401 1922 apud
1431 1875 1650 1910 Dundonald

172 1932 329 1967 vicefima
348 1933 403 1967 die
421 1931 543 1966 menfis
562 1931 742 1966 Februarii
761 1944 854 1965 anno
868 1931 1016 1965 Domini
1034 1930 1212 1966 millefimo
1225 1930 1564 1978 quadringentefimo
1582 1938 1650 1966 ter-

172 1990 233 2023 tio.
286 1989 333 2022 Et
350 1989 394 2023 ad
410 1987 580 2035 majorem
598 1988 701 2035 hujus
719 1988 768 2022 rei
788 1987 998 2022 evidentiam
1018 1993 1052 2021 et
1070 1986 1287 2022 securitatem
1315 1988 1572 2034 imperpetuum
1592 1988 1651 2021 ob-

173 2044 387 2085 servandam,
416 2057 481 2090 ego
499 2044 653 2091 prefatus
674 2043 857 2077 Wilelmus
875 2043 970 2077 istam
998 2043 1225 2077 donationem
1252 2048 1287 2077 et
1314 2042 1578 2083 concellionem,
1608 2056 1650 2077 ex

173 2099 338 2136 consensu
365 2112 444 2134 meo
472 2099 516 2135 fic
557 2101 685 2135 factam
713 2100 814 2134 dietis
841 2099 923 2133 viris
953 2098 1117 2145 religiofis
1146 2111 1209 2145 per
1238 2098 1437 2145 predictum
1466 2098 1647 2132 dominum

176 2157 380 2203 Hugonem,
395 2156 575 2196 confirmo,
589 2156 743 2203 approbo
758 2162 792 2190 et
806 2155 939 2189 ratifico
957 2167 1019 2202 per
1032 2153 1218 2202 presentes,
1239 2155 1274 2187 in
1293 2154 1455 2187 erunibus
1472 2152 1539 2188 suis
1557 2154 1649 2189 clau-

173 2212 253 2247 sulis
271 2212 410 2260 pune'ds
429 2217 463 2246 et
480 2212 645 2252 articulis,
666 2225 729 2259 pro
742 2225 796 2246 me
809 2217 844 2246 et
861 2210 1047 2244 heredibus
1064 2209 1149 2243 meis
1167 2209 1436 2255 imperpetuum.
1489 2208 1534 2242 In
1552 2209 1605 2256 cuj
1612 2223 1649 2244 us

174 2271 224 2304 rei
241 2269 475 2304 testimonium
492 2266 639 2314 figillum
659 2280 777 2302 meum
795 2280 865 2301 una
883 2278 962 2300 cum
980 2264 1089 2311 figillo
1108 2264 1193 2299 dieti
1225 2264 1356 2298 domini
1387 2265 1455 2298 mei
1485 2264 1649 2311 Hugonis

174 2326 276 2360 dictis
294 2326 348 2360 die
367 2330 402 2360 et
418 2324 497 2359 loco
516 2323 731 2371 presentibus
750 2323 796 2357 est
813 2322 1013 2370 appensum.
