1870 2683
202 292 271 323 384·
596 285 911 321 REGISTRUM
942 286 1281 322 MONASTERII

202 398 266 431 pro
279 382 446 428 burg-agio
461 381 554 426 quod
566 394 585 414 a
597 381 692 415 dieto
708 382 872 416 Gilberto
884 382 920 415 in
935 382 1114 417 excambio
1125 384 1248 424 habco,
1265 390 1377 419 totum
1392 386 1451 432 jus
1463 392 1497 421 et
1511 388 1682 424 clameum

202 440 295 486 quod
318 439 399 485 jure
418 437 629 471 hereditario
648 438 704 471 vel
723 438 839 484 aliquo
858 437 925 471 alio
948 438 1029 484 jure
1047 439 1152 473 habui
1171 440 1226 474 vel
1245 440 1361 486 aliquo
1379 446 1538 488 tempore
1556 444 1683 479 habere

202 495 300 542 potui
318 492 376 527 seu
394 492 516 538 aliquis
534 493 704 527 heredum
724 506 883 528 meorum
901 493 1029 529 habere
1043 495 1172 541 poterit
1190 496 1226 529 in
1244 496 1451 542 burgagium
1464 499 1558 544 quod
1572 499 1686 534 diffius

202 549 385 584 Gilbertus
403 548 445 582 de
465 561 519 582 me
537 548 573 582 in
592 549 771 583 excambio
790 549 903 590 habet,
935 556 1130 585 memorato
1150 550 1315 586 Gilberto
1347 558 1382 586 et
1408 553 1594 588 heredibus
1619 554 1686 589 suis

201 605 258 640 seu
276 603 448 651 affignatis
465 610 588 638 tenore
607 604 817 651 presentium
836 605 947 639 clamo
974 606 1142 651 quietum,
1164 612 1198 641 et
1217 607 1320 642 etiam
1340 608 1382 642 de
1400 607 1573 644 solutione
1593 610 1686 645 dicite

202 660 359 708 pecunie.
414 659 457 693 In
478 660 576 706 cujus
594 662 644 695 rei
663 660 898 695 testimonium
916 674 1102 697 commune
1121 661 1269 709 figillum
1289 663 1436 698 civitatis
1465 664 1687 712 Glasguenlis

204 729 355 751 unacum
373 715 482 762 figillo
501 729 580 750 meo
599 715 815 763 presentibus
833 718 960 764 apponi
979 719 1174 764 procuravi.
1210 719 1345 753 Datum
1363 720 1455 766 apud
1470 720 1613 767 Glasgw
1631 722 1686 757 die

204 772 330 806 Martis
348 772 507 819 proxima
524 772 597 819 post
614 772 735 807 festum
767 772 886 807 Sancti
915 772 1088 808 Ambrofii
1117 775 1267 809 martiris
1299 787 1392 810 anno
1423 777 1533 822 gratie
1566 782 1609 811 M⁰
1627 783 1687 812 cc⁰

206 841 305 863 LXXX
323 829 440 863 tertio.

206 997 405 1045 Relignatio
424 999 583 1046 burgagii
603 999 638 1033 in
656 999 686 1034 le
706 999 901 1034 Retonraw
920 999 1008 1033 infra
1027 999 1181 1047 Glafigw.

204 1110 442 1146 OMNIBUS
461 1111 526 1145 hoc
544 1110 709 1158 scriptum
728 1110 849 1145 visuris
868 1111 923 1144 vel
942 1111 1111 1146 audituris
1131 1112 1256 1147 Petrus
1275 1114 1317 1148 de
1338 1113 1458 1148 Castro
1472 1113 1564 1148 filius
1578 1114 1685 1148 Alex-

201 1168 301 1202 andri
319 1168 361 1202 de
381 1167 501 1202 Castro
521 1167 678 1201 defuneti
696 1166 842 1201 salutem
861 1167 896 1200 in
916 1167 1085 1202 Domino.
1138 1169 1318 1203 Noveritis
1337 1182 1392 1204 me
1410 1182 1474 1217 pro
1500 1182 1556 1204 me
1576 1176 1609 1204 et
1627 1170 1685 1205 he-

202 1224 343 1258 redibus
361 1224 446 1257 meis
464 1236 503 1257 ac
522 1223 606 1257 meis
625 1221 797 1269 affignatis
815 1221 994 1268 reiignaffe
1013 1224 1186 1258 Nicholao
1207 1225 1347 1272 Sproull
1367 1231 1401 1259 et
1419 1225 1605 1260 heredibus
1620 1225 1686 1259 suis

204 1293 244 1314 ac
261 1279 328 1314 suis
347 1278 519 1325 allignatis
538 1291 642 1312 omne
656 1279 714 1325 jus
732 1279 825 1324 quod
844 1278 948 1312 habui
967 1279 1023 1314 vel
1042 1280 1151 1314 liabeo
1170 1280 1228 1314 seu
1247 1281 1375 1315 habere
1392 1287 1516 1328 potero
1529 1282 1565 1315 in
1576 1281 1685 1315 tribus

203 1337 378 1383 perticatis
393 1342 486 1371 terre
499 1349 578 1371 cum
597 1336 1022 1383 pertinentiisjacentibus
1034 1336 1123 1370 infra
1136 1336 1287 1383 burgum
1301 1337 1343 1371 de
1357 1336 1501 1384 Glalgw
1513 1337 1549 1371 in
1567 1337 1597 1371 le
1618 1337 1685 1371 Ra-

203 1399 351 1433 tonraw,
368 1393 530 1427 videlicet
542 1394 634 1427 inter
653 1398 782 1427 terram
799 1392 964 1426 Mauricii
983 1392 1067 1426 (1ίᾶὶί
1088 1392 1223 1427 Starine
1243 1393 1411 1439 capellani
1426 1406 1468 1427 ex
1481 1399 1578 1440 parte
1598 1393 1685 1427 occi-

203 1449 344 1489 dentali,
377 1455 412 1484 et
443 1462 665 1484 communem
685 1450 800 1483 vicum
833 1461 876 1482 ex
905 1454 1003 1495 parte
1023 1448 1182 1482 orientali
1201 1463 1210 1490 ;
1240 1448 1286 1482 Et
1304 1447 1326 1482 fi
1344 1449 1524 1495 contingat
1552 1461 1606 1483 me
1625 1454 1684 1482 aut

201 1506 347 1539 heredes
365 1518 461 1539 meos
479 1505 537 1539 seu
556 1518 651 1540 meos
669 1504 851 1551 affignatos
871 1510 993 1539 contra
1011 1504 1098 1538 hanc
1118 1503 1385 1551 resignationem
1404 1505 1535 1544 venire,
1567 1504 1684 1550 obligo

203 1575 258 1596 me
277 1567 311 1596 et
329 1562 474 1596 heredes
492 1574 588 1595 meos
620 1574 658 1595 ac
689 1575 785 1595 meos
804 1559 986 1607 assignatos
1003 1560 1115 1594 teneri
1143 1561 1178 1593 in
1205 1561 1328 1606 viginti
1346 1560 1441 1594 libris
1459 1559 1631 1594 bonorum
1651 1566 1685 1594 et

202 1617 366 1663 legalium
386 1617 629 1663 sterlingorum
661 1617 788 1651 fabrice
808 1615 945 1651 ecclesie
973 1615 1193 1661 Glasguenfis
1212 1615 1395 1655 solvendis,
1425 1628 1464 1649 ac
1494 1616 1530 1648 in
1561 1616 1683 1661 viginti

201 1673 296 1707 libris
314 1673 557 1719 sterlingorum
576 1673 750 1707 bonorum
771 1678 805 1707 et
823 1673 987 1719 legalium
1008 1671 1182 1705 Nicholao
1202 1671 1343 1718 Sproull
1362 1677 1396 1705 et
1414 1671 1600 1705 heredibus
1618 1670 1684 1704 suis

203 1735 237 1763 et
255 1728 322 1763 suis
339 1727 512 1775 aflignatis
530 1742 593 1776 pro
613 1729 770 1775 dampnis
788 1729 855 1762 suis
873 1728 1015 1762 nomine
1034 1740 1123 1774 pene
1142 1727 1325 1761 solvendis.
1378 1727 1421 1761 In
1437 1727 1536 1773 cujus
1553 1727 1603 1760 rei
1622 1727 1683 1760 tes-

201 1785 386 1819 timonium
405 1785 486 1818 huie
504 1785 630 1832 scripto
649 1784 796 1831 sigillum
816 1784 897 1818 ville
917 1784 959 1817 de
979 1782 1121 1829 Glasgw
1140 1795 1290 1817 unacum
1318 1782 1427 1828 sigillo
1447 1795 1525 1816 meo
1543 1782 1608 1816 feci
1627 1794 1683 1828 ap-

199 1841 294 1888 poni.
348 1840 427 1874 Hiis
445 1840 597 1881 testibus,
618 1840 781 1875 ,Iohanne
801 1840 974 1880 Dumber,
995 1839 1158 1875 Johanne
1178 1840 1220 1873 de
1240 1839 1393 1879 Gowan,
1413 1845 1498 1873 tunc
1516 1838 1682 1885 temporis

198 1896 332 1930 ballivis
351 1896 394 1930 de
413 1895 567 1942 Glasgw‚
599 1896 763 1931 Johanne
783 1896 875 1936 Scot,
904 1896 1070 1931 Johanne
1091 1895 1248 1935 Heltrer,
1281 1895 1434 1929 Ricardo
1454 1894 1582 1940 Smaly‚
1606 1893 1682 1928 Hu-

199 1965 291 1998 gone
310 1952 353 1986 de
372 1950 529 1998 Glasgw‚
549 1957 583 1986 et
601 1951 688 1986 aliis.

202 2121 330 2155 Adhuc
349 2121 392 2155 de
412 2121 535 2156 eodem
554 2121 590 2154 in
609 2120 798 2155 excambio.

198 2231 347 2266 ANNO
365 2233 476 2278 gratie
505 2237 549 2266 ΜΟ
567 2237 627 2266 cc⁰
645 2243 794 2266 LXXXIII
813 2231 906 2265 faeta
936 2231 983 2265 est
1013 2231 1077 2266 hec
1095 2231 1283 2265 conventio
1314 2231 1405 2265 inter
1434 2229 1676 2264 Alexandrum

196 2288 304 2321 filiun]
324 2289 500 2333 quondam
521 2288 667 2322 Ricardi
689 2289 805 2322 nuntii
824 2288 866 2322 de
886 2287 1029 2333 Glaligw
1048 2300 1091 2321 ex
1109 2292 1206 2334 parte
1224 2299 1305 2327 una,
1335 2292 1369 2320 et
1388 2285 1589 2320 Gilbertum
1609 2284 1677 2317 dic-

195 2350 270 2378 tum
289 2343 331 2377 de
350 2356 485 2378 camera
504 2344 636 2378 domini
656 2344 701 2378 R.
722 2343 795 2378 Dei
813 2344 925 2390 gratia
945 2342 1104 2390 Episcopi
1123 2355 1166 2377 ex
1184 2343 1304 2383 altera,
1325 2341 1487 2377 videlicet
1501 2340 1594 2386 quod
1609 2339 1677 2373 dic-
