1870 2683
193 369 219 394 P.
237 372 282 396 43.

240 407 285 435 46.

241 451 286 477 4-7.

244 568 289 591 50.

248 959 293 983 51.

247 1115 291 1139 53.

249 1196 295 1218 54.

257 2176 302 2206 66.

304 368 322 394 l.
335 370 787 409 9.1.nostriordinis.]M.Smostris
794 373 905 401 ordinis.

307 407 344 436 1AE
353 411 594 448 &mona-sterium]
602 412 904 441 M.S monasteriornm.

312 447 330 474 l.
364 453 387 475 1.
419 448 606 488 Compositio]
643 451 715 479 M.S.
750 452 906 489 Deposicio.

313 487 436 515 Robrica
452 499 536 516 manu
557 490 709 518 recentiori
720 491 827 527 scripta
842 497 905 525 est;

310 527 359 553 sed
371 527 468 555 confer
480 528 605 556 chartam
617 530 709 565 ipsam
722 530 759 557 ad
774 530 791 557 l.
804 530 830 558 6.

312 564 330 592 l.
346 565 371 592 (3.
392 568 543 603 predictam
553 569 682 605 terram]
700 569 770 597 M.S.
779 570 904 607 predicta

315 609 398 632 terra.

311 643 331 670 l.
350 649 394 672 ll.
416 645 573 684 innovare]
596 648 666 674 M.S.
681 658 781 676 onmrc.

312 682 330 709 l.
352 687 393 711 13.
414 685 554 723 offitium]
579 687 649 714 M.S.
671 686 799 723 aff'edavi.

313 721 331 748 l.
349 721 394 750 26.
417 725 601 762 marcarum]
624 726 694 753 M.S.
709 736 826 754 marcas.

311 760 330 788 l.
345 766 392 793 27.
413 764 554 791 annuatim
571 765 580 799 ]
603 765 674 792 M.S.
691 767 822 793 annutim.

313 799 331 827 l.
347 801 399 829 ult.
415 803 545 840 nomina]
562 804 633 832 M.S.
650 805 771 832 nominis.
797 806 905 833 Emen-

312 839 413 867 datum
438 841 590 870 collatione
618 842 635 871 l.
661 848 688 870 4.
711 850 740 871 et
763 844 782 870 l.
808 848 834 872 5.
863 855 906 872 se-

312 880 427 914 quentis
451 881 575 917 paginae,
604 888 632 909 et
658 882 747 919 hujus
771 883 905 911 formulae

314 919 421 954 passim
437 920 464 946 in
481 920 587 948 chartis
602 921 722 948 usitatae.

315 956 387 986 LQ5.
400 959 569 997 utilitatem]
582 961 653 988 M.S.
663 961 787 988 utilitate.
800 962 906 989 Emen-

313 996 411 1024 datum
429 997 530 1026 collata
556 1000 573 1026 l.
594 1003 635 1027 12.
651 1010 679 1036 p.
702 1004 747 1028 55.
763 1006 792 1028 et
805 1001 905 1028 eadem

311 1035 436 1064 formula
451 1036 519 1064 alibi
534 1039 640 1074 passim
657 1039 751 1066 obvia.

313 1073 331 1102 l.
341 1082 436 1112 antep.
446 1079 640 1115 revertentur]
663 1079 734 1106 M.S.
749 1084 907 1107 reverenter.

313 1113 330 1140 l.
349 1119 392 1142 19.
413 1117 508 1152 pann]
534 1117 602 1143 M.S.
616 1127 694 1154 pras.

315 1153 331 1179 l.
345 1157 906 1193 2³..annuore11dilu.]M.S.annoredditn.

318 1193 334 1220 l⁴
352 1198 378 1221 S.
400 1194 621 1231 miclzt'firmario
634 1197 709 1233 sua]
735 1197 806 1224 M.S.
828 1197 910 1225 michi

314 1233 431 1267 firmare
444 1243 500 1260 suo.

315 1271 338 1315 l.
354 1276 396 1316 19.
418 1272 661 1311 exheredationz's]
687 1275 760 1302 M.S.
776 1276 909 1303 exerada-

317 1315 406 1338 lzonzs.

316 1349 335 1376 l.
354 1354 398 1378 18.
419 1351 568 1389 obligare]
591 1353 654 1379 MS.
668 1352 779 1389 oligare.

318 1389 336 1416 l.
350 1393 392 1417 13Δ
408 1390 633 1428 observandam]
651 1393 720 1419 M.S.
733 1393 909 1420 observanda.

291 1449 297 1455 .
318 1428 337 1455 l.
356 1433 381 1456 4.
405 1429 442 1456 E!
457 1430 522 1457 dicti
536 1431 620 1458 abbas
636 1436 659 1458 el
671 1437 815 1458 conventus
835 1442 909 1459 asse-

318 1468 429 1502 dabunt,
441 1470 489 1496 sub
499 1469 588 1506 sigillo
599 1472 731 1497 communi
743 1471 858 1507 capiluli
868 1472 911 1498 sui

318 1511 342 1534 et
366 1509 446 1535 etiam
468 1508 517 1535 sub
542 1509 632 1546 sigillo
655 1509 742 1546 ipsius
768 1510 911 1547 Ahbalis]

319 1546 392 1575 M.S.
412 1547 450 1575 Et
464 1548 530 1575 dicti
543 1549 629 1575 abbas
643 1553 787 1576 conuentus
801 1550 911 1577 asseda-

319 1586 384 1613 bunt
405 1596 454 1613 suo
473 1587 563 1624 sigillo
583 1588 713 1615 communi
733 1589 849 1624 capituli
868 1590 912 1617 sui

321 1630 345 1653 et
360 1627 444 1653 eciam
459 1627 508 1653 sub
523 1627 612 1664 sigillo
626 1627 712 1664 ipsius
729 1628 844 1655 abbatis.

292 1689 297 1694 .
319 1665 338 1692 l.
354 1669 400 1693 30.
415 1666 532 1693 Wilelmo
546 1667 638 1694 comite
651 1667 684 1693 de
696 1667 846 1704 Mensem]
865 1667 911 1695 Sic

319 1705 390 1732 M.S.
407 1705 468 1732 sine
482 1705 572 1732 dubio
586 1715 638 1742 pro
659 1706 782 1733 waltero.

293 1766 299 1771 .
320 1744 338 1771 l.
351 1743 398 1771 ⁶26.
421 1745 644 1782 vicecomitibus]
661 1746 731 1772 M.S.
748 1745 795 1772 hic
806 1751 833 1773 et
844 1746 911 1773 alibi

321 1783 478 1819 saepissime
494 1784 727 1811 vicecomitatibus.
769 1786 833 1812 Hoc
848 1786 912 1822 qui-

319 1823 386 1850 dem
411 1823 594 1850 emendatum
623 1823 755 1860 pluribus
782 1824 811 1851 in
844 1824 913 1852 locis

321 1862 429 1898 absque
446 1861 504 1888 ulla
518 1863 703 1889 correctionis
718 1868 794 1890 uota.

295 1922 301 1928 .
323 1901 341 1928 l.
356 1905 403 1931 27.
417 1901 654 1939 jurz'perituros]
677 1902 723 1929 Sic
740 1903 811 1929 M.S.
826 1902 913 1930 semel

323 1941 530 1977 atqueiterum,
542 1945 573 1967 ut
580 1941 692 1967 videtur
702 1951 753 1977 pro
763 1942 912 1978 parituros.

295 2001 301 2007 .
323 1980 340 2007 l.
358 1985 384 2011 7.
408 1980 547 2016 Kilpalric
567 1981 605 2007 ad
628 1980 748 2018 Gaugi]
771 1981 818 2008 Sic
842 1982 913 2008 M.S.

327 2019 405 2056 quod
419 2019 582 2045 notavimus
598 2020 620 2046 si
637 2020 710 2046 forte
724 2019 837 2056 aliquis,
863 2030 914 2047 no-

324 2059 401 2085 mina
416 2058 567 2094 regionum
581 2059 684 2086 Scotiae
693 2059 914 2087 occidentalium

322 2097 517 2133 meliusquam
523 2107 575 2125 nos
581 2097 793 2130 callens,veram
802 2098 915 2126 noslec-

324 2137 431 2164 tionem
444 2136 554 2170 doceat,
562 2136 607 2164 vel
619 2136 693 2164 hanc
701 2138 915 2174 interpretetur.

325 2176 344 2203 l.
360 2182 492 2212 antepen.
507 2176 627 2204 misticus
638 2177 847 2215 possessiones]
869 2178 916 2205 Sic

326 2216 398 2243 M.S.
414 2225 509 2242 errore
530 2215 654 2251 quodam
681 2222 713 2243 ut
738 2216 863 2250 videtur,
889 2224 917 2245 et

325 2254 348 2282 si
370 2254 512 2291 conjicere
533 2254 610 2288 licet,
631 2264 684 2291 pro
699 2255 840 2283 investitus
854 2267 916 2294 pos-

324 2303 464 2322 sesswnes.

297 2356 303 2361 .
324 2333 343 2360 l.
361 2332 386 2360 6.
409 2333 546 2361 millesimo
559 2334 740 2363 trecentesimo
753 2335 918 2371 sexagesimo

922 287 967 310 111

961 611 993 638 P.
1014 610 1060 642 67.

1011 654 1057 682 71.

1011 732 1057 760 73.

1014 851 1060 879 78.

1017 1283 1063 1307 88.

1017 1401 1062 1430 89.

1017 1597 1063 1626 90.

1017 1676 1063 1704 91.

1018 1754 1064 1783 92.

1018 1872 1064 1901 93.

1022 2184 1068 2212 95.

1078 375 1194 413 primm]
1227 374 1299 402 M.S.
1328 375 1466 403 millesimo
1492 376 1673 404 trecentesimo

1078 414 1178 442 decimo
1192 414 1289 452 primo,
1314 414 1404 442 mirus
1425 424 1504 442 error
1525 424 1611 451 quem
1625 415 1672 443 vel

1080 463 1185 481 nomen
1201 453 1308 481 chartae
1330 454 1474 481 donatoris
1490 454 1672 491 prohibuisse

1078 493 1187 521 debuit.
1211 493 1340 530 Sequens
1352 493 1459 526 charta,
1474 503 1561 530 quam
1571 493 1672 521 eodem

1078 531 1126 560 die
1146 538 1174 560 et
1196 532 1259 559 loco
1273 542 1436 560 concessam
1460 533 1529 560 satis
1551 538 1670 566 constat,

1078 580 1177 600 veram
1192 572 1318 608 praebuit
1332 571 1494 599 lectionem.

1081 610 1100 638 l.
1118 615 1162 639 18.
1184 612 1337 648 violentia]
1361 612 1432 639 M.S.
1454 611 1569 639 violenti.

1079 650 1098 677 l.
1117 655 1140 677 l.
1157 651 1283 678 Nomina
1291 650 1410 678 Walteri
1426 656 1454 678 et
1468 650 1555 678 Alani
1571 651 1672 678 Senes-

1079 689 1217 717 callorum
1239 690 1277 717 ita
1293 690 1321 717 in
1338 691 1409 717 M.S.
1423 690 1512 726 signis
1527 695 1673 717 notantur.

1080 729 1100 756 l.
1117 733 1142 757 3.
1168 729 1353 767 Beyofhyda]
1376 729 1423 757 Sic
1445 729 1515 757 M.S.
1536 729 1673 756 mendose

1081 774 1114 796 ut
1128 768 1243 795 videtur
1257 778 1310 805 pro
1325 768 1492 806 Reyrgfqzyde.

1079 807 1098 836 l.
1115 811 1140 835 5.
1166 808 1302 845 Virgini]
1326 809 1398 836 M.S.
1414 808 1539 845 virginis.

1081 846 1099 875 l.
1116 851 1142 875 5.
1159 847 1296 875 Herberto
1312 847 1452 884 Decuma]
1465 847 1536 875 M.S.
1550 847 1672 875 Herber-

1079 890 1105 914 to
1119 887 1152 914 de
1168 886 1254 917 Cana.
1285 887 1331 914 De
1342 886 1542 914 emendatione
1557 887 1605 914 vix
1620 887 1674 914 du-

1079 925 1220 953 bitabitur
1237 935 1302 952 cum
1318 931 1498 961 compertum
1517 926 1674 953 habeamus

1083 964 1260 992 Herbertum
1270 971 1400 1000 ternpore
1410 964 1498 1000 hujus
1508 964 1615 992 chartae
1625 964 1674 991 de-

1083 1013 1185 1031 canum
1217 1003 1427 1039 Glasguensem
1456 1003 1552 1031 fuisse.
1609 1004 1675 1030 Non

1083 1049 1178 1070 tamen
1194 1042 1473 1079 praetermittendum
1489 1043 1603 1070 videtur
1625 1052 1674 1070 vo-

1083 1092 1145 1110 cem
1167 1083 1241 1109 hanc
1256 1083 1295 1109 ita
1309 1082 1443 1118 scriptam
1461 1083 1515 1112 (de
1532 1083 1628 1117 Cano)
1645 1082 1674 1108 in

1083 1121 1290 1157 diplomatibus
1314 1121 1488 1157 quibusdam
1518 1121 1676 1149 vetustissi-

1083 1161 1138 1188 mis
1157 1160 1354 1197 deprehendi3
1384 1160 1463 1197 quod
1485 1160 1572 1188 semel
1587 1166 1676 1197 atque

1084 1201 1189 1228 iterum
1202 1201 1230 1226 in
1239 1200 1370 1236 Registro
1380 1199 1626 1227 munimentorum
1639 1200 1676 1227 de

1084 1239 1191 1266 Melros
1205 1248 1271 1266 mox
1286 1238 1437 1276 prodituro
1452 1240 1654 1275 conspicietur.

1084 1277 1102 1306 l.
1118 1278 1144 1306 6.
1170 1279 1269 1306 leome
1283 1279 1316 1306 de
1331 1278 1426 1311 Boseo,
1439 1279 1551 1306 baronia
1559 1279 1592 1305 de
1602 1278 1676 1306 Ren-

1071 1317 1141 1354 fru,
1162 1318 1305 1354 salutem]
1327 1318 1374 1345 Sic
1389 1318 1460 1345 M.S.
1485 1318 1588 1344 omissa
1603 1318 1676 1345 forte

1085 1366 1155 1384 voce
1170 1357 1269 1384 ballivo
1283 1362 1348 1393 post
1362 1366 1475 1384 nomen.

1084 1396 1102 1424 l.
1129 1399 1155 1423 8.
1184 1397 1330 1424 baronibus
1351 1415 1357 1421 .
1373 1417 1379 1422 .
1395 1416 1401 1423 .
1418 1418 1424 1424 .
1452 1396 1675 1433 vicecomitibus]

1088 1436 1193 1463 Praeter
1213 1445 1336 1463 errorem
1359 1435 1563 1463 creberrimum
1585 1437 1676 1463 nostri

1085 1475 1194 1508 scribae,
1204 1475 1429 1502 vicecomitatibus
1443 1475 1536 1511 posito
1545 1484 1597 1511 pro
1605 1475 1675 1502 vice-

1084 1515 1232 1547 comitibus,
1247 1513 1294 1541 hic
1309 1514 1336 1541 in
1354 1514 1424 1542 M.S.
1441 1514 1580 1541 habemus
1595 1515 1675 1542 haro-

1086 1554 1139 1580 m‘is
1152 1563 1206 1590 pro
1221 1553 1375 1581 baronibus.

1085 1592 1103 1620 l.
1116 1597 1161 1625 29.
1177 1593 1377 1630 attingantur]
1400 1593 1446 1620 Sic
1462 1593 1532 1620 M.S.
1559 1602 1611 1629 pro
1633 1597 1675 1620 at-

1085 1634 1202 1669 lingant.

1084 1671 1102 1698 l.
1128 1678 1260 1708 antepen.
1274 1671 1432 1709 fibrinis]
1456 1672 1502 1699 Sic
1528 1671 1599 1699 M.S.
1623 1681 1675 1708 pro

1075 1710 1231 1747 fabric-inis
1245 1717 1277 1737 ut
1292 1711 1415 1738 videtur.

1087 1749 1104 1776 l.
1122 1755 1147 1777 5.
1169 1750 1273 1788 regem]
1297 1751 1367 1777 M.S.
1384 1751 1464 1787 regis.

1087 1789 1104 1816 l.
1115 1788 1141 1817 6.
1154 1789 1267 1817 baronia
1282 1811 1288 1816 .
1299 1809 1306 1816 .
1319 1809 1325 1815 .
1339 1800 1463 1817 concessa
1479 1811 1484 1817 .
1499 1811 1505 1817 .
1519 1790 1619 1817 .teneri
1630 1790 1675 1817 de-

1086 1828 1154 1865 bet.]
1168 1829 1240 1856 M.S.
1252 1849 1271 1856 ..
1279 1850 1285 1855 .
1295 1839 1445 1856 concessam
1453 1834 1586 1856 ...temere
1593 1829 1676 1856 debet.

1086 1867 1103 1894 l.
1119 1872 1165 1895 21.
1187 1868 1380 1905 husbandrie]
1407 1869 1477 1896 M.S.
1492 1869 1675 1901 husbandare,

1087 1907 1175 1943 quod,
1200 1917 1364 1943 quanquam
1380 1917 1437 1934 non
1459 1914 1554 1944 potest
1575 1917 1676 1935 verum

1087 1946 1260 1973 vocabulum
1280 1947 1399 1980 censeri,
1417 1947 1463 1974 vix
1477 1953 1572 1974 tamen
1582 1953 1676 1975 muta-

1087 1991 1149 2012 tum
1178 1986 1279 2013 fuisset
1306 1986 1360 2013 nisi
1391 1984 1461 2014 ΜΒἰ
1488 1986 1675 2023 negligentia,

1087 2024 1185 2051 multis
1201 2025 1229 2051 in
1244 2024 1313 2052 locis
1329 2026 1488 2058 manifesta,
1507 2026 1675 2062 religionem

1085 2064 1240 2091 excutisset
1272 2065 1462 2091 substituendi
1490 2075 1588 2092 vocem
1613 2075 1676 2093 raro

1086 2103 1202 2139 quidem
1220 2103 1364 2137 usitatam,
1381 2105 1477 2131 sensui
1502 2104 1557 2131 loci
1580 2110 1676 2133 tamen

1085 2143 1152 2169 satis
1168 2149 1382 2178 congruentem.

1090 2181 1290 2209 lf-’.molendina
1298 2182 1606 2219 sua.]M.S.molendimi
1615 2186 1676 2212 suad

1086 2220 1104 2247 l.
1124 2224 1166 2247 10.
1190 2222 1217 2248 in
1233 2221 1410 2249 inviolabilem
1479 2223 1675 2261 elemosinam]

1086 2269 1141 2286 vox
1156 2260 1183 2287 in
1198 2259 1292 2288 deleta
1306 2266 1347 2288 est
1362 2261 1391 2288 in
1408 2262 1479 2289 M.S.

1085 2298 1104 2325 l.
1130 2304 1173 2326 ll.
1203 2301 1444 2338 concessionibus]
1476 2302 1548 2330 M.S.
1569 2312 1676 2330 conces-

1083 2348 1176 2365 szoms.
