1870 2683
733 947 1165 991 APPENDIX.

938 1196 969 1230 Ι.

303 1357 451 1387 CARTA
479 1356 795 1386 HEREDITARII
822 1355 998 1386 OFFICII
1025 1355 1407 1385 SENESCALLATUS
1439 1354 1603 1384 SCOTIE

660 1422 721 1451 ET
747 1422 807 1451 DE
832 1421 1045 1451 DIVERSIS
1071 1421 1250 1450 TERRIS.

217 1526 549 1562 MALCOLMUS
564 1541 627 1562 rex
648 1528 859 1568 Scottorum,
877 1527 1052 1574 episcopiS‚
1069 1526 1259 1566 abbatibus,
1277 1527 1471 1565 comitibus,
1489 1527 1688 1566 baronibus,

209 1583 363 1629 justiciis,
380 1583 652 1624 vicecomitibus,
670 1583 858 1631 prepositis,
875 1582 1045 1622 ministris,
1061 1583 1261 1628 cunctisque
1276 1582 1350 1616 aliis
1364 1582 1480 1629 probis
1494 1583 1692 1616 hominibus

215 1639 347 1673 clericis
363 1645 396 1673 et
411 1639 516 1680 laicis,
541 1639 683 1673 Francis
699 1646 732 1674 et
750 1640 887 1685 Anglis,
911 1640 1021 1674 Scotis
1036 1645 1070 1673 et
1083 1638 1398 1673 Gallowidenlibus
1410 1640 1517 1673 totius
1530 1645 1622 1673 terre
1636 1640 1692 1672 sue

215 1701 285 1729 tam
300 1694 517 1741 presentibus
533 1708 636 1741 quam
651 1696 787 1736 futuris,
809 1695 963 1730 salutem.
1008 1695 1142 1729 Notum
1162 1694 1201 1728 fit
1219 1695 1316 1728 vobis
1335 1695 1495 1728 omnibus
1513 1696 1607 1740 quod
1626 1696 1693 1741 pri-

216 1750 358 1796 usquam
377 1764 473 1784 arma
499 1751 638 1798 suscepi,
667 1750 812 1786 conceffi
838 1757 872 1786 et
898 1752 962 1786 hac
988 1765 1065 1786 mea
1092 1757 1185 1785 carta
1212 1752 1415 1785 confirmavi
1439 1751 1593 1785 Waltero
1620 1751 1693 1785 filio

216 1806 323 1840 Alani
343 1807 498 1853 dapifero
517 1820 596 1842 meo
615 1813 650 1842 et
668 1808 854 1842 heredibus
872 1807 939 1842 suis
970 1808 1012 1842 de
1044 1808 1147 1841 feodo
1177 1813 1211 1841 et
1241 1808 1435 1841 hereditate
1467 1808 1694 1841 donationem

214 1875 318 1907 quam
349 1875 412 1896 rex
444 1862 562 1897 David
590 1876 674 1897 avus
703 1876 800 1897 meus
831 1865 862 1898 ei
891 1864 998 1904 dedit,
1035 1863 1162 1898 scilicet
1196 1863 1365 1898 Renfrew
1396 1869 1430 1897 et
1460 1862 1629 1897 Pafl‘eleth
1662 1870 1694 1897 et

216 1917 339 1953 Polloc
359 1924 393 1953 et
412 1918 567 1953 Talahec
585 1925 621 1953 et
642 1918 796 1954 Kerkert
827 1926 861 1954 et
889 1920 921 1954 le
950 1919 1050 1967 Drep
1083 1926 1117 1954 et
1148 1920 1180 1954 le
1214 1919 1384 1954 Mutrene
1403 1925 1437 1953 et
1466 1919 1640 1965 Eglissiam
1661 1925 1695 1953 et

215 1973 466 2009 Lochinauche
485 1980 520 2009 et
540 1975 753 2015 Innerwick,
774 1988 852 2010 cum
866 1975 1028 2010 omnibus
1046 1976 1184 2010 istarum
1204 1981 1376 2010 terrarum
1395 1976 1614 2022 pertinentiis
1631 1990 1639 2017 3
1661 1980 1695 2009 et

215 2029 369 2064 {imiliter
388 2031 418 2064 ei
437 2031 647 2066 hereditarie
666 2032 745 2066 dedi
764 2036 798 2066 et
816 2032 881 2065 hac
898 2044 976 2067 mea
990 2037 1086 2066 carta
1099 2032 1303 2066 confirmavi
1321 2030 1550 2065 senescalliam
1570 2044 1694 2071 meam,

215 2086 405 2120 tenendam
424 2085 483 2120 fibi
501 2092 535 2121 et
554 2087 740 2122 heredibus
758 2086 824 2121 suis
844 2087 886 2122 de
905 2100 960 2122 me
980 2094 1015 2123 et
1030 2088 1217 2122 heredibus
1235 2088 1320 2122 ineis
1337 2087 1527 2122 liberaliter
1542 2088 1576 2121 in
1592 2088 1696 2122 feodo

217 2150 250 2177 et
268 2144 462 2178 hereditate
481 2145 529 2178 ita
547 2145 635 2178 bene
655 2150 689 2178 et
706 2145 755 2179 ita
784 2145 939 2192 plenarie
958 2143 1041 2179 ficut
1068 2157 1129 2178 rex
1156 2143 1274 2177 David
1295 2144 1326 2178 ei
1344 2142 1575 2178 senescalliam
1602 2142 1698 2178 suam

215 2199 341 2233 melius
359 2205 393 2233 et
412 2200 588 2246 plenarius
608 2200 703 2234 dedit
721 2206 756 2235 et
774 2199 946 2241 conceffit,
983 2206 1017 2235 et
1042 2199 1126 2234 ficut
1145 2198 1213 2247 ipse
1233 2212 1308 2233 eam
1328 2199 1451 2234 melius
1469 2205 1504 2234 et
1522 2200 1698 2247 plenarius

215 2255 257 2289 ab
276 2268 317 2289 eo
336 2255 461 2289 tenuit.
515 2255 681 2290 Preterea
698 2269 764 2302 ego
783 2255 852 2303 ipse
872 2257 984 2291 eidem
1007 2256 1165 2290 VValtero
1180 2256 1215 2290 in
1228 2256 1335 2290 feudo
1354 2261 1388 2290 et
1406 2256 1599 2290 hereditate
1618 2257 1698 2290 dedi

215 2317 249 2345 et
267 2311 331 2345 hac
350 2311 469 2346 eadem
490 2317 584 2346 carta
603 2312 820 2353 confirmavi,
851 2325 915 2359 pro
934 2311 1076 2347 servitio
1104 2313 1199 2358 quod
1226 2312 1294 2360 ipse
1323 2313 1397 2359 regi
1426 2312 1544 2347 David
1564 2318 1597 2347 et
1616 2313 1698 2347 mihi
