1839 2652
177 283 245 319 194«
585 273 902 311 REGISTRUM
930 273 1271 310 MONASTERII

179 375 337 422 predicte
355 373 487 407 summe
505 373 652 420 pecunie
684 370 876 405 faciendam
908 370 1060 404 termino
1087 369 1245 417 superius
1274 373 1453 410 contento,
1485 382 1589 416 quam
1618 371 1663 405 ad

183 430 458 468 obseryationem
476 429 635 463 omnium
653 427 801 462 aliorum
819 424 1062 473 premifforum
1080 426 1117 459 in
1135 425 1292 471 quolibet
1318 424 1477 466 articulo,
1509 431 1580 460 tam
1598 439 1661 473 per

180 493 289 522 terras
306 485 437 519 nostras
465 485 507 520 de
539 484 707 518 Levenax
724 495 827 529 quam
846 494 908 529 per
926 481 1008 515 alias
1035 494 1118 528 quas
1146 481 1182 515 in
1212 493 1323 527 regno
1350 479 1411 515 suo
1441 493 1505 515 nos
1531 482 1658 517 habere

183 542 374 587 contingat,
395 553 534 575 necnon
553 545 587 574 et
604 552 667 587 per
685 539 804 573 omnia
820 537 913 572 bona
930 537 1045 572 nostra
1062 543 1097 572 et
1114 536 1174 571 sua
1192 537 1344 577 mobilia,
1371 536 1483 570 modis
1502 537 1663 573 omnibus

178 603 284 645 prout
300 596 456 644 superius
473 597 509 630 in
527 597 593 631 hoc
610 595 737 642 scripto
755 594 891 642 plenius
919 595 955 628 in
982 594 1138 640 quolibet
1155 593 1304 628 articulo
1331 593 1542 634 continetur,
1576 606 1660 639 quo-

181 654 271 688 tiens
288 651 421 687 neceffe
439 653 555 687 fuerit.
608 651 655 686 Et
685 651 729 685 ad
759 651 823 684 hec
849 650 885 684 in
911 650 1067 696 quolibet
1097 649 1246 684 articulo
1278 649 1429 684 fideliter
1447 648 1663 684 observanda

181 722 245 744 nos
263 715 298 744 et
315 709 459 755 quilibet
477 708 642 749 nostrum,
670 720 735 754 pro
754 707 853 741 nobis
872 712 906 741 et
925 706 1081 752 quolibet
1106 705 1261 740 nostrum
1280 719 1320 740 ac
1337 705 1524 740 heredibus
1541 705 1666 740 nostris

183 772 217 800 et
234 765 390 812 quolibet
407 764 571 812 ipsorum,
592 764 635 798 ad
652 763 771 798 saneta
789 763 980 809 evangelia,
1000 761 1191 809 spontanea
1204 762 1398 802 voluntate,
1419 766 1454 796 et
1467 760 1537 796 fine
1549 762 1664 808 aliqua

183 822 397 862 cohertione,
428 834 545 856 coram
564 820 756 856 venerabili
774 825 872 867 patre
891 819 1034 853 domino
1054 818 1214 852 Roberto
1234 817 1304 852 Dei
1320 818 1433 864 gratia
1447 817 1665 865 Glasgwenfi

186 877 357 926 episcopo,
386 877 601 912 sacramenta
617 876 828 924 prestitimus
846 875 1065 922 corporalia,
1095 879 1129 908 et
1151 874 1400 908 nichilominus
1429 873 1669 921 supposuimus

183 940 217 969 et
234 934 460 981 supponimus
478 946 541 967 1105
572 938 606 967 et
633 931 824 978 quemlibet
842 930 995 965 nostruin
1023 943 1062 965 ac
1090 930 1236 964 heredes
1266 929 1400 964 nostros
1419 936 1453 964 et
1471 930 1663 976 quemlibet

182 989 333 1038 ipsorum
352 990 564 1036 impertuum
577 987 814 1035 jurisdictioni
833 992 867 1021 et
885 986 1080 1021 cohertioni
1099 986 1231 1020 domini
1250 984 1411 1033 Episcopi
1431 985 1664 1032 Glasgwenfis

183 1046 241 1093 qui
268 1059 333 1093 pro
363 1051 521 1092 tempore
539 1045 654 1084 fuerit,
687 1043 823 1078 Decani
855 1048 890 1077 et
920 1042 1062 1089 capituli
1080 1041 1231 1089 ejusdem
1258 1041 1282 1075 fi
1306 1041 1402 1077 sedes
1421 1042 1607 1082 vacaverit,
1631 1047 1666 1076 et

185 1102 333 1137 Abbatis
351 1102 393 1136 de
413 1099 570 1141 Paffelet,
590 1106 629 1135 ut
648 1112 780 1139 omneS‚
801 1099 883 1139 duo,
904 1099 959 1133 vel
978 1111 1068 1132 unus
1086 1111 1209 1133 eorum
1228 1098 1446 1145 conjunctim
1465 1103 1500 1132 et
1518 1096 1662 1138 divifim,

184 1157 301 1192 habita
317 1157 503 1191 summaria
521 1155 733 1202 cogniti0ne,
755 1168 798 1189 ex
815 1154 885 1188 sola
903 1154 1118 1201 inspectione
1136 1154 1239 1201 hujus
1258 1154 1488 1194 instrumenti,
1514 1153 1583 1188 fine
1601 1153 1669 1187 alia

183 1212 281 1248 cause
299 1213 510 1259 cognitione,
543 1210 668 1258 possint
686 1211 741 1245 vel
759 1208 858 1257 poflit
886 1223 950 1244 nos
981 1216 1015 1245 et
1042 1210 1233 1256 quemlibet
1262 1209 1417 1244 nostrum
1447 1222 1486 1243 ac
1517 1209 1664 1243 heredes

186 1270 318 1305 nostros
346 1275 381 1304 et
408 1268 599 1315 quemlibet
617 1267 769 1314 ipsorum
799 1266 858 1312 qui
890 1272 1012 1300 contra
1041 1265 1201 1313 premifl'a
1218 1266 1334 1311 aliquo
1353 1265 1459 1299 modo
1477 1265 1669 1300 reclamare

184 1328 239 1362 vel
270 1341 310 1362 ea
339 1327 516 1361 infirmare
544 1323 799 1373 presumpserit,
831 1322 973 1370 propria
1002 1322 1212 1356 auctoritate
1231 1322 1392 1367 quotiens
1410 1319 1544 1356 neceffe
1562 1322 1669 1356 suerit

186 1384 499 1422 excommunicare,
529 1388 563 1416 et
593 1381 727 1416 tamdiu
756 1379 1076 1415 excommunicatos
1102 1378 1319 1425 conjunfi'tim
1339 1383 1374 1412 et
1393 1377 1524 1412 divifim
1542 1383 1613 1412 tam
1632 1378 1668 1412 in

185 1441 317 1488 capella
335 1440 467 1474 domini
488 1439 597 1485 Regis
616 1438 732 1472 Scotie
750 1450 852 1483 quam
872 1449 933 1483 per
953 1441 1066 1469 totum
1085 1447 1234 1480 regnum
1253 1434 1478 1474 denunciare,
1507 1439 1541 1468 et
1559 1439 1670 1468 terras

186 1496 317 1531 nostras
335 1495 534 1541 ubicunque
552 1494 684 1528 fuerint
700 1493 856 1540 generali
869 1499 903 1527 et
914 1491 1050 1539 speciali
1069 1491 1258 1524 interdicto
1276 1489 1482 1536 supponere,
1502 1489 1670 1536 predictis

187 1552 357 1588 sententia
369 1557 403 1586 et
416 1551 605 1585 interdiffto
618 1550 748 1584 nullius
762 1548 918 1596 persone,
935 1547 1119 1594 privilegii,
1135 1547 1257 1592 gratie,
1274 1546 1470 1580 litterarum
1484 1544 1543 1579 seu
1555 1545 1670 1579 indul-

186 1609 304 1655 gentie
322 1608 532 1642 auc-{oritate
551 1606 757 1646 relaxandis,
787 1604 964 1651 quousque
983 1603 1149 1650 predictis
1168 1602 1301 1636 Abbati
1331 1607 1365 1636 et
1396 1601 1585 1635 conventui
1602 1614 1668 1649 pro

189 1664 346 1711 dampnis
364 1663 430 1698 suis
459 1669 494 1698 et
522 1662 675 1710 expenfis
693 1662 896 1709 prenotatis,
930 1659 972 1693 de
991 1658 1148 1705 predicta
1174 1657 1307 1692 summa
1324 1659 1483 1704 pecunie,
1503 1658 1547 1691 ad
1565 1670 1667 1703 quam

190 1720 391 1755 solvendam
410 1725 572 1753 tenemur
591 1731 633 1752 ex
651 1717 780 1757 debito,
811 1717 914 1764 plene
934 1721 968 1750 et
987 1716 1122 1760 integre
1149 1713 1413 1748 satisfecerimus
1439 1713 1604 1754 totaliter,
1635 1720 1669 1747 et

189 1777 300 1810 donec
330 1775 490 1822 predicto
519 1774 663 1808 domino
696 1772 868 1819 Episcopo
898 1777 932 1806 et
958 1770 1110 1817 capitulo
1143 1768 1357 1816 Glasgwenli
1383 1770 1550 1806 ducentas
1580 1782 1669 1804 mar-

189 1845 244 1866 cas
261 1832 365 1878 plene
383 1830 597 1870 solverimus,
627 1829 663 1863 in
690 1828 813 1874 quibus
840 1827 1049 1862 confitemur
1075 1826 1187 1860 teneri
1205 1831 1349 1873 propter
1367 1823 1667 1872 transgreflionem

191 1887 296 1922 nostri
320 1886 513 1934 juramenti
533 1891 567 1920 et
584 1884 818 1932 subje&ionis‚
848 1889 883 1918 et
909 1884 1021 1918 donec
1039 1883 1102 1923 liti,
1134 1881 1158 1916 11
1187 1895 1290 1928 quam
1322 1882 1364 1916 de
1396 1887 1513 1916 cetero
1531 1894 1595 1916 nos
1612 1882 1668 1917 vel

190 1943 339 1988 aliquem
358 1941 512 1976 nostrum
531 1940 589 1975 seu
606 1941 752 1975 heredes
770 1939 904 1973 nostros
932 1940 987 1974 vel
1016 1939 1164 1984 aliquem
1194 1938 1346 1985 ipsorum
1364 1938 1420 1973 vel
1438 1938 1588 1984 aliquem
1607 1950 1668 1972 no-

189 1999 282 2033 mine
300 1998 417 2032 nostro
435 1997 491 2032 vel
512 1996 657 2043 alicujus
675 1995 829 2030 nostrum
848 2000 971 2029 contra
988 1995 1165 2042 predictos
1185 1994 1360 2029 Abbatem
1392 2000 1427 2029 et
1453 1999 1667 2029 conventum

189 2067 331 2089 movere
350 2054 530 2100 contingat
547 2052 649 2100 super
666 2050 834 2099 premissis
853 2051 909 2086 vel
927 2051 1043 2097 aliquo
1061 2048 1315 2097 premissorum,
1348 2050 1669 2086 renunciaverimus

191 2111 346 2145 totaliter
362 2125 371 2153 ;
399 2109 550 2157 presenti
567 2108 693 2155 scripto
712 2108 958 2143 nichilominus
977 2112 1105 2140 extunc
1136 2106 1171 2140 in
1197 2105 1258 2140 suo
1285 2106 1411 2140 robore
1429 2112 1668 2153 permanente.

193 2166 339 2213 Insuper
358 2165 640 2200 renunciavimus
658 2177 697 2198 ac
715 2164 960 2198 renunciamus
977 2175 1041 2196 nos
1068 2168 1103 2196 ct
1129 2162 1272 2207 quilibet
1290 2162 1456 2202 nostrum,
1488 2175 1553 2209 pro
1571 2161 1670 2195 nobis

194 2227 228 2256 et
245 2221 400 2267 quolibet
417 2221 571 2256 nostrum
601 2233 640 2255 ac
670 2219 856 2254 heredibus
873 2218 995 2252 nostris
1026 2223 1061 2252 et
1091 2218 1247 2264 quolibet
1266 2217 1429 2265 ipsorum,
1462 2215 1615 2264 exprefl'e
1633 2217 1669 2250 in

194 2278 260 2311 hoc
277 2277 370 2311 facto
389 2278 658 2324 imperpetuum,
690 2289 760 2322 quo
785 2276 829 2310 ad
857 2274 1103 2309 infirmandum
1123 2272 1282 2321 premifla
1299 2274 1356 2308 vel
1373 2274 1514 2319 aliquod
1531 2271 1670 2320 premis-

194 2333 321 2374 sorum,
354 2333 563 2367 omnimodis
580 2332 714 2379 placitis
745 2337 779 2367 et
810 2331 934 2366 litteris
952 2336 1023 2365 tam
1054 2344 1074 2365 a
1102 2331 1245 2365 domino
1277 2330 1377 2376 Rege
1397 2330 1511 2364 Scotie
1529 2341 1630 2374 quam
1650 2341 1669 2361 a
