1839 2652
188 288 257 325 170
585 281 901 319 REGISTRUM
931 280 1274 317 MONASTERII

192 388 267 416 tum
285 386 320 414 et
337 385 407 414 tam
425 379 460 412 in
473 378 555 425 jure
574 379 743 413 canonico
761 391 866 425 quam
885 377 977 411 civili
992 377 1187 424 peritorum
1201 376 1301 411 nobis
1318 376 1355 411 in
1368 376 1503 424 judicio
1520 377 1675 415 affeden-

195 437 292 476 tium,
310 436 410 470 dietis
430 434 561 468 Abbati
580 440 614 468 et
633 434 823 468 conventui
839 433 882 468 de
898 432 1055 474 Paffelet,
1072 434 1216 468 nomine
1234 432 1372 468 ecclefie
1391 446 1514 468 eorum
1528 436 1571 470 de
1588 435 1674 484 Kyl-

195 493 320 541 patrik,
340 489 577 539 pofl'essionem
593 491 752 538 predicte
763 497 857 526 terre
873 491 915 525 de
935 490 1277 525 Monachkennaran
1295 502 1399 536 quam
1417 491 1583 537 petebant
1599 492 1673 527 sen-

195 549 386 584 tentialiter
404 548 690 595 adjudicavimuS‚
719 553 753 582 et
780 548 816 581 in
847 547 1026 594 legittimis
1057 545 1212 593 expenfis
1241 546 1440 593 predictum
1473 546 1675 583 Gilbertum

195 603 321 640 eisdem
339 604 686 651 condempnavimuS,
707 610 741 638 et
760 604 904 638 domino
926 603 1097 651 Episcopo
1112 600 1326 648 Glafigwenfi
1342 603 1586 637 executionem
1604 602 1677 638 sen·

194 661 304 696 tentie
332 660 446 695 nostre
475 660 790 694 demandavimus:
832 666 867 695 et
894 660 1057 706 quoniam
1089 659 1204 693 dietus
1223 657 1419 698 Gilbertus,
1447 672 1468 693 a
1493 659 1549 693 die
1576 659 1677 695 ,Iovis

194 718 355 765 proxima
366 723 447 751 ante
459 716 581 751 festum
597 716 716 751 83ηᾶὶί
732 716 904 752 Dunstani
919 715 1107 763 hucusque,
1122 714 1292 750 sententie
1306 716 1676 751 excommunicationis

194 774 322 820 ligatus
339 771 535 820 permansit,
556 773 637 818 quia
653 771 825 808 sententie
844 773 959 808 nostre
977 785 1100 820 parere
1118 770 1333 817 contempsit,
1355 784 1417 805 vos
1436 772 1471 805 in
1491 771 1612 819 ipsum,
1632 772 1676 806 ob

196 831 429 866 reverentiam
450 830 519 864 Dei
539 835 573 864 et
591 829 740 871 ecclefie,
768 829 958 865 secundum
972 830 1063 877 juris
1081 834 1116 863 et
1134 827 1396 863 consuetudinis
1410 829 1601 875 approbate
1620 829 1679 863 ob-

195 886 415 927 servantiam,
436 886 615 920 brachium
634 885 786 921 seculare
805 886 1014 926 extendistis,
1034 885 1136 932 super
1153 898 1222 931 quo
1235 884 1332 918 vobis
1350 885 1542 931 gratiarum
1561 885 1679 920 referi-

196 956 274 978 mus
293 944 471 977 actiones:
501 943 595 988 regie
615 943 780 989 majestati
798 943 908 978 vestre
926 943 1167 990 significantes,
1188 941 1283 987 quod
1302 954 1380 975 cum
1400 941 1483 975 alias
1499 941 1542 975 ob
1558 947 1679 976 eontu—

195 1001 342 1035 maciam
361 1000 486 1046 aliquis
506 1000 871 1034 excommunicatione
890 1000 1092 1038 innodatur,
1121 997 1259 1045 prestita
1278 997 1440 1031 cautione
1460 998 1503 1031 de
1522 997 1680 1044 parendo

193 1057 278 1104 juri,
298 1055 512 1098 absolvitur;
542 1068 622 1090 cum
641 1062 759 1090 autem
778 1055 947 1091 sententie
967 1055 1149 1089 diffinitive
1168 1066 1240 1087 non
1268 1059 1368 1101 paret
1386 1054 1676 1101 condempnatus,

198 1119 234 1148 et
251 1113 296 1148 ob
315 1114 380 1147 hoc
399 1113 735 1153 excommunicatur,
764 1113 867 1147 etiam
887 1112 1026 1160 prestita
1044 1111 1206 1146 cautione
1237 1109 1280 1143 de
1310 1110 1467 1156 parendo
1492 1110 1577 1156 juri,
1607 1123 1680 1144 non

198 1169 398 1209 absolvitur,
419 1168 479 1202 nifi
498 1169 612 1216 primo
629 1168 810 1204 satisfaciat
831 1169 1009 1216 judicatis.
1052 1167 1148 1201 Hine
1166 1166 1213 1201 est
1230 1166 1325 1212 quod
1344 1166 1552 1200 excellentie
1570 1166 1680 1201 vestre

198 1226 439 1274 supplicamus,
460 1227 622 1272 quatinus
640 1225 819 1260 brachium
839 1225 992 1260 seculare
1018 1224 1113 1270 quod
1140 1223 1176 1256 in
1207 1221 1317 1269 ipsum
1337 1222 1541 1256 Gilbertum
1561 1228 1681 1257 exten-

199 1283 300 1323 distis,
321 1283 356 1316 in
375 1282 737 1317 excommunicatione
756 1281 1036 1329 perseverantem
1055 1292 1129 1314 non
1146 1279 1251 1319 laxet,
1269 1278 1380 1313 donec
1396 1277 1566 1313 sententie
1578 1292 1681 1326 paru·

199 1339 265 1374 erit
284 1345 318 1373 et
330 1338 496 1386 judicatis
513 1336 732 1372 satisfaceret.
784 1337 913 1373 Valeat
931 1336 1139 1372 excellentia
1156 1334 1267 1370 vestra
1284 1334 1419 1382 semper
1438 1336 1474 1369 in
1494 1335 1664 1370 Domino.

203 1508 403 1545 Conventio
422 1508 514 1542 faeta
532 1508 624 1541 inter
643 1506 900 1541 Maldovenum
920 1507 1083 1542 comitem
1115 1506 1158 1541 de
1177 1505 1345 1540 Levenax
1369 1518 1412 1540 ex
1429 1510 1528 1552 parte
1546 1518 1627 1546 una,
1649 1511 1683 1539 et

204 1565 405 1601 Gilbertum
425 1565 535 1598 filium
555 1564 726 1599 Samuelis
744 1577 788 1598 ex
805 1564 927 1598 altera.

206 1676 356 1712 ANNO
382 1676 424 1711 ab
452 1676 692 1710 incarnatione
712 1676 859 1710 Domini
880 1674 1060 1710 millesimo
1079 1673 1315 1709 ducentesimo
1344 1673 1516 1709 trieesuno
1545 1675 1680 1721 quinto,

205 1735 260 1768 die
279 1734 399 1769 Sancti
416 1732 531 1767 Marci
550 1732 768 1779 evangeliste,
788 1733 881 1780 apud
901 1732 1049 1779 Nigram
1067 1731 1194 1771 aulam,
1214 1731 1307 1765 fafita
1321 1731 1366 1765 cs„
1386 1731 1574 1765 conventio
1592 1732 1683 1766 inter

206 1790 463 1825 Maldovenum
482 1789 644 1823 comitem
663 1790 706 1823 de
726 1788 745 1822 I
762 1802 893 1823 §Ver-nt:
912 1802 955 1823 ex
973 1794 1071 1835 parte
1089 1801 1170 1828 una,
1200 1793 1234 1821 et
1262 1787 1466 1822 G'{k=‘=··t1un
1494 1787 1605 1821 filium
1626 1788 1684 1822 Sa-

205 1846 330 1881 muelis
348 1858 390 1880 ex
408 1845 527 1885 altera,
549 1858 665 1879 coram
685 1845 834 1879 dominis
855 1845 1012 1880 Vv'altero
1040 1844 1112 1879 filio
1136 1844 1240 1878 Alani
1270 1842 1467 1884 senescallo,
1494 1843 1684 1891 justiciario

210 1903 337 1942 Scotie,
366 1901 531 1936 VVilelmo
549 1901 672 1936 abbate
692 1901 734 1935 de
755 1900 912 1942 Paffelet,
942 1901 1137 1935 Malcolmo
1167 1901 1239 1935 filio
1262 1900 1469 1935 Maldoveni
1488 1901 1623 1935 comitis
1643 1902 1685 1935 de

209 1958 388 1998 Levenax,
417 1957 557 1992 Thema
576 1957 679 1998 Croc,
711 1957 868 2004 Hugone
899 1958 971 1992 filio
1003 1958 1164 1998 Simonis,
1193 1957 1336 1992 Simone
1366 1958 1439 1991 filio
1472 1957 1623 1998 Dormis,
1652 1971 1686 1991 (α

211 2016 310 2058 aliis3
339 2015 503 2050 videlicet
520 2015 614 2062 quod
634 2015 748 2049 dietus
768 2014 951 2049 Gilbertus
969 2015 1125 2060 quietum
1157 2014 1283 2048 clamat
1301 2014 1344 2048 de
1374 2013 1408 2048 se
1438 2020 1473 2048 et
1500 2015 1686 2049 &wear-vu

208 2073 275 2109 suis
294 2073 564 2120 imperpetuum,
584 2078 697 2106 totum
713 2071 771 2118 jus
789 2078 823 2105 et
841 2077 955 2105 totum
975 2071 1146 2105 clameum
1164 2071 1258 2117 quod
1277 2070 1398 2105 habuit
1416 2077 1451 2105 et
1481 2070 1609 2105 habere
1627 2084 1687 2118 po-

209 2130 277 2164 tuit
295 2129 330 2162 in
348 2129 497 2175 quadam
529 2134 623 2163 terra
653 2128 695 2162 de
727 2127 895 2162 Levcnax
923 2141 989 2174 que
1020 2127 1361 2162 Monachkennaran
1380 2133 1615 2174 nuncupatur,
1645 2127 1687 2161 dc

209 2199 277 2231 qua
294 2192 388 2220 terra
407 2186 497 2219 idem
518 2185 702 2220 Giibertus
721 2184 919 2231 predictum
939 2184 1115 2218 Car-*utem
1136 2183 1325 2230 impetebat
1347 2196 1409 2230 per
1428 2184 1561 2218 litteras
1580 2183 1688 2217 domi-

210 2243 246 2276 ni
267 2241 385 2287 Regis,
412 2242 460 2276 ita
478 2242 572 2288 quod
592 2254 655 2275 uec
673 2239 742 2288 ipse
762 2240 945 2275 G'lbertus
963 2253 1028 2275 nec
1047 2240 1192 2274 lie-edes
1210 2238 1270 2280 sui,
1292 2239 1364 2273 ullo
1383 2245 1542 2287 tempore
1561 2240 1596 2273 in
1614 2238 1688 2286 pos-

215 2305 341 2337 terum,
362 2298 559 2344 predictum
580 2298 755 2333 Comitem
771 2309 836 2331 uec
853 2297 1002 2343 aliquem
1022 2297 1141 2336 alium,
1160 2295 1262 2343 super
1281 2296 1454 2330 demanda
1471 2294 1572 2343 ipfius
1596 2301 1688 2330 terre

213 2355 255 2389 de
273 2353 622 2394 Mounehlzeuuaran,
642 2355 676 2388 in
693 2354 809 2400 aliquo
823 2353 1066 2388 molestabunt.
1113 2352 1158 2387 Et
1177 2352 1354 2387 sciendum
1371 2352 1465 2398 quod
1480 2352 1594 2386 dietus
1613 2351 1690 2386 Gil-
