1839 2652
727 270 798 306 DE
826 267 1097 305 PASSELET.
1583 270 1629 307 87

150 427 258 461 Carta
277 425 425 460 Walteri
442 425 503 460 filii
523 424 631 460 Alani
650 424 693 459 de
710 423 867 471 plenaria
884 421 977 458 see'ca
994 421 1188 457 molendini
1206 420 1250 455 de
1269 418 1415 454 Paffelet
1434 424 1469 453 et
1488 417 1582 454 Raff.

152 537 443 573 WALTERUS
470 537 562 571 filius
582 536 691 570 Alani
708 535 913 570 senescallus
932 534 1064 568 domini
1084 533 1193 579 Regis
1221 532 1335 567 Scotie
1365 536 1437 566 tam
1467 530 1634 578 presenti-

150 594 214 629 bus
248 607 352 641 quam
385 593 513 628 futuris
540 592 697 626 salutem.
763 591 884 625 Sciatis
914 603 981 630 me,
1009 602 1073 636 pro
1104 589 1220 623 anima
1251 588 1383 622 domini
1414 587 1564 622 Roberti
1591 587 1634 621 de

152 650 254 691 Brus,
274 648 439 685 relaxasse
457 650 716 695 imperpetuum
738 646 869 680 Abbati
888 651 922 680 et
940 645 1131 680 conventui
1146 645 1188 679 de
1205 642 1351 678 Paffelet
1368 649 1478 678 totam
1497 643 1634 677 firmam

151 719 254 753 quam
273 706 378 740 michi
397 705 594 739 debuerunt
623 716 688 750 pro
706 702 911 736 molendino
943 702 985 736 de
1017 699 1176 735 Paffelet.
1230 700 1350 740 Quare
1368 699 1450 734 volo
1469 705 1509 733 ut
1526 699 1635 734 libere

152 768 187 797 et
200 762 316 808 quiete
334 766 478 796 teneant
497 765 531 795 et
549 758 742 807 poflideant
755 759 791 792 in
805 771 928 805 puram
945 763 979 792 et
993 762 1198 804 perpetuam
1217 755 1438 790 elemofinam
1457 756 1544 790 illud
1563 769 1636 790 mo-

152 818 334 852 lendinum
353 830 432 852 cum
450 816 608 864 plenaria
624 814 718 850 lecta
743 813 812 855 sua,
842 820 876 848 et
903 814 1057 848 multura
1087 813 1130 848 de
1162 810 1255 853 Raff,
1285 817 1320 846 et
1339 812 1381 846 de
1401 811 1515 858 Nigra
1543 812 1634 852 aula,

153 880 189 909 et
207 875 250 909 de
268 874 429 908 omnibus
447 873 521 907 aliis
539 872 641 906 terris
659 872 703 906 ad
721 871 809 905 illud
827 870 1093 918 pertinentibus.
1148 869 1315 903 Preterea
1333 868 1413 902 dedi
1437 873 1472 902 et
1489 866 1636 902 conceffi

154 930 256 966 (116ὶί5
275 929 407 964 Abbati
425 934 459 964 et
478 928 670 963 conventui
688 927 745 962 sex
764 927 898 961 celdras
916 926 1026 960 farine
1045 939 1088 960 ex
1106 925 1207 959 firma
1225 925 1268 959 de
1288 924 1487 958 Inchinnan
1506 935 1637 957 annua-

153 986 215 1020 tim
234 985 487 1032 percipiendas,
506 984 614 1030 ulique
645 984 690 1018 ad
720 984 853 1018 obitum
874 982 1018 1017 Radulfi
1036 981 1217 1029 capellani,
1246 981 1305 1026 qui
1337 980 1372 1014 in
1389 985 1465 1014 tota
1482 979 1554 1014 vita
1579 978 1639 1013 sua

153 1054 216 1089 per
234 1047 365 1076 cartam
384 1054 498 1076 meam
517 1046 613 1075 tenet
632 1040 726 1074 illam
745 1045 943 1075 carucatam
961 1045 1055 1073 terre
1086 1038 1130 1072 de
1159 1037 1350 1084 Hillynton
1369 1049 1472 1082 quam
1491 1036 1539 1070 eis
1557 1035 1638 1070 dedi

154 1098 191 1132 in
219 1096 427 1132 escambium
447 1102 540 1131 terre
558 1095 617 1131 sue
646 1097 690 1131 de
709 1096 878 1139 Inirwic3
908 1096 950 1130 de
981 1108 1050 1142 quo
1080 1094 1250 1129 escambio
1280 1093 1330 1127 illi
1361 1093 1491 1127 habent
1508 1097 1639 1127 cartam

157 1166 268 1188 meam
305 1159 339 1188 et
375 1166 440 1200 ego
471 1153 583 1187 habeo
614 1158 745 1187 cartam
765 1165 898 1187 eorum.
954 1152 1034 1186 Hiis
1064 1151 1215 1192 testibus,
1254 1150 1421 1190 Radulfo,
1460 1149 1638 1190 lVilelmo,

157 1209 316 1250 Udardo,
349 1209 546 1256 capellanis,
589 1209 783 1243 Maleolmo
816 1208 986 1249 Loccard,
1027 1208 1185 1255 Rogerio
1228 1207 1301 1241 filio
1333 1206 1440 1247 Glaii,
1475 1205 1638 1241 Galfrido

159 1265 371 1307 Marffcallo,
401 1265 557 1300 Radulfo
577 1266 619 1300 de
640 1265 768 1306 Insula,
802 1265 960 1300 lValtero
982 1263 1128 1306 Ruffell,
1160 1264 1323 1298 Wilelmo
1343 1263 1436 1303 Scot,
1469 1268 1503 1297 et
1522 1262 1639 1297 multis

158 1322 243 1357 aliis.

161 1491 268 1525 Carta
281 1490 477 1525 Alexandri
496 1490 557 1524 filii
575 1490 721 1525 lValteri
739 1491 782 1525 de
801 1490 934 1525 duabus
953 1489 1078 1524 celdris
1094 1489 1205 1523 farine
1224 1488 1268 1522 de
1285 1488 1386 1522 firma
1404 1488 1486 1532 [de]
1502 1487 1643 1522 Inchin-

159 1560 230 1582 nan
246 1560 311 1594 pro
330 1547 485 1582 multura
503 1547 546 1582 de
566 1546 660 1581 Raff.

163 1659 402 1694 OMNIBUS
423 1659 524 1694 Cristi
542 1660 702 1694 fidelibus
721 1664 790 1694 tam
809 1658 1025 1707 presentibus
1053 1672 1157 1706 quam
1184 1659 1311 1693 futuris
1330 1658 1536 1693 Alexander
1554 1657 1645 1691 filius

164 1715 312 1750 Walteri
332 1715 447 1750 Scotie
465 1715 670 1750 senescallus
688 1715 844 1750 salutem.
898 1716 1018 1751 Sciatis
1040 1729 1096 1750 me
1115 1713 1254 1756 dediffe,
1284 1712 1478 1749 concelliffe
1498 1718 1532 1748 et
1550 1719 1645 1748 carta

163 1784 242 1806 mea
259 1770 475 1806 confirmasse
496 1772 576 1806 Deo
596 1778 630 1806 et
662 1772 792 1806 Sancto
820 1772 955 1808 Jacobo
987 1779 1021 1807 et
1051 1773 1182 1807 Sancto
1215 1771 1352 1806 Mirino
1378 1770 1575 1805 monasterii
1603 1770 1644 1804 de

166 1826 312 1862 Pafl'elet
330 1833 364 1862 et
382 1828 560 1862 monachis
587 1828 715 1862 ibidem
747 1828 828 1862 Deo
856 1828 1084 1864 servientibus
1116 1834 1150 1863 et
1180 1829 1439 1875 imperpetuum
1458 1827 1645 1866 [ervum-is,

166 1884 251 1918 duas
269 1883 403 1918 celdras
420 1884 531 1918 farine
548 1883 689 1930 singulis
708 1885 807 1918 annis
825 1886 1065 1932 percipiendas
1084 1885 1126 1919 de
1145 1885 1246 1918 firma
1264 1898 1340 1918 mea
1361 1885 1403 1918 (16
1423 1883 1643 1930 Inchynnan,

165 1953 230 1987 pro
248 1940 404 1974 multura
420 1946 514 1975 terre
533 1941 576 1975 de
598 1939 687 1974 Raff
697 1953 764 1986 que
782 1941 847 1974 fuit
874 1941 916 1975 de
934 1940 1028 1975 secta
1046 1941 1239 1975 molendini
1254 1941 1296 1974 de
1313 1938 1469 1979 Paffelet,
1491 1946 1524 1973 et
1542 1951 1645 1984 quam

167 1997 270 2031 michi
289 2003 323 2031 et
340 1996 528 2031 heredibus
546 1997 631 2031 meis
648 2010 712 2043 pro
732 1997 833 2031 dietis
852 1997 985 2031 duabus
1004 1997 1128 2031 celdris
1146 1997 1299 2042 quietam
1318 1997 1558 2030 clamaverunt
1574 2008 1583 2035 3
1613 2000 1647 2028 et

168 2065 233 2098 ego
252 2059 286 2087 et
304 2053 450 2087 heredes
468 2053 536 2087 mei
562 2053 670 2099 quieti
689 2053 818 2087 erimus
846 2053 888 2087 de
907 2053 1063 2086 multura
1082 2053 1175 2086 (1ίᾶ16
1194 2058 1286 2085 terre
1305 2053 1347 2085 de
1368 2049 1458 2085 Rass
1476 2051 1647 2097 imperpe-

167 2113 279 2148 tuum,
298 2108 465 2142 solvendo
485 2108 594 2142 dictas
613 2108 746 2142 celdras
773 2107 899 2142 eisdem
926 2109 1117 2142 annuatim.
1172 2107 1215 2141 In
1234 2108 1331 2153 cujus
1350 2108 1399 2141 rei
1413 2106 1647 2140 testimonium

168 2161 316 2209 figilluln
334 2177 451 2198 meum
471 2164 551 2198 huic
570 2170 663 2198 carte
682 2163 835 2211 apposui.
891 2164 970 2198 Hiis
996 2163 1146 2203 testibus,
1175 2163 1335 2209 magistro
1355 2162 1519 2196 Wilelmo
1539 2161 1647 2196 Lind-

169 2217 215 2253 sai
233 2220 365 2254 decano
386 2219 601 2265 Glasguenfi,
637 2220 790 2253 Radulfo
819 2220 999 2266 capellano
1029 2219 1161 2253 domini
1192 2218 1311 2265 Regis,
1345 2219 1487 2252 domino
1510 2217 1650 2252 Thomu

170 2274 242 2309 filio
263 2275 418 2315 Ranulfi,
452 2275 595 2308 domino
615 2275 734 2308 Alano
766 2275 808 2308 de
828 2274 956 2315 Insula,
989 2274 1155 2308 militibus
1185 2274 1281 2314 meis,
1312 2274 1452 2309 Thema
1477 2274 1519 2308 de
1538 2273 1649 2310 Bosco

170 2329 354 2365 senescallo
373 2343 463 2371 meo,
488 2330 642 2365 Waltero
662 2331 704 2364 (16
726 2330 846 2371 KareL
867 2329 1025 2365 lValtero
1055 2330 1097 2364 de
1125 2329 1293 2371 Thressie,
1323 2330 1456 2366 clericis
1486 2331 1582 2372 meis,
1615 2337 1648 2366 et
