1839 2652
728 261 798 296 DE
826 260 1094 296 PASSELET.
1602 264 1648 294 45

170 358 277 405 prius.
318 357 410 392 Item
428 357 523 403 quod
541 358 655 392 dictus
674 357 835 392 dominus
850 357 1034 392 Wilelmus
1051 357 1167 397 More,
1184 361 1265 391 ante
1279 356 1425 403 primam
1440 354 1649 390 solutionem

170 413 228 448 fibi
246 414 440 448 faciendam
458 414 501 448 de
515 413 647 447 summa
662 414 808 460 pecunie
825 412 1023 460 subscripta,
1044 426 1165 448 omnes
1185 413 1312 453 literas,
1333 418 1444 446 cartas
1457 418 1491 446 et
1511 412 1650 446 eviden-

171 471 235 504 tias
253 483 292 504 ac
310 469 537 504 instrumenta
555 475 625 504 tam
644 469 783 516 publica
799 482 903 516 quam
931 470 1076 516 privata,
1104 482 1166 516 per
1197 481 1281 515 quas
1309 474 1344 503 et
1374 481 1441 514 que
1469 467 1574 515 ipsam
1593 481 1652 502 an-

171 538 277 559 nuam
295 524 495 572 penfionem
513 526 744 571 quadraginta
762 538 957 559 marcarum
976 526 1119 559 nomine
1130 538 1200 571 qno
1218 524 1320 571 lupra
1337 524 1438 571 petiit
1454 522 1513 558 seu
1531 529 1651 571 petere

171 588 231 615 aut
249 581 375 615 habere
394 581 571 615 nitebatur
589 580 647 615 seu
666 581 796 621 debuit,
824 580 957 615 sursum
976 581 1110 621 reddat,
1130 594 1169 615 ac
1195 579 1271 627 ipfis
1297 586 1332 615 et
1359 593 1481 614 eorum
1499 579 1650 626 lingulis,

171 650 211 671 ac
229 637 325 671 omni
337 636 410 683 juri
428 635 487 669 fibi
505 642 539 670 et
558 636 744 670 heredibus
761 636 828 670 suis
846 642 906 670 aut
925 637 1027 670 dietis
1047 636 1216 681 Magistro
1240 642 1275 671 et
1293 636 1502 671 monialibus
1528 637 1565 671 in
1582 635 1653 683 ipsa

170 707 288 728 annua
318 693 481 741 pensione
512 694 743 739 quadraginta
771 705 967 727 marcarum
998 692 1210 738 competenti
1242 691 1300 726 len
1329 692 1446 726 debito
1472 692 1531 726 seu
1557 692 1651 738 quod

170 748 228 783 fibi
246 755 306 784 aut
325 750 373 784 eis
391 754 590 796 competere
608 749 724 796 potuit
742 754 802 783 aut
819 748 949 795 poterit
967 748 1003 781 in
1021 747 1192 787 futurum,
1221 746 1347 781 eisdem
1369 747 1500 782 Abbati
1519 755 1553 782 et
1571 761 1652 782 con-

170 806 291 840 ventui
311 806 353 839 de
374 803 543 839 Paffeleto
562 805 706 839 omnino
725 817 764 839 ac
782 810 954 851 perpetuo
974 803 1168 843 renunciet,
1196 816 1260 850 pro
1279 802 1311 837 se
1330 809 1365 837 et
1382 804 1568 838 heredibus
1586 803 1653 838 suis

171 874 210 895 ac
227 874 292 908 pro
312 860 481 907 Magistro
500 866 534 895 et
562 860 770 895 monialibus
787 859 1005 907 supradictis.
1058 859 1147 893 Item
1181 859 1381 893 ordinatum
1412 860 1478 893 fuit
1504 865 1538 894 et
1567 859 1652 893 diffi-

171 917 285 951 nitum
302 923 338 951 et
363 916 630 963 pronuntiatum
656 929 719 963 per
749 929 813 950 nos
841 915 1087 963 compositores
1115 915 1312 949 amicabiles
1342 915 1530 962 predictos,
1559 916 1653 961 quod

170 972 324 1019 prefatus
343 973 505 1006 dominus
525 972 708 1006 Wilelmus
729 971 846 1012 More,
875 972 918 1006 ad
947 972 1166 1006 reddendum
1184 971 1337 1018 prefatos
1365 970 1542 1016 religiosos
1560 971 1653 1005 viros

170 1034 342 1075 perpetuo
360 1029 565 1074 indempnes
582 1041 602 1061 a
619 1028 787 1074 petitione
808 1029 986 1062 dietorum
1007 1027 1166 1073 Magistri
1186 1033 1221 1061 et
1243 1027 1448 1061 monialium
1468 1027 1592 1061 domus
1611 1027 1653 1061 de

173 1084 431 1131 Simpringham
449 1097 517 1130 quo
536 1084 579 1118 ad
597 1097 750 1118 annuam
769 1083 968 1131 penfionem
994 1084 1201 1130 predictam,
1231 1082 1319 1130 ipsos
1338 1083 1518 1129 religiosos
1537 1083 1654 1118 Abba-

171 1148 242 1174 tem
261 1146 296 1175 et
314 1146 526 1175 conventum
555 1140 598 1175 de
628 1138 774 1174 Paffelet
803 1140 930 1174 habere
961 1140 1064 1174 faciet
1095 1152 1217 1174 omnes
1247 1140 1379 1173 litteras
1410 1140 1601 1174 evidentias
1620 1146 1654 1174 et

172 1196 399 1231 instrumenta
428 1209 495 1242 que
525 1196 561 1229 in
592 1196 655 1230 hac
685 1202 783 1242 parte
812 1194 999 1230 neceffaria
1015 1196 1146 1230 fuerint
1177 1196 1220 1229 ad
1239 1196 1502 1230 enervationem
1530 1201 1565 1230 et
1594 1209 1653 1230 an-

173 1251 404 1286 nullationem
433 1252 523 1298 juris
558 1257 593 1285 et
626 1252 804 1298 petitionis
834 1252 1077 1298 predictorum
1115 1251 1275 1297 ,Magistri
1310 1257 1344 1286 et
1379 1252 1584 1286 monialium
1618 1253 1655 1286 in

174 1307 237 1341 hac
271 1313 380 1354 parte.
450 1307 541 1341 Item
577 1308 777 1341 ordinatum
812 1308 878 1342 fuit
917 1313 952 1341 et
993 1307 1180 1341 diffinitum
1215 1320 1254 1341 ac
1288 1308 1556 1354 pronuntiatum
1592 1321 1655 1355 per

173 1375 237 1396 nos
263 1362 508 1410 compositores
535 1362 731 1397 amicabiles
758 1363 946 1409 predfflos,
986 1364 1080 1409 quod
1118 1363 1243 1410 prefati
1272 1362 1422 1409 religiosi
1459 1364 1579 1398 Abbas
1621 1370 1655 1398 et

175 1424 369 1453 conventus
399 1419 442 1453 de
475 1417 623 1453 Paffelet
654 1419 698 1453 ad
728 1419 971 1453 redimendum
1008 1419 1144 1453 labores
1180 1425 1214 1453 et
1252 1420 1455 1453 vexationes
1488 1419 1652 1466 ipsorum,

175 1480 209 1508 et
236 1475 339 1508 etiam
375 1474 435 1521 jus
471 1475 566 1521 quod
606 1473 747 1509 afferuit
788 1475 903 1509 dictus
944 1475 1106 1509 dominus
1138 1474 1323 1509 XVilelmus
1355 1474 1462 1510 More
1488 1474 1522 1510 se
1548 1475 1655 1510 habu-

175 1528 233 1564 iffe
267 1531 311 1565 ad
344 1544 499 1565 annuam
532 1530 732 1577 pensionem
771 1531 1002 1576 quadraginta
1044 1543 1239 1564 marcarum
1274 1531 1481 1577 predictam,
1522 1531 1658 1567 solvant

176 1587 288 1621 eidem
307 1587 450 1621 domino
470 1587 636 1621 NVilelmo
656 1586 774 1627 hIore,
796 1586 982 1621 heredibus
1000 1586 1056 1620 vel
1074 1584 1247 1632 aflignatis
1272 1585 1350 1627 suis,
1379 1587 1472 1633 apud
1490 1587 1657 1622 monaste-

176 1642 267 1676 rium
286 1643 328 1677 de
348 1641 505 1683 Paffelet‚
525 1648 699 1677 trecentas
716 1656 849 1677 marcas
875 1642 1120 1688 strelingorum
1148 1642 1192 1676 ad
1210 1643 1380 1677 terminos
1410 1643 1654 1691 infrascriptos,

175 1698 338 1733 videlicet
356 1704 497 1733 centum
524 1711 656 1733 marcas
673 1698 918 1745 strelingornm
937 1699 980 1732 ad
998 1698 1120 1732 festum
1153 1698 1372 1733 Pentecostes
1389 1700 1548 1746 proxime
1565 1700 1658 1735 futu-

176 1769 267 1796 rum,
296 1763 438 1790 centum
456 1769 588 1790 marcas
606 1755 850 1802 strelingorum
868 1756 913 1790 ad
930 1755 1051 1789 festum
1071 1755 1191 1789 Sancti
1224 1755 1373 1790 Martini
1392 1756 1592 1791 immediate
1610 1756 1657 1791 se-

177 1824 298 1858 quenS,
319 1818 353 1846 et
371 1817 513 1846 centum
530 1824 663 1846 marcas
682 1812 926 1857 strelingorum
945 1812 989 1845 ad
1016 1811 1138 1846 festum
1158 1811 1378 1846 Pentecostes
1396 1825 1490 1846 anno
1509 1812 1657 1847 Domini

178 1866 357 1901 millefimo
375 1866 617 1902 trecentesimo
635 1866 883 1914 septuagesimo
901 1873 1038 1914 quarto.
1093 1867 1184 1902 Item
1203 1868 1404 1902 ordinatum
1423 1868 1489 1903 fuit
1507 1874 1542 1903 et
1572 1869 1658 1903 diffi-

178 1923 291 1957 nitum
310 1936 349 1957 ac
366 1924 643 1970 pronuntiatum,
671 1924 766 1969 quod
792 1923 814 1957 fi
845 1924 959 1969 alique
987 1923 1103 1957 littere
1132 1923 1360 1958 instrumenta
1389 1924 1445 1958 vel
1477 1930 1570 1958 carte
1597 1932 1657 1958 aut

179 1978 292 2024 alique
310 1979 376 2013 alie
406 1979 580 2014 evidentie
608 1992 826 2026 quecunque,
856 1992 962 2027 penes
989 1979 1139 2025 aliquam
1159 1980 1310 2026 partium
1338 1980 1577 2026 predbstarum
1596 1988 1657 2014 aut

180 2047 288 2081 penes
308 2034 516 2081 Magistrum
544 2041 578 2069 et
603 2036 772 2070 moniales
790 2036 967 2082 predictos
986 2041 1046 2069 aut
1064 2035 1149 2068 alios
1167 2034 1402 2080 quoscunque,
1434 2041 1572 2081 reperte
1598 2034 1656 2069 seu

180 2096 318 2136 reperta
331 2090 462 2124 fuerint
477 2091 519 2124 de
534 2096 662 2131 cetero,
680 2092 902 2126 continentes
919 2091 977 2126 seu
990 2091 1207 2124 continentia
1220 2091 1390 2137 prefatam
1401 2102 1555 2124 annuam
1573 2104 1657 2138 pen-

180 2144 308 2180 sionem
328 2146 560 2192 quadraginta
576 2160 773 2181 marcarum
791 2148 885 2194 apud
904 2147 1055 2192 aliquam
1073 2146 1225 2192 partium
1243 2146 1494 2192 predictarum,
1515 2146 1584 2193 ipse
1603 2147 1656 2182 lit-

180 2206 266 2241 tere,
286 2206 391 2240 carte,
411 2201 639 2235 instrumenta
657 2208 691 2236 et
710 2202 883 2236 evidentie
894 2200 958 2235 fint
972 2207 1142 2248 perpetuo
1156 2200 1252 2241 cafl'e,
1269 2201 1366 2236 nulle
1383 2207 1416 2236 et
1431 2203 1538 2243 irrite,
1557 2202 1653 2243 caffa,

180 2255 278 2290 nulla
295 2261 330 2289 et
347 2256 454 2296 irrita,
482 2257 684 2302 nullamque
703 2258 884 2304 optineant
910 2263 1082 2304 perpetuo
1114 2257 1250 2291 roboris
1281 2257 1493 2293 firmitatem.
1547 2259 1593 2294 Et
1620 2261 1656 2294 in

180 2309 421 2358 premifforum
436 2312 592 2346 omnium
610 2312 856 2354 testimonium,
877 2325 916 2347 ac
934 2313 978 2347 ad
995 2318 1201 2359 perpetuam
1218 2313 1421 2349 memoriam
1440 2314 1653 2356 futurorum,
