<?xml version="1.0" encoding="UTF-8"?>
<!DOCTYPE html PUBLIC "-//W3C//DTD XHTML 1.0 Transitional//EN"
    "http://www.w3.org/TR/xhtml1/DTD/xhtml1-transitional.dtd">
<html xmlns="http://www.w3.org/1999/xhtml" xml:lang="en" lang="en">
 <head>
  <title>
</title>
<meta http-equiv="Content-Type" content="text/html;charset=utf-8" />
  <meta name='ocr-system' content='tesseract 3.04.00' />
  <meta name='ocr-capabilities' content='ocr_page ocr_carea ocr_par ocr_line ocrx_word'/>
</head>
<body>
  <div class='ocr_page' id='page_1' title='image "./registrummonaste00mait_0424.png"; bbox 0 0 1870 2683; ppageno 0'>
   <div class='ocr_carea' id='block_1_1' title="bbox 193 287 1278 329">
    <p class='ocr_par' dir='ltr' id='par_1_1' title="bbox 193 287 1278 329">
     <span class='ocr_line' id='line_1_1' title="bbox 193 287 1278 329; baseline -0.003 -5"><span class='ocrx_word' id='word_1_1' title='bbox 193 294 263 329; x_wconf 69' lang='lat'><strong>364</strong></span> <span class='ocrx_word' id='word_1_2' title='bbox 595 288 909 325; x_wconf 86' lang='lat' dir='ltr'>REGISTRUM</span> <span class='ocrx_word' id='word_1_3' title='bbox 938 287 1278 323; x_wconf 87' lang='lat' dir='ltr'><strong>MONASTERII</strong></span> 
     </span>
    </p>
   </div>
   <div class='ocr_carea' id='block_1_2' title="bbox 197 383 1678 1218">
    <p class='ocr_par' dir='ltr' id='par_1_2' title="bbox 197 383 1678 1218">
     <span class='ocr_line' id='line_1_2' title="bbox 197 383 1676 433; baseline -0.003 -9"><span class='ocrx_word' id='word_1_4' title='bbox 197 389 335 424; x_wconf 82' lang='lat' dir='ltr'><strong>duxerit</strong></span> <span class='ocrx_word' id='word_1_5' title='bbox 355 387 586 428; x_wconf 76' lang='lat' dir='ltr'><strong>veniendum3</strong></span> <span class='ocrx_word' id='word_1_6' title='bbox 614 399 678 433; x_wconf 88' lang='lat' dir='ltr'><strong>pro</strong></span> <span class='ocrx_word' id='word_1_7' title='bbox 697 399 764 431; x_wconf 86' lang='lat' dir='ltr'><strong>qua</strong></span> <span class='ocrx_word' id='word_1_8' title='bbox 782 385 921 430; x_wconf 87' lang='lat' dir='ltr'><strong>quidem</strong></span> <span class='ocrx_word' id='word_1_9' title='bbox 940 397 1031 431; x_wconf 88' lang='lat' dir='ltr'><strong>pena</strong></span> <span class='ocrx_word' id='word_1_10' title='bbox 1046 396 1125 418; x_wconf 85' lang='lat' dir='ltr'><strong>cum</strong></span> <span class='ocrx_word' id='word_1_11' title='bbox 1144 383 1343 429; x_wconf 83' lang='lat' dir='ltr'><strong>contigerit,</strong></span> <span class='ocrx_word' id='word_1_12' title='bbox 1375 383 1509 418; x_wconf 88' lang='lat' dir='ltr'><strong>licitum</strong></span> <span class='ocrx_word' id='word_1_13' title='bbox 1530 386 1596 419; x_wconf 89' lang='lat' dir='ltr'><strong>erit</strong></span> <span class='ocrx_word' id='word_1_14' title='bbox 1627 386 1676 420; x_wconf 82' lang='lat' dir='ltr'><strong>eis</strong></span> 
     </span>
     <span class='ocr_line' id='line_1_3' title="bbox 199 438 1674 489; baseline -0.003 -11"><span class='ocrx_word' id='word_1_15' title='bbox 199 444 398 489; x_wconf 83' lang='lat' dir='ltr'><strong>distringere</strong></span> <span class='ocrx_word' id='word_1_16' title='bbox 413 448 523 476; x_wconf 83' lang='lat' dir='ltr'><strong>terras</strong></span> <span class='ocrx_word' id='word_1_17' title='bbox 537 441 667 475; x_wconf 85' lang='lat' dir='ltr'><strong>nostras</strong></span> <span class='ocrx_word' id='word_1_18' title='bbox 686 441 728 475; x_wconf 91' lang='lat' dir='ltr'><strong>de</strong></span> <span class='ocrx_word' id='word_1_19' title='bbox 749 438 926 486; x_wconf 75' lang='lat' dir='ltr'><strong>Crofl&#39;eby‚</strong></span> <span class='ocrx_word' id='word_1_20' title='bbox 946 438 1030 474; x_wconf 88' lang='lat' dir='ltr'><strong>ficut</strong></span> <span class='ocrx_word' id='word_1_21' title='bbox 1044 439 1146 486; x_wconf 86' lang='lat' dir='ltr'><strong>supra</strong></span> <span class='ocrx_word' id='word_1_22' title='bbox 1163 451 1227 486; x_wconf 87' lang='lat' dir='ltr'><strong>pro</strong></span> <span class='ocrx_word' id='word_1_23' title='bbox 1246 439 1439 485; x_wconf 87' lang='lat' dir='ltr'><strong>principali,</strong></span> <span class='ocrx_word' id='word_1_24' title='bbox 1460 439 1496 473; x_wconf 90' lang='lat' dir='ltr'><strong>in</strong></span> <span class='ocrx_word' id='word_1_25' title='bbox 1515 440 1674 475; x_wconf 90' lang='lat' dir='ltr'><strong>omnibus</strong></span> 
     </span>
     <span class='ocr_line' id='line_1_4' title="bbox 198 493 1673 546; baseline -0.003 -13"><span class='ocrx_word' id='word_1_26' title='bbox 198 506 232 535; x_wconf 88' lang='lat' dir='ltr'><strong>et</strong></span> <span class='ocrx_word' id='word_1_27' title='bbox 243 511 305 546; x_wconf 89' lang='lat' dir='ltr'><strong>per</strong></span> <span class='ocrx_word' id='word_1_28' title='bbox 323 498 450 537; x_wconf 84' lang='lat' dir='ltr'>onmia,</span> <span class='ocrx_word' id='word_1_29' title='bbox 471 497 588 537; x_wconf 90' lang='lat' dir='ltr'><strong>modo,</strong></span> <span class='ocrx_word' id='word_1_30' title='bbox 608 496 721 530; x_wconf 89' lang='lat' dir='ltr'><strong>forma</strong></span> <span class='ocrx_word' id='word_1_31' title='bbox 737 496 867 543; x_wconf 89' lang='lat' dir='ltr'><strong>pariter</strong></span> <span class='ocrx_word' id='word_1_32' title='bbox 886 501 920 529; x_wconf 86' lang='lat' dir='ltr'><strong>et</strong></span> <span class='ocrx_word' id='word_1_33' title='bbox 939 495 1065 530; x_wconf 65' lang='lat' dir='ltr'><strong>effectu</strong></span> <span class='ocrx_word' id='word_1_34' title='bbox 1081 509 1091 538; x_wconf 79' lang='lat'><em>3</em></span> <span class='ocrx_word' id='word_1_35' title='bbox 1119 495 1167 529; x_wconf 90' lang='lat' dir='ltr'><strong>ita</strong></span> <span class='ocrx_word' id='word_1_36' title='bbox 1183 495 1277 540; x_wconf 92' lang='lat' dir='ltr'><strong>quod</strong></span> <span class='ocrx_word' id='word_1_37' title='bbox 1296 500 1331 528; x_wconf 87' lang='lat' dir='ltr'><strong>et</strong></span> <span class='ocrx_word' id='word_1_38' title='bbox 1348 493 1460 528; x_wconf 87' lang='lat' dir='ltr'><strong>soluta</strong></span> <span class='ocrx_word' id='word_1_39' title='bbox 1476 494 1673 542; x_wconf 87' lang='lat' dir='ltr'><strong>hujusmodi</strong></span> 
     </span>
     <span class='ocr_line' id='line_1_5' title="bbox 198 549 1676 602; baseline -0.003 -14"><span class='ocrx_word' id='word_1_40' title='bbox 198 567 288 602; x_wconf 86' lang='lat' dir='ltr'><strong>pena</strong></span> <span class='ocrx_word' id='word_1_41' title='bbox 304 552 347 588; x_wconf 88' lang='lat' dir='ltr'><strong>fic</strong></span> <span class='ocrx_word' id='word_1_42' title='bbox 366 558 400 588; x_wconf 89' lang='lat' dir='ltr'><strong>et</strong></span> <span class='ocrx_word' id='word_1_43' title='bbox 418 557 590 600; x_wconf 88' lang='lat' dir='ltr'><strong>percepta,</strong></span> <span class='ocrx_word' id='word_1_44' title='bbox 619 552 777 599; x_wconf 70' lang='lat' dir='ltr'><strong>predicte</strong></span> <span class='ocrx_word' id='word_1_45' title='bbox 796 551 939 585; x_wconf 81' lang='lat' dir='ltr'><strong>donatio</strong></span> <span class='ocrx_word' id='word_1_46' title='bbox 959 556 993 586; x_wconf 87' lang='lat' dir='ltr'><strong>et</strong></span> <span class='ocrx_word' id='word_1_47' title='bbox 1012 549 1180 586; x_wconf 89' lang='lat' dir='ltr'><strong>conceffio</strong></span> <span class='ocrx_word' id='word_1_48' title='bbox 1198 551 1234 585; x_wconf 92' lang='lat' dir='ltr'><strong>in</strong></span> <span class='ocrx_word' id='word_1_49' title='bbox 1252 550 1311 584; x_wconf 90' lang='lat' dir='ltr'><strong>suo</strong></span> <span class='ocrx_word' id='word_1_50' title='bbox 1338 550 1465 585; x_wconf 81' lang='lat' dir='ltr'>robore</span> <span class='ocrx_word' id='word_1_51' title='bbox 1482 550 1676 585; x_wconf 89' lang='lat' dir='ltr'><strong>nichilomi-</strong></span> 
     </span>
     <span class='ocr_line' id='line_1_6' title="bbox 198 606 1676 656; baseline -0.002 -12"><span class='ocrx_word' id='word_1_52' title='bbox 198 623 263 644; x_wconf 90' lang='lat' dir='ltr'><strong>nus</strong></span> <span class='ocrx_word' id='word_1_53' title='bbox 282 615 316 644; x_wconf 89' lang='lat' dir='ltr'><strong>et</strong></span> <span class='ocrx_word' id='word_1_54' title='bbox 334 609 464 644; x_wconf 90' lang='lat' dir='ltr'><strong>virtute</strong></span> <span class='ocrx_word' id='word_1_55' title='bbox 482 608 704 656; x_wconf 84' lang='lat' dir='ltr'>perseverent</span> <span class='ocrx_word' id='word_1_56' title='bbox 722 608 992 655; x_wconf 83' lang='lat' dir='ltr'><strong>imperpetuum.</strong></span> <span class='ocrx_word' id='word_1_57' title='bbox 1046 607 1092 641; x_wconf 88' lang='lat' dir='ltr'><strong>Et</strong></span> <span class='ocrx_word' id='word_1_58' title='bbox 1111 619 1176 653; x_wconf 81' lang='lat' dir='ltr'><strong>ego</strong></span> <span class='ocrx_word' id='word_1_59' title='bbox 1194 619 1279 641; x_wconf 90' lang='lat' dir='ltr'><strong>vero</strong></span> <span class='ocrx_word' id='word_1_60' title='bbox 1305 606 1486 654; x_wconf 66' lang='lat' dir='ltr'><strong>predictus</strong></span> <span class='ocrx_word' id='word_1_61' title='bbox 1504 607 1621 642; x_wconf 90' lang='lat' dir='ltr'><strong>Adam</strong></span> <span class='ocrx_word' id='word_1_62' title='bbox 1641 612 1676 642; x_wconf 92' lang='lat' dir='ltr'><strong>et</strong></span> 
     </span>
     <span class='ocr_line' id='line_1_7' title="bbox 198 661 1675 709; baseline -0.002 -10"><span class='ocrx_word' id='word_1_63' title='bbox 198 665 343 700; x_wconf 87' lang='lat' dir='ltr'><strong>heredes</strong></span> <span class='ocrx_word' id='word_1_64' title='bbox 362 665 430 699; x_wconf 88' lang='lat' dir='ltr'><strong>mei</strong></span> <span class='ocrx_word' id='word_1_65' title='bbox 449 664 582 699; x_wconf 63' lang='lat' dir='ltr'><strong>dietum</strong></span> <span class='ocrx_word' id='word_1_66' title='bbox 601 676 758 698; x_wconf 89' lang='lat' dir='ltr'><strong>annuum</strong></span> <span class='ocrx_word' id='word_1_67' title='bbox 776 663 953 698; x_wconf 88' lang='lat' dir='ltr'><strong>redditum</strong></span> <span class='ocrx_word' id='word_1_68' title='bbox 980 663 1210 709; x_wconf 85' lang='lat' dir='ltr'><strong>quadraginta</strong></span> <span class='ocrx_word' id='word_1_69' title='bbox 1237 662 1460 697; x_wconf 89' lang='lat' dir='ltr'><strong>denariorum</strong></span> <span class='ocrx_word' id='word_1_70' title='bbox 1480 662 1616 708; x_wconf 83' lang='lat' dir='ltr'>argenti</span> <span class='ocrx_word' id='word_1_71' title='bbox 1632 661 1675 697; x_wconf 91' lang='lat' dir='ltr'><strong>fic</strong></span> 
     </span>
     <span class='ocr_line' id='line_1_8' title="bbox 198 718 1676 768; baseline -0.001 -13"><span class='ocrx_word' id='word_1_72' title='bbox 198 734 260 768; x_wconf 89' lang='lat' dir='ltr'><strong>per</strong></span> <span class='ocrx_word' id='word_1_73' title='bbox 278 733 333 755; x_wconf 89' lang='lat' dir='ltr'><strong>me</strong></span> <span class='ocrx_word' id='word_1_74' title='bbox 353 721 473 755; x_wconf 87' lang='lat' dir='ltr'><strong>datum</strong></span> <span class='ocrx_word' id='word_1_75' title='bbox 500 726 535 754; x_wconf 88' lang='lat' dir='ltr'><strong>et</strong></span> <span class='ocrx_word' id='word_1_76' title='bbox 563 718 758 755; x_wconf 76' lang='lat' dir='ltr'><strong>concefl&#39;um</strong></span> <span class='ocrx_word' id='word_1_77' title='bbox 790 719 826 753; x_wconf 90' lang='lat' dir='ltr'><strong>in</strong></span> <span class='ocrx_word' id='word_1_78' title='bbox 855 718 1017 754; x_wconf 85' lang='lat' dir='ltr'><strong>omnibus</strong></span> <span class='ocrx_word' id='word_1_79' title='bbox 1048 724 1082 753; x_wconf 91' lang='lat' dir='ltr'><strong>et</strong></span> <span class='ocrx_word' id='word_1_80' title='bbox 1109 731 1171 765; x_wconf 88' lang='lat' dir='ltr'><strong>per</strong></span> <span class='ocrx_word' id='word_1_81' title='bbox 1200 719 1317 753; x_wconf 86' lang='lat' dir='ltr'><strong>omnia</strong></span> <span class='ocrx_word' id='word_1_82' title='bbox 1346 723 1386 752; x_wconf 90' lang='lat' dir='ltr'><strong>ut</strong></span> <span class='ocrx_word' id='word_1_83' title='bbox 1413 718 1611 765; x_wconf 64' lang='lat' dir='ltr'><strong>predifiwm</strong></span> <span class='ocrx_word' id='word_1_84' title='bbox 1630 718 1676 753; x_wconf 89' lang='lat' dir='ltr'><strong>est</strong></span> 
     </span>
     <span class='ocr_line' id='line_1_9' title="bbox 199 773 1677 823; baseline -0.002 -12"><span class='ocrx_word' id='word_1_85' title='bbox 199 777 300 812; x_wconf 63' lang='lat' dir='ltr'><strong>dietis</strong></span> <span class='ocrx_word' id='word_1_86' title='bbox 318 777 401 811; x_wconf 92' lang='lat' dir='ltr'><strong>viris</strong></span> <span class='ocrx_word' id='word_1_87' title='bbox 420 774 584 823; x_wconf 84' lang='lat' dir='ltr'><strong>religiofis</strong></span> <span class='ocrx_word' id='word_1_88' title='bbox 603 781 637 811; x_wconf 90' lang='lat' dir='ltr'><strong>et</strong></span> <span class='ocrx_word' id='word_1_89' title='bbox 655 788 778 810; x_wconf 87' lang='lat' dir='ltr'><strong>eorum</strong></span> <span class='ocrx_word' id='word_1_90' title='bbox 797 773 1044 809; x_wconf 84' lang='lat' dir='ltr'><strong>succefforibus</strong></span> <span class='ocrx_word' id='word_1_91' title='bbox 1075 779 1197 808; x_wconf 89' lang='lat' dir='ltr'><strong>contra</strong></span> <span class='ocrx_word' id='word_1_92' title='bbox 1225 787 1345 808; x_wconf 88' lang='lat' dir='ltr'><strong>omnes</strong></span> <span class='ocrx_word' id='word_1_93' title='bbox 1375 773 1540 808; x_wconf 83' lang='lat' dir='ltr'><strong>mortales</strong></span> <span class='ocrx_word' id='word_1_94' title='bbox 1558 786 1677 809; x_wconf 84' lang='lat' dir='ltr'><strong>manu-</strong></span> 
     </span>
     <span class='ocr_line' id='line_1_10' title="bbox 198 830 1675 877; baseline -0.003 -9"><span class='ocrx_word' id='word_1_95' title='bbox 198 833 405 874; x_wconf 82' lang='lat' dir='ltr'><strong>tenebimus,</strong></span> <span class='ocrx_word' id='word_1_96' title='bbox 434 832 747 872; x_wconf 82' lang='lat' dir='ltr'><strong>warantizabimus,</strong></span> <span class='ocrx_word' id='word_1_97' title='bbox 782 830 1054 877; x_wconf 83' lang='lat' dir='ltr'><strong>acquietabimus</strong></span> <span class='ocrx_word' id='word_1_98' title='bbox 1085 835 1119 864; x_wconf 90' lang='lat' dir='ltr'><strong>et</strong></span> <span class='ocrx_word' id='word_1_99' title='bbox 1147 830 1375 864; x_wconf 84' lang='lat' dir='ltr'><strong>defendemus</strong></span> <span class='ocrx_word' id='word_1_100' title='bbox 1406 830 1675 877; x_wconf 82' lang='lat' dir='ltr'><strong>imperpetuum.</strong></span> 
     </span>
     <span class='ocr_line' id='line_1_11' title="bbox 201 886 1677 937; baseline -0.003 -13"><span class='ocrx_word' id='word_1_101' title='bbox 201 890 245 924; x_wconf 93' lang='lat' dir='ltr'><strong>In</strong></span> <span class='ocrx_word' id='word_1_102' title='bbox 263 890 363 937; x_wconf 89' lang='lat' dir='ltr'><strong>cujus</strong></span> <span class='ocrx_word' id='word_1_103' title='bbox 381 890 432 924; x_wconf 92' lang='lat' dir='ltr'><strong>rei</strong></span> <span class='ocrx_word' id='word_1_104' title='bbox 449 889 685 924; x_wconf 87' lang='lat' dir='ltr'><strong>testimonium</strong></span> <span class='ocrx_word' id='word_1_105' title='bbox 703 888 785 922; x_wconf 90' lang='lat' dir='ltr'><strong>huic</strong></span> <span class='ocrx_word' id='word_1_106' title='bbox 803 886 954 935; x_wconf 86' lang='lat' dir='ltr'><strong>presenti</strong></span> <span class='ocrx_word' id='word_1_107' title='bbox 974 892 1067 921; x_wconf 83' lang='lat' dir='ltr'><strong>carte</strong></span> <span class='ocrx_word' id='word_1_108' title='bbox 1098 899 1175 921; x_wconf 90' lang='lat' dir='ltr'><strong>mee</strong></span> <span class='ocrx_word' id='word_1_109' title='bbox 1205 886 1355 933; x_wconf 83' lang='lat' dir='ltr'><strong>figillum</strong></span> <span class='ocrx_word' id='word_1_110' title='bbox 1386 899 1503 921; x_wconf 88' lang='lat' dir='ltr'><strong>meum</strong></span> <span class='ocrx_word' id='word_1_111' title='bbox 1535 886 1677 934; x_wconf 90' lang='lat' dir='ltr'><strong>apposui</strong></span> 
     </span>
     <span class='ocr_line' id='line_1_12' title="bbox 201 942 1677 992; baseline -0.001 -12"><span class='ocrx_word' id='word_1_112' title='bbox 201 946 292 992; x_wconf 87' lang='lat' dir='ltr'><strong>apud</strong></span> <span class='ocrx_word' id='word_1_113' title='bbox 311 946 504 980; x_wconf 85' lang='lat' dir='ltr'><strong>manerium</strong></span> <span class='ocrx_word' id='word_1_114' title='bbox 523 945 678 979; x_wconf 89' lang='lat' dir='ltr'><strong>nostrum</strong></span> <span class='ocrx_word' id='word_1_115' title='bbox 698 944 740 978; x_wconf 87' lang='lat' dir='ltr'><strong>de</strong></span> <span class='ocrx_word' id='word_1_116' title='bbox 760 942 938 990; x_wconf 85' lang='lat' dir='ltr'><strong>Croffeby,</strong></span> <span class='ocrx_word' id='word_1_117' title='bbox 968 943 1022 977; x_wconf 93' lang='lat' dir='ltr'><strong>die</strong></span> <span class='ocrx_word' id='word_1_118' title='bbox 1050 943 1073 979; x_wconf 83' lang='lat' dir='ltr'>J</span> <span class='ocrx_word' id='word_1_119' title='bbox 1076 943 1149 977; x_wconf 80' lang='lat' dir='ltr'><strong>ovis</strong></span> <span class='ocrx_word' id='word_1_120' title='bbox 1167 944 1203 977; x_wconf 87' lang='lat' dir='ltr'><strong>in</strong></span> <span class='ocrx_word' id='word_1_121' title='bbox 1221 943 1304 978; x_wconf 89' lang='lat' dir='ltr'><strong>festo</strong></span> <span class='ocrx_word' id='word_1_122' title='bbox 1323 942 1560 990; x_wconf 90' lang='lat' dir='ltr'><strong>affumptionis</strong></span> <span class='ocrx_word' id='word_1_123' title='bbox 1578 943 1677 978; x_wconf 83' lang='lat' dir='ltr'><strong>beate</strong></span> 
     </span>
     <span class='ocr_line' id='line_1_13' title="bbox 202 998 1678 1048; baseline -0.003 -12"><span class='ocrx_word' id='word_1_124' title='bbox 202 1001 317 1036; x_wconf 84' lang='lat' dir='ltr'><strong>Marie</strong></span> <span class='ocrx_word' id='word_1_125' title='bbox 337 1002 504 1048; x_wconf 85' lang='lat' dir='ltr'><strong>Virginis,</strong></span> <span class='ocrx_word' id='word_1_126' title='bbox 524 1013 616 1035; x_wconf 89' lang='lat' dir='ltr'><strong>anno</strong></span> <span class='ocrx_word' id='word_1_127' title='bbox 636 1000 783 1034; x_wconf 90' lang='lat' dir='ltr'><strong>Domini</strong></span> <span class='ocrx_word' id='word_1_128' title='bbox 803 1004 845 1033; x_wconf 62' lang='grc' dir='ltr'><strong>ΜΟ</strong></span> <span class='ocrx_word' id='word_1_129' title='bbox 864 1004 945 1033; x_wconf 89' lang='lat' dir='ltr'><strong>ccc⁰</strong></span> <span class='ocrx_word' id='word_1_130' title='bbox 964 1005 1026 1034; x_wconf 85' lang='lat' dir='ltr'><strong>xc⁰</strong></span> <span class='ocrx_word' id='word_1_131' title='bbox 1043 999 1218 1041; x_wconf 83' lang='lat' dir='ltr'><strong>secundo3</strong></span> <span class='ocrx_word' id='word_1_132' title='bbox 1246 999 1311 1033; x_wconf 85' lang='lat' dir='ltr'><strong>hiis</strong></span> <span class='ocrx_word' id='word_1_133' title='bbox 1329 998 1479 1039; x_wconf 87' lang='lat' dir='ltr'><strong>testibus,</strong></span> <span class='ocrx_word' id='word_1_134' title='bbox 1506 999 1678 1033; x_wconf 86' lang='lat' dir='ltr'><strong>nobilibus</strong></span> 
     </span>
     <span class='ocr_line' id='line_1_14' title="bbox 199 1054 1678 1098; baseline -0.003 -6"><span class='ocrx_word' id='word_1_135' title='bbox 199 1058 291 1098; x_wconf 86' lang='lat' dir='ltr'><strong>viris,</strong></span> <span class='ocrx_word' id='word_1_136' title='bbox 313 1057 461 1091; x_wconf 90' lang='lat' dir='ltr'><strong>dominis</strong></span> <span class='ocrx_word' id='word_1_137' title='bbox 478 1056 500 1093; x_wconf 85' lang='lat' dir='ltr'>J</span> <span class='ocrx_word' id='word_1_138' title='bbox 505 1057 642 1091; x_wconf 86' lang='lat' dir='ltr'><strong>ohanne</strong></span> <span class='ocrx_word' id='word_1_139' title='bbox 662 1054 755 1090; x_wconf 87' lang='lat' dir='ltr'><strong>Roff</strong></span> <span class='ocrx_word' id='word_1_140' title='bbox 765 1056 908 1090; x_wconf 89' lang='lat' dir='ltr'><strong>domino</strong></span> <span class='ocrx_word' id='word_1_141' title='bbox 927 1055 969 1089; x_wconf 93' lang='lat' dir='ltr'><strong>de</strong></span> <span class='ocrx_word' id='word_1_142' title='bbox 991 1055 1189 1095; x_wconf 85' lang='lat' dir='ltr'><strong>Hawkhed‚</strong></span> <span class='ocrx_word' id='word_1_143' title='bbox 1210 1060 1245 1089; x_wconf 89' lang='lat' dir='ltr'><strong>et</strong></span> <span class='ocrx_word' id='word_1_144' title='bbox 1263 1054 1285 1090; x_wconf 87' lang='lat' dir='ltr'>J</span> <span class='ocrx_word' id='word_1_145' title='bbox 1288 1055 1425 1088; x_wconf 83' lang='lat' dir='ltr'><strong>ohanne</strong></span> <span class='ocrx_word' id='word_1_146' title='bbox 1441 1055 1483 1089; x_wconf 92' lang='lat' dir='ltr'><strong>de</strong></span> <span class='ocrx_word' id='word_1_147' title='bbox 1497 1054 1599 1089; x_wconf 86' lang='lat' dir='ltr'><strong>Blare</strong></span> <span class='ocrx_word' id='word_1_148' title='bbox 1619 1055 1678 1089; x_wconf 92' lang='lat' dir='ltr'><strong>do-</strong></span> 
     </span>
     <span class='ocr_line' id='line_1_15' title="bbox 199 1109 1676 1157; baseline -0.003 -9"><span class='ocrx_word' id='word_1_149' title='bbox 199 1114 296 1148; x_wconf 86' lang='lat' dir='ltr'><strong>mino</strong></span> <span class='ocrx_word' id='word_1_150' title='bbox 311 1113 353 1148; x_wconf 90' lang='lat' dir='ltr'><strong>de</strong></span> <span class='ocrx_word' id='word_1_151' title='bbox 370 1113 562 1153; x_wconf 87' lang='lat' dir='ltr'><strong>Adamton,</strong></span> <span class='ocrx_word' id='word_1_152' title='bbox 578 1111 754 1152; x_wconf 89' lang='lat' dir='ltr'><strong>militibus,</strong></span> <span class='ocrx_word' id='word_1_153' title='bbox 771 1111 793 1147; x_wconf 87' lang='lat' dir='ltr'>J</span> <span class='ocrx_word' id='word_1_154' title='bbox 796 1112 933 1145; x_wconf 85' lang='lat' dir='ltr'><strong>ohanne</strong></span> <span class='ocrx_word' id='word_1_155' title='bbox 948 1110 1089 1157; x_wconf 81' lang='lat' dir='ltr'><strong>Symple</strong></span> <span class='ocrx_word' id='word_1_156' title='bbox 1104 1110 1246 1144; x_wconf 87' lang='lat' dir='ltr'><strong>domino</strong></span> <span class='ocrx_word' id='word_1_157' title='bbox 1262 1110 1304 1144; x_wconf 90' lang='lat' dir='ltr'><strong>de</strong></span> <span class='ocrx_word' id='word_1_158' title='bbox 1321 1109 1499 1150; x_wconf 88' lang='lat' dir='ltr'><strong>Elioiston,</strong></span> <span class='ocrx_word' id='word_1_159' title='bbox 1518 1110 1676 1145; x_wconf 88' lang='lat' dir='ltr'><strong>Roberto</strong></span> 
     </span>
     <span class='ocr_line' id='line_1_16' title="bbox 204 1165 1676 1218; baseline -0.004 -12"><span class='ocrx_word' id='word_1_160' title='bbox 204 1171 344 1218; x_wconf 77' lang='lat' dir='ltr'><strong>Symple</strong></span> <span class='ocrx_word' id='word_1_161' title='bbox 363 1171 436 1218; x_wconf 86' lang='lat' dir='ltr'><strong>ejus</strong></span> <span class='ocrx_word' id='word_1_162' title='bbox 453 1169 639 1209; x_wconf 80' lang='lat' dir='ltr'><strong>avunculo,</strong></span> <span class='ocrx_word' id='word_1_163' title='bbox 660 1175 694 1203; x_wconf 89' lang='lat' dir='ltr'><strong>et</strong></span> <span class='ocrx_word' id='word_1_164' title='bbox 713 1168 735 1204; x_wconf 87' lang='lat' dir='ltr'>J</span> <span class='ocrx_word' id='word_1_165' title='bbox 739 1169 875 1203; x_wconf 87' lang='lat' dir='ltr'><strong>ohanne</strong></span> <span class='ocrx_word' id='word_1_166' title='bbox 895 1167 1017 1203; x_wconf 87' lang='lat' dir='ltr'><strong>Schaw</strong></span> <span class='ocrx_word' id='word_1_167' title='bbox 1030 1167 1173 1201; x_wconf 86' lang='lat' dir='ltr'><strong>domino</strong></span> <span class='ocrx_word' id='word_1_168' title='bbox 1186 1166 1228 1201; x_wconf 89' lang='lat' dir='ltr'><strong>de</strong></span> <span class='ocrx_word' id='word_1_169' title='bbox 1242 1165 1391 1213; x_wconf 83' lang='lat' dir='ltr'><strong>Haylee,</strong></span> <span class='ocrx_word' id='word_1_170' title='bbox 1410 1179 1449 1200; x_wconf 86' lang='lat' dir='ltr'><strong>ac</strong></span> <span class='ocrx_word' id='word_1_171' title='bbox 1464 1166 1581 1201; x_wconf 81' lang='lat' dir='ltr'><strong>inultis</strong></span> <span class='ocrx_word' id='word_1_172' title='bbox 1593 1166 1676 1200; x_wconf 86' lang='lat' dir='ltr'><strong>aliis.</strong></span> 
     </span>
    </p>
   </div>
   <div class='ocr_carea' id='block_1_3' title="bbox 205 1337 1080 1385">
    <p class='ocr_par' dir='ltr' id='par_1_3' title="bbox 205 1337 1080 1385">
     <span class='ocr_line' id='line_1_17' title="bbox 205 1337 1080 1385; baseline -0.006 -9"><span class='ocrx_word' id='word_1_173' title='bbox 205 1342 311 1376; x_wconf 86' lang='lat' dir='ltr'><strong>Carta</strong></span> <span class='ocrx_word' id='word_1_174' title='bbox 328 1340 466 1375; x_wconf 87' lang='lat' dir='ltr'><strong>licentie</strong></span> <span class='ocrx_word' id='word_1_175' title='bbox 485 1339 646 1374; x_wconf 86' lang='lat' dir='ltr'><strong>trahendi</strong></span> <span class='ocrx_word' id='word_1_176' title='bbox 665 1350 789 1384; x_wconf 84' lang='lat' dir='ltr'><strong>aquam</strong></span> <span class='ocrx_word' id='word_1_177' title='bbox 806 1350 868 1385; x_wconf 88' lang='lat' dir='ltr'><strong>per</strong></span> <span class='ocrx_word' id='word_1_178' title='bbox 888 1337 1080 1372; x_wconf 87' lang='lat' dir='ltr'><strong>Adamton.</strong></span> 
     </span>
    </p>
   </div>
   <div class='ocr_carea' id='block_1_4' title="bbox 198 1449 1677 2394">
    <p class='ocr_par' dir='ltr' id='par_1_4' title="bbox 198 1449 1677 2394">
     <span class='ocr_line' id='line_1_18' title="bbox 204 1449 1677 1499; baseline -0.004 -11"><span class='ocrx_word' id='word_1_179' title='bbox 204 1452 397 1488; x_wconf 81' lang='lat' dir='ltr'><strong>SCIANT</strong></span> <span class='ocrx_word' id='word_1_180' title='bbox 414 1450 590 1499; x_wconf 87' lang='lat' dir='ltr'><strong>presentes</strong></span> <span class='ocrx_word' id='word_1_181' title='bbox 621 1456 655 1485; x_wconf 89' lang='lat' dir='ltr'><strong>et</strong></span> <span class='ocrx_word' id='word_1_182' title='bbox 683 1450 791 1485; x_wconf 86' lang='lat' dir='ltr'><strong>futuri</strong></span> <span class='ocrx_word' id='word_1_183' title='bbox 809 1450 903 1496; x_wconf 89' lang='lat' dir='ltr'><strong>quod</strong></span> <span class='ocrx_word' id='word_1_184' title='bbox 922 1462 987 1495; x_wconf 83' lang='lat' dir='ltr'><strong>ego</strong></span> <span class='ocrx_word' id='word_1_185' title='bbox 1006 1449 1029 1485; x_wconf 89' lang='lat' dir='ltr'><strong>J</strong></span> <span class='ocrx_word' id='word_1_186' title='bbox 1032 1450 1186 1484; x_wconf 89' lang='lat' dir='ltr'><strong>ohannes</strong></span> <span class='ocrx_word' id='word_1_187' title='bbox 1204 1449 1307 1483; x_wconf 87' lang='lat' dir='ltr'><strong>Blare</strong></span> <span class='ocrx_word' id='word_1_188' title='bbox 1326 1450 1434 1489; x_wconf 88' lang='lat' dir='ltr'><strong>miles,</strong></span> <span class='ocrx_word' id='word_1_189' title='bbox 1455 1449 1616 1483; x_wconf 90' lang='lat' dir='ltr'><strong>dominus</strong></span> <span class='ocrx_word' id='word_1_190' title='bbox 1635 1449 1677 1482; x_wconf 89' lang='lat' dir='ltr'><strong>de</strong></span> 
     </span>
     <span class='ocr_line' id='line_1_19' title="bbox 205 1504 1677 1554; baseline -0.003 -10"><span class='ocrx_word' id='word_1_191' title='bbox 205 1510 388 1544; x_wconf 81' lang='lat' dir='ltr'><strong>Adamton</strong></span> <span class='ocrx_word' id='word_1_192' title='bbox 406 1509 442 1542; x_wconf 92' lang='lat' dir='ltr'><strong>in</strong></span> <span class='ocrx_word' id='word_1_193' title='bbox 464 1507 535 1554; x_wconf 85' lang='lat' dir='ltr'><strong>Kyl</strong></span> <span class='ocrx_word' id='word_1_194' title='bbox 556 1506 750 1546; x_wconf 86' lang='lat' dir='ltr'><strong>Senescalli,</strong></span> <span class='ocrx_word' id='word_1_195' title='bbox 771 1518 850 1540; x_wconf 90' lang='lat' dir='ltr'><strong>cum</strong></span> <span class='ocrx_word' id='word_1_196' title='bbox 869 1505 1033 1540; x_wconf 86' lang='lat' dir='ltr'><strong>consensu</strong></span> <span class='ocrx_word' id='word_1_197' title='bbox 1063 1511 1098 1540; x_wconf 92' lang='lat' dir='ltr'><strong>et</strong></span> <span class='ocrx_word' id='word_1_198' title='bbox 1125 1504 1256 1540; x_wconf 81' lang='lat' dir='ltr'><strong>affensu</strong></span> <span class='ocrx_word' id='word_1_199' title='bbox 1273 1505 1444 1541; x_wconf 85' lang='lat' dir='ltr'><strong>Johannis</strong></span> <span class='ocrx_word' id='word_1_200' title='bbox 1462 1505 1523 1539; x_wconf 90' lang='lat' dir='ltr'><strong>filii</strong></span> <span class='ocrx_word' id='word_1_201' title='bbox 1549 1506 1616 1539; x_wconf 90' lang='lat' dir='ltr'><strong>mei</strong></span> <span class='ocrx_word' id='word_1_202' title='bbox 1643 1510 1677 1539; x_wconf 88' lang='lat' dir='ltr'><strong>et</strong></span> 
     </span>
     <span class='ocr_line' id='line_1_20' title="bbox 203 1560 1676 1612; baseline -0.004 -12"><span class='ocrx_word' id='word_1_203' title='bbox 203 1566 339 1600; x_wconf 89' lang='lat' dir='ltr'><strong>heredis</strong></span> <span class='ocrx_word' id='word_1_204' title='bbox 357 1563 566 1612; x_wconf 87' lang='lat' dir='ltr'><strong>apparentis,</strong></span> <span class='ocrx_word' id='word_1_205' title='bbox 587 1563 632 1597; x_wconf 93' lang='lat' dir='ltr'><strong>do</strong></span> <span class='ocrx_word' id='word_1_206' title='bbox 651 1568 685 1597; x_wconf 91' lang='lat' dir='ltr'><strong>et</strong></span> <span class='ocrx_word' id='word_1_207' title='bbox 704 1562 858 1597; x_wconf 91' lang='lat' dir='ltr'><strong>concedo</strong></span> <span class='ocrx_word' id='word_1_208' title='bbox 877 1575 915 1596; x_wconf 84' lang='lat' dir='ltr'><strong>ac</strong></span> <span class='ocrx_word' id='word_1_209' title='bbox 933 1560 1081 1608; x_wconf 85' lang='lat' dir='ltr'><strong>presenti</strong></span> <span class='ocrx_word' id='word_1_210' title='bbox 1094 1567 1188 1596; x_wconf 86' lang='lat' dir='ltr'><strong>carta</strong></span> <span class='ocrx_word' id='word_1_211' title='bbox 1205 1574 1282 1595; x_wconf 86' lang='lat' dir='ltr'><strong>mea</strong></span> <span class='ocrx_word' id='word_1_212' title='bbox 1300 1561 1470 1595; x_wconf 85' lang='lat' dir='ltr'><strong>confirmo</strong></span> <span class='ocrx_word' id='word_1_213' title='bbox 1488 1574 1551 1608; x_wconf 90' lang='lat' dir='ltr'><strong>pro</strong></span> <span class='ocrx_word' id='word_1_214' title='bbox 1569 1560 1676 1595; x_wconf 84' lang='lat' dir='ltr'><strong>salute</strong></span> 
     </span>
     <span class='ocr_line' id='line_1_21' title="bbox 201 1615 1676 1666; baseline -0.003 -11"><span class='ocrx_word' id='word_1_215' title='bbox 201 1622 316 1656; x_wconf 85' lang='lat' dir='ltr'><strong>anime</strong></span> <span class='ocrx_word' id='word_1_216' title='bbox 337 1633 413 1654; x_wconf 91' lang='lat' dir='ltr'><strong>mee</strong></span> <span class='ocrx_word' id='word_1_217' title='bbox 432 1625 467 1653; x_wconf 90' lang='lat' dir='ltr'><strong>et</strong></span> <span class='ocrx_word' id='word_1_218' title='bbox 483 1632 548 1666; x_wconf 93' lang='lat' dir='ltr'><strong>pro</strong></span> <span class='ocrx_word' id='word_1_219' title='bbox 566 1619 674 1652; x_wconf 88' lang='lat' dir='ltr'><strong>salute</strong></span> <span class='ocrx_word' id='word_1_220' title='bbox 692 1618 806 1652; x_wconf 85' lang='lat' dir='ltr'><strong>anime</strong></span> <span class='ocrx_word' id='word_1_221' title='bbox 824 1618 930 1664; x_wconf 87' lang='lat' dir='ltr'><strong>patris</strong></span> <span class='ocrx_word' id='word_1_222' title='bbox 948 1618 1015 1651; x_wconf 90' lang='lat' dir='ltr'><strong>mei</strong></span> <span class='ocrx_word' id='word_1_223' title='bbox 1035 1622 1069 1651; x_wconf 91' lang='lat' dir='ltr'><strong>et</strong></span> <span class='ocrx_word' id='word_1_224' title='bbox 1087 1617 1206 1651; x_wconf 89' lang='lat' dir='ltr'><strong>matris</strong></span> <span class='ocrx_word' id='word_1_225' title='bbox 1224 1623 1257 1651; x_wconf 92' lang='lat' dir='ltr'><strong>et</strong></span> <span class='ocrx_word' id='word_1_226' title='bbox 1274 1630 1338 1664; x_wconf 90' lang='lat' dir='ltr'><strong>pro</strong></span> <span class='ocrx_word' id='word_1_227' title='bbox 1356 1617 1462 1651; x_wconf 86' lang='lat' dir='ltr'><strong>salute</strong></span> <span class='ocrx_word' id='word_1_228' title='bbox 1492 1615 1676 1651; x_wconf 86' lang='lat' dir='ltr'><strong>anteceffo-</strong></span> 
     </span>
     <span class='ocr_line' id='line_1_22' title="bbox 202 1672 1675 1719; baseline -0.004 -7"><span class='ocrx_word' id='word_1_229' title='bbox 202 1690 280 1712; x_wconf 88' lang='lat' dir='ltr'><strong>rum</strong></span> <span class='ocrx_word' id='word_1_230' title='bbox 294 1676 502 1715; x_wconf 86' lang='lat' dir='ltr'><strong>nostrorum,</strong></span> <span class='ocrx_word' id='word_1_231' title='bbox 523 1674 605 1708; x_wconf 92' lang='lat' dir='ltr'><strong>Deo</strong></span> <span class='ocrx_word' id='word_1_232' title='bbox 620 1679 655 1708; x_wconf 86' lang='lat' dir='ltr'><strong>et</strong></span> <span class='ocrx_word' id='word_1_233' title='bbox 668 1674 768 1708; x_wconf 87' lang='lat' dir='ltr'><strong>beate</strong></span> <span class='ocrx_word' id='word_1_234' title='bbox 785 1673 900 1707; x_wconf 90' lang='lat' dir='ltr'><strong>Marie</strong></span> <span class='ocrx_word' id='word_1_235' title='bbox 912 1673 1053 1719; x_wconf 81' lang='lat' dir='ltr'><strong>Virgini</strong></span> <span class='ocrx_word' id='word_1_236' title='bbox 1067 1679 1101 1707; x_wconf 88' lang='lat' dir='ltr'><strong>et</strong></span> <span class='ocrx_word' id='word_1_237' title='bbox 1114 1673 1216 1707; x_wconf 84' lang='lat' dir='ltr'><strong>beato</strong></span> <span class='ocrx_word' id='word_1_238' title='bbox 1233 1672 1367 1706; x_wconf 89' lang='lat' dir='ltr'><strong>Mirino</strong></span> <span class='ocrx_word' id='word_1_239' title='bbox 1383 1679 1416 1707; x_wconf 89' lang='lat' dir='ltr'><strong>et</strong></span> <span class='ocrx_word' id='word_1_240' title='bbox 1428 1672 1529 1706; x_wconf 84' lang='lat' dir='ltr'><strong>beato</strong></span> <span class='ocrx_word' id='word_1_241' title='bbox 1542 1672 1565 1708; x_wconf 88' lang='lat' dir='ltr'>J</span> <span class='ocrx_word' id='word_1_242' title='bbox 1568 1672 1675 1707; x_wconf 88' lang='lat' dir='ltr'><strong>acobo</strong></span> 
     </span>
     <span class='ocr_line' id='line_1_23' title="bbox 204 1727 1673 1776; baseline -0.003 -9"><span class='ocrx_word' id='word_1_243' title='bbox 204 1734 247 1768; x_wconf 87' lang='lat' dir='ltr'><strong>de</strong></span> <span class='ocrx_word' id='word_1_244' title='bbox 262 1731 432 1767; x_wconf 82' lang='lat' dir='ltr'><strong>Paffeleto</strong></span> <span class='ocrx_word' id='word_1_245' title='bbox 446 1736 479 1765; x_wconf 88' lang='lat' dir='ltr'><strong>et</strong></span> <span class='ocrx_word' id='word_1_246' title='bbox 493 1729 672 1764; x_wconf 87' lang='lat' dir='ltr'><strong>monachis</strong></span> <span class='ocrx_word' id='word_1_247' title='bbox 685 1729 812 1764; x_wconf 92' lang='lat' dir='ltr'><strong>ibidem</strong></span> <span class='ocrx_word' id='word_1_248' title='bbox 828 1729 910 1764; x_wconf 91' lang='lat' dir='ltr'><strong>Deo</strong></span> <span class='ocrx_word' id='word_1_249' title='bbox 921 1728 1148 1764; x_wconf 79' lang='lat' dir='ltr'><strong>servientibus</strong></span> <span class='ocrx_word' id='word_1_250' title='bbox 1166 1734 1199 1764; x_wconf 91' lang='lat' dir='ltr'><strong>et</strong></span> <span class='ocrx_word' id='word_1_251' title='bbox 1219 1729 1474 1776; x_wconf 88' lang='lat' dir='ltr'><strong>imperpetuum</strong></span> <span class='ocrx_word' id='word_1_252' title='bbox 1486 1727 1673 1768; x_wconf 84' lang='lat' dir='ltr'><strong>servituris,</strong></span> 
     </span>
     <span class='ocr_line' id='line_1_24' title="bbox 202 1784 1674 1834; baseline -0.003 -11"><span class='ocrx_word' id='word_1_253' title='bbox 202 1790 239 1823; x_wconf 90' lang='lat' dir='ltr'><strong>in</strong></span> <span class='ocrx_word' id='word_1_254' title='bbox 250 1789 406 1828; x_wconf 89' lang='lat' dir='ltr'><strong>liberam,</strong></span> <span class='ocrx_word' id='word_1_255' title='bbox 423 1799 557 1834; x_wconf 87' lang='lat' dir='ltr'><strong>puram,</strong></span> <span class='ocrx_word' id='word_1_256' title='bbox 572 1791 776 1833; x_wconf 88' lang='lat' dir='ltr'><strong>perpetuam</strong></span> <span class='ocrx_word' id='word_1_257' title='bbox 790 1784 1020 1825; x_wconf 86' lang='lat' dir='ltr'><strong>elemofinam‚</strong></span> <span class='ocrx_word' id='word_1_258' title='bbox 1036 1785 1211 1820; x_wconf 87' lang='lat' dir='ltr'><strong>licentiam</strong></span> <span class='ocrx_word' id='word_1_259' title='bbox 1226 1791 1260 1819; x_wconf 90' lang='lat' dir='ltr'><strong>et</strong></span> <span class='ocrx_word' id='word_1_260' title='bbox 1270 1785 1459 1833; x_wconf 84' lang='lat' dir='ltr'><strong>plenarian]</strong></span> <span class='ocrx_word' id='word_1_261' title='bbox 1472 1784 1674 1831; x_wconf 83' lang='lat' dir='ltr'><strong>potestatem</strong></span> 
     </span>
     <span class='ocr_line' id='line_1_25' title="bbox 203 1840 1673 1890; baseline -0.003 -11"><span class='ocrx_word' id='word_1_262' title='bbox 203 1845 364 1879; x_wconf 87' lang='lat' dir='ltr'><strong>trahendi</strong></span> <span class='ocrx_word' id='word_1_263' title='bbox 376 1856 500 1890; x_wconf 85' lang='lat' dir='ltr'><strong>aquam</strong></span> <span class='ocrx_word' id='word_1_264' title='bbox 514 1855 577 1890; x_wconf 93' lang='lat' dir='ltr'><strong>per</strong></span> <span class='ocrx_word' id='word_1_265' title='bbox 592 1842 721 1876; x_wconf 67' lang='lat' dir='ltr'><strong>dictam</strong></span> <span class='ocrx_word' id='word_1_266' title='bbox 733 1847 862 1876; x_wconf 88' lang='lat' dir='ltr'><strong>terram</strong></span> <span class='ocrx_word' id='word_1_267' title='bbox 874 1853 986 1875; x_wconf 89' lang='lat' dir='ltr'><strong>meam</strong></span> <span class='ocrx_word' id='word_1_268' title='bbox 1000 1841 1042 1875; x_wconf 89' lang='lat' dir='ltr'><strong>de</strong></span> <span class='ocrx_word' id='word_1_269' title='bbox 1051 1841 1231 1875; x_wconf 85' lang='lat' dir='ltr'><strong>Adamton</strong></span> <span class='ocrx_word' id='word_1_270' title='bbox 1243 1841 1287 1875; x_wconf 91' lang='lat' dir='ltr'><strong>ad</strong></span> <span class='ocrx_word' id='word_1_271' title='bbox 1299 1853 1419 1875; x_wconf 90' lang='lat' dir='ltr'><strong>eorum</strong></span> <span class='ocrx_word' id='word_1_272' title='bbox 1432 1840 1673 1875; x_wconf 87' lang='lat' dir='ltr'><strong>molendinum</strong></span> 
     </span>
     <span class='ocr_line' id='line_1_26' title="bbox 201 1896 1670 1946; baseline -0.004 -10"><span class='ocrx_word' id='word_1_273' title='bbox 201 1902 243 1936; x_wconf 90' lang='lat' dir='ltr'><strong>de</strong></span> <span class='ocrx_word' id='word_1_274' title='bbox 262 1900 443 1935; x_wconf 89' lang='lat' dir='ltr'><strong>Monkton</strong></span> <span class='ocrx_word' id='word_1_275' title='bbox 460 1912 523 1946; x_wconf 91' lang='lat' dir='ltr'><strong>per</strong></span> <span class='ocrx_word' id='word_1_276' title='bbox 540 1899 723 1945; x_wconf 88' lang='lat' dir='ltr'><strong>antiquum</strong></span> <span class='ocrx_word' id='word_1_277' title='bbox 741 1897 887 1932; x_wconf 67' lang='lat' dir='ltr'><strong>ductum</strong></span> <span class='ocrx_word' id='word_1_278' title='bbox 915 1910 1003 1943; x_wconf 88' lang='lat' dir='ltr'><strong>aque</strong></span> <span class='ocrx_word' id='word_1_279' title='bbox 1031 1897 1120 1931; x_wconf 86' lang='lat' dir='ltr'><strong>infra</strong></span> <span class='ocrx_word' id='word_1_280' title='bbox 1145 1902 1274 1931; x_wconf 83' lang='lat' dir='ltr'><strong>terram</strong></span> <span class='ocrx_word' id='word_1_281' title='bbox 1292 1909 1404 1931; x_wconf 87' lang='lat' dir='ltr'><strong>meam</strong></span> <span class='ocrx_word' id='word_1_282' title='bbox 1424 1896 1670 1936; x_wconf 65' lang='lat' dir='ltr'><strong>constructum,</strong></span> 
     </span>
     <span class='ocr_line' id='line_1_27' title="bbox 200 1951 1672 2004; baseline -0.004 -12"><span class='ocrx_word' id='word_1_283' title='bbox 200 1963 234 1992; x_wconf 92' lang='lat' dir='ltr'><strong>et</strong></span> <span class='ocrx_word' id='word_1_284' title='bbox 245 1957 356 2004; x_wconf 86' lang='lat' dir='ltr'><strong>ipsum</strong></span> <span class='ocrx_word' id='word_1_285' title='bbox 369 1956 517 1990; x_wconf 67' lang='lat' dir='ltr'><strong>ductum</strong></span> <span class='ocrx_word' id='word_1_286' title='bbox 532 1967 619 2000; x_wconf 89' lang='lat' dir='ltr'><strong>aque</strong></span> <span class='ocrx_word' id='word_1_287' title='bbox 634 1954 794 2000; x_wconf 89' lang='lat' dir='ltr'><strong>quotiens</strong></span> <span class='ocrx_word' id='word_1_288' title='bbox 807 1965 893 2000; x_wconf 90' lang='lat' dir='ltr'><strong>opus</strong></span> <span class='ocrx_word' id='word_1_289' title='bbox 905 1953 1008 1987; x_wconf 88' lang='lat' dir='ltr'><strong>fuerit</strong></span> <span class='ocrx_word' id='word_1_290' title='bbox 1020 1953 1215 2000; x_wconf 85' lang='lat' dir='ltr'><strong>reparandi,</strong></span> <span class='ocrx_word' id='word_1_291' title='bbox 1230 1956 1303 1999; x_wconf 90' lang='lat' dir='ltr'><strong>[et]</strong></span> <span class='ocrx_word' id='word_1_292' title='bbox 1317 1951 1386 1987; x_wconf 89' lang='lat' dir='ltr'><strong>fine</strong></span> <span class='ocrx_word' id='word_1_293' title='bbox 1400 1953 1516 1998; x_wconf 88' lang='lat' dir='ltr'><strong>aliquo</strong></span> <span class='ocrx_word' id='word_1_294' title='bbox 1531 1953 1672 2000; x_wconf 89' lang='lat' dir='ltr'><strong>impedi-</strong></span> 
     </span>
     <span class='ocr_line' id='line_1_28' title="bbox 199 2007 1671 2056; baseline -0.004 -8"><span class='ocrx_word' id='word_1_295' title='bbox 199 2018 330 2053; x_wconf 88' lang='lat' dir='ltr'><strong>mento,</strong></span> <span class='ocrx_word' id='word_1_296' title='bbox 351 2010 617 2046; x_wconf 86' lang='lat' dir='ltr'><strong>conturbatione</strong></span> <span class='ocrx_word' id='word_1_297' title='bbox 635 2010 693 2044; x_wconf 87' lang='lat' dir='ltr'><strong>seu</strong></span> <span class='ocrx_word' id='word_1_298' title='bbox 710 2009 972 2056; x_wconf 86' lang='lat' dir='ltr'><strong>perturbatione</strong></span> <span class='ocrx_word' id='word_1_299' title='bbox 991 2009 1131 2055; x_wconf 88' lang='lat' dir='ltr'><strong>aliquali</strong></span> <span class='ocrx_word' id='word_1_300' title='bbox 1148 2010 1227 2050; x_wconf 88' lang='lat' dir='ltr'><strong>mei,</strong></span> <span class='ocrx_word' id='word_1_301' title='bbox 1250 2009 1419 2044; x_wconf 88' lang='lat' dir='ltr'><strong>heredum</strong></span> <span class='ocrx_word' id='word_1_302' title='bbox 1437 2021 1595 2043; x_wconf 89' lang='lat' dir='ltr'><strong>meorum</strong></span> <span class='ocrx_word' id='word_1_303' title='bbox 1613 2007 1671 2043; x_wconf 90' lang='lat' dir='ltr'><strong>seu</strong></span> 
     </span>
     <span class='ocr_line' id='line_1_29' title="bbox 198 2064 1670 2115; baseline -0.003 -12"><span class='ocrx_word' id='word_1_304' title='bbox 198 2068 444 2115; x_wconf 84' lang='lat' dir='ltr'><strong>affignatorum</strong></span> <span class='ocrx_word' id='word_1_305' title='bbox 463 2066 670 2106; x_wconf 81' lang='lat' dir='ltr'><strong>nostrorum,</strong></span> <span class='ocrx_word' id='word_1_306' title='bbox 700 2066 743 2100; x_wconf 91' lang='lat' dir='ltr'><strong>de</strong></span> <span class='ocrx_word' id='word_1_307' title='bbox 775 2078 867 2100; x_wconf 88' lang='lat' dir='ltr'><strong>novo</strong></span> <span class='ocrx_word' id='word_1_308' title='bbox 887 2064 1117 2099; x_wconf 90' lang='lat' dir='ltr'><strong>construendi.</strong></span> <span class='ocrx_word' id='word_1_309' title='bbox 1170 2065 1381 2100; x_wconf 87' lang='lat' dir='ltr'><strong>Tenendum</strong></span> <span class='ocrx_word' id='word_1_310' title='bbox 1413 2071 1446 2100; x_wconf 93' lang='lat' dir='ltr'><strong>et</strong></span> <span class='ocrx_word' id='word_1_311' title='bbox 1473 2065 1670 2099; x_wconf 90' lang='lat' dir='ltr'><strong>habendum</strong></span> 
     </span>
     <span class='ocr_line' id='line_1_30' title="bbox 198 2119 1669 2171; baseline -0.003 -12"><span class='ocrx_word' id='word_1_312' title='bbox 198 2124 395 2171; x_wconf 86' lang='lat' dir='ltr'><strong>hujusmodi</strong></span> <span class='ocrx_word' id='word_1_313' title='bbox 415 2123 561 2157; x_wconf 61' lang='lat' dir='ltr'><strong>ductum</strong></span> <span class='ocrx_word' id='word_1_314' title='bbox 579 2135 667 2168; x_wconf 89' lang='lat' dir='ltr'><strong>aque</strong></span> <span class='ocrx_word' id='word_1_315' title='bbox 685 2121 774 2155; x_wconf 87' lang='lat' dir='ltr'><strong>infra</strong></span> <span class='ocrx_word' id='word_1_316' title='bbox 791 2126 920 2155; x_wconf 87' lang='lat' dir='ltr'><strong>terram</strong></span> <span class='ocrx_word' id='word_1_317' title='bbox 938 2133 1050 2154; x_wconf 84' lang='lat' dir='ltr'><strong>meam</strong></span> <span class='ocrx_word' id='word_1_318' title='bbox 1082 2121 1183 2155; x_wconf 62' lang='lat' dir='ltr'><strong>dietis</strong></span> <span class='ocrx_word' id='word_1_319' title='bbox 1200 2121 1283 2155; x_wconf 85' lang='lat' dir='ltr'><strong>viris</strong></span> <span class='ocrx_word' id='word_1_320' title='bbox 1300 2119 1464 2167; x_wconf 84' lang='lat' dir='ltr'><strong>religiofis</strong></span> <span class='ocrx_word' id='word_1_321' title='bbox 1490 2126 1524 2154; x_wconf 89' lang='lat' dir='ltr'><strong>et</strong></span> <span class='ocrx_word' id='word_1_322' title='bbox 1550 2133 1669 2155; x_wconf 89' lang='lat' dir='ltr'><strong>eorum</strong></span> 
     </span>
     <span class='ocr_line' id='line_1_31' title="bbox 199 2175 1670 2223; baseline -0.003 -9"><span class='ocrx_word' id='word_1_323' title='bbox 199 2178 441 2214; x_wconf 72' lang='lat' dir='ltr'><strong>suceefl&#39;oribus</strong></span> <span class='ocrx_word' id='word_1_324' title='bbox 460 2179 502 2213; x_wconf 91' lang='lat' dir='ltr'><strong>de</strong></span> <span class='ocrx_word' id='word_1_325' title='bbox 520 2191 576 2212; x_wconf 90' lang='lat' dir='ltr'><strong>me</strong></span> <span class='ocrx_word' id='word_1_326' title='bbox 596 2184 630 2212; x_wconf 89' lang='lat' dir='ltr'><strong>et</strong></span> <span class='ocrx_word' id='word_1_327' title='bbox 647 2177 833 2212; x_wconf 86' lang='lat' dir='ltr'><strong>heredibus</strong></span> <span class='ocrx_word' id='word_1_328' title='bbox 850 2177 935 2211; x_wconf 88' lang='lat' dir='ltr'><strong>meis</strong></span> <span class='ocrx_word' id='word_1_329' title='bbox 953 2176 1009 2211; x_wconf 88' lang='lat' dir='ltr'><strong>vel</strong></span> <span class='ocrx_word' id='word_1_330' title='bbox 1026 2175 1198 2223; x_wconf 85' lang='lat' dir='ltr'><strong>aflignatis</strong></span> <span class='ocrx_word' id='word_1_331' title='bbox 1222 2177 1259 2211; x_wconf 87' lang='lat' dir='ltr'><strong>in</strong></span> <span class='ocrx_word' id='word_1_332' title='bbox 1284 2176 1388 2211; x_wconf 91' lang='lat' dir='ltr'><strong>feodo</strong></span> <span class='ocrx_word' id='word_1_333' title='bbox 1415 2181 1449 2210; x_wconf 89' lang='lat' dir='ltr'><strong>et</strong></span> <span class='ocrx_word' id='word_1_334' title='bbox 1479 2176 1670 2210; x_wconf 79' lang='lat' dir='ltr'><strong>hereditate</strong></span> 
     </span>
     <span class='ocr_line' id='line_1_32' title="bbox 201 2230 1670 2281; baseline -0.002 -13"><span class='ocrx_word' id='word_1_335' title='bbox 201 2236 468 2281; x_wconf 88' lang='lat' dir='ltr'><strong>imperpetuum,</strong></span> <span class='ocrx_word' id='word_1_336' title='bbox 488 2234 575 2268; x_wconf 89' lang='lat' dir='ltr'><strong>adeo</strong></span> <span class='ocrx_word' id='word_1_337' title='bbox 595 2233 703 2268; x_wconf 88' lang='lat' dir='ltr'><strong>libere</strong></span> <span class='ocrx_word' id='word_1_338' title='bbox 722 2239 757 2267; x_wconf 94' lang='lat' dir='ltr'><strong>et</strong></span> <span class='ocrx_word' id='word_1_339' title='bbox 774 2233 890 2279; x_wconf 87' lang='lat' dir='ltr'><strong>quiete</strong></span> <span class='ocrx_word' id='word_1_340' title='bbox 908 2231 991 2266; x_wconf 83' lang='lat' dir='ltr'><strong>ficut</strong></span> <span class='ocrx_word' id='word_1_341' title='bbox 1009 2232 1123 2278; x_wconf 87' lang='lat' dir='ltr'><strong>aliqua</strong></span> <span class='ocrx_word' id='word_1_342' title='bbox 1140 2231 1322 2266; x_wconf 89' lang='lat' dir='ltr'><strong>confimilis</strong></span> <span class='ocrx_word' id='word_1_343' title='bbox 1334 2230 1517 2266; x_wconf 77' lang='lat' dir='ltr'><strong>elemosina</strong></span> <span class='ocrx_word' id='word_1_344' title='bbox 1530 2231 1670 2265; x_wconf 90' lang='lat' dir='ltr'><strong>liberius</strong></span> 
     </span>
     <span class='ocr_line' id='line_1_33' title="bbox 200 2288 1667 2338; baseline -0.003 -12"><span class='ocrx_word' id='word_1_345' title='bbox 200 2305 238 2326; x_wconf 88' lang='lat' dir='ltr'><strong>ac</strong></span> <span class='ocrx_word' id='word_1_346' title='bbox 250 2292 399 2337; x_wconf 88' lang='lat' dir='ltr'><strong>quietius</strong></span> <span class='ocrx_word' id='word_1_347' title='bbox 411 2292 499 2325; x_wconf 88' lang='lat' dir='ltr'><strong>infra</strong></span> <span class='ocrx_word' id='word_1_348' title='bbox 513 2304 661 2338; x_wconf 84' lang='lat' dir='ltr'><strong>regnum</strong></span> <span class='ocrx_word' id='word_1_349' title='bbox 676 2291 791 2326; x_wconf 83' lang='lat' dir='ltr'><strong>Scotie</strong></span> <span class='ocrx_word' id='word_1_350' title='bbox 806 2290 964 2329; x_wconf 88' lang='lat' dir='ltr'><strong>habetur,</strong></span> <span class='ocrx_word' id='word_1_351' title='bbox 984 2294 1124 2323; x_wconf 84' lang='lat' dir='ltr'><strong>tenetur</strong></span> <span class='ocrx_word' id='word_1_352' title='bbox 1137 2288 1196 2324; x_wconf 89' lang='lat' dir='ltr'><strong>seu</strong></span> <span class='ocrx_word' id='word_1_353' title='bbox 1209 2288 1397 2336; x_wconf 84' lang='lat' dir='ltr'><strong>poffidetur</strong></span> <span class='ocrx_word' id='word_1_354' title='bbox 1411 2288 1667 2334; x_wconf 85' lang='lat' dir='ltr'><strong>quoquomodo.</strong></span> 
     </span>
     <span class='ocr_line' id='line_1_34' title="bbox 200 2343 1668 2394; baseline -0.005 -10"><span class='ocrx_word' id='word_1_355' title='bbox 200 2348 247 2384; x_wconf 88' lang='lat' dir='ltr'><strong>Et</strong></span> <span class='ocrx_word' id='word_1_356' title='bbox 265 2360 330 2394; x_wconf 84' lang='lat' dir='ltr'><strong>ego</strong></span> <span class='ocrx_word' id='word_1_357' title='bbox 348 2360 432 2383; x_wconf 84' lang='lat' dir='ltr'><strong>vero</strong></span> <span class='ocrx_word' id='word_1_358' title='bbox 451 2347 564 2382; x_wconf 67' lang='lat' dir='ltr'><strong>dictus</strong></span> <span class='ocrx_word' id='word_1_359' title='bbox 581 2347 605 2383; x_wconf 85' lang='lat' dir='ltr'>J</span> <span class='ocrx_word' id='word_1_360' title='bbox 607 2348 761 2382; x_wconf 88' lang='lat' dir='ltr'><strong>ohannes</strong></span> <span class='ocrx_word' id='word_1_361' title='bbox 792 2352 825 2381; x_wconf 88' lang='lat' dir='ltr'><strong>et</strong></span> <span class='ocrx_word' id='word_1_362' title='bbox 853 2345 998 2381; x_wconf 87' lang='lat' dir='ltr'><strong>heredes</strong></span> <span class='ocrx_word' id='word_1_363' title='bbox 1029 2345 1097 2380; x_wconf 87' lang='lat' dir='ltr'><strong>mei</strong></span> <span class='ocrx_word' id='word_1_364' title='bbox 1126 2345 1322 2391; x_wconf 64' lang='lat' dir='ltr'><strong>predictum</strong></span> <span class='ocrx_word' id='word_1_365' title='bbox 1355 2345 1499 2379; x_wconf 67' lang='lat' dir='ltr'><strong>ductum</strong></span> <span class='ocrx_word' id='word_1_366' title='bbox 1528 2355 1614 2389; x_wconf 85' lang='lat' dir='ltr'><strong>aque</strong></span> <span class='ocrx_word' id='word_1_367' title='bbox 1633 2343 1668 2377; x_wconf 91' lang='lat' dir='ltr'><strong>in</strong></span> 
     </span>
    </p>
   </div>
  </div>
 </body>
</html>
