1839 2652
179 290 248 322 208
580 284 895 320 REGISTRUM
926 285 1265 322 MONASTERII

182 384 245 418 tris
262 382 386 430 prefati
405 379 553 427 religiofi
572 386 607 416 et
626 393 747 416 eorum
767 379 974 416 successores
991 381 1087 416 illam
1105 380 1275 418 summam
1292 385 1447 432 quinque
1465 386 1663 423 celdrarum

183 439 293 473 farine
311 437 490 472 avenatice
508 436 595 471 solvi
613 436 825 477 consuetam,
853 437 897 471 ad
925 436 1209 473 sustentationem
1227 439 1368 475 illorum
1399 442 1459 488 qui
1486 456 1551 489 pro
1578 450 1664 479 tem-

181 507 266 542 pore
284 494 415 528 fuerint
431 493 554 540 vigiles
572 494 609 527 in
627 493 735 528 castro
754 493 870 527 nostro
890 494 933 528 de
961 494 1186 536 Dunbertan,
1214 509 1279 543 pro
1311 498 1408 532 omni
1426 498 1494 533 alio
1512 499 1662 542 servitio,

183 549 446 590 consuetudine,
479 550 664 585 exactione
695 548 754 584 seu
785 549 969 592 demanda,
1007 557 1231 599 preterquam
1263 553 1433 589 duntaxat
1465 556 1663 592 orationum

182 606 342 653 suffragia
360 606 580 641 devotarum.
634 606 755 647 Quare
768 606 974 654 justiciariis,
1002 608 1275 650 vicecomitibus,
1303 609 1497 657 burgorum
1516 612 1664 660 prepofi-

182 663 226 697 tis
244 668 279 697 et
297 675 421 697 eorum
439 661 588 703 ballivis,
617 661 808 709 ceterisque
838 663 962 698 nostris
991 669 1026 698 et
1056 664 1225 699 heredum
1244 665 1399 700 nostrum
1419 667 1580 702 ministris
1605 670 1664 716 qui

184 732 248 767 pro
266 724 426 766 tempore
444 718 587 759 fuerint,
618 719 739 753 damus
771 724 894 754 tenore
924 719 1137 767 presentium
1166 721 1313 756 firmiter
1342 722 1379 756 in
1409 724 1591 765 mandatis,
1620 738 1664 760 ne

182 776 332 822 aliquem
351 775 545 810 incolarum
565 775 620 810 vel
639 775 897 811 husbandorum
917 777 1090 811 dictarum
1109 783 1295 818 terrarum,
1324 778 1360 812 in
1379 779 1523 814 liberam
1542 781 1665 828 regali·

183 838 290 867 tatem
309 837 343 866 et
360 831 541 866 baroniam
576 844 639 878 per
667 845 731 866 nos
760 838 800 866 ut
829 833 1045 879 premittitur
1076 833 1312 875 redacta-rum,
1338 835 1382 869 ad
1408 836 1663 882 perhibendum

183 894 282 923 extra
300 888 411 923 dietas
428 893 539 922 terras
557 887 791 922 testimonium
811 889 927 935 aliquo
946 890 1052 924 modo
1068 890 1280 937 compellant
1294 891 1337 926 de
1352 898 1480 933 cetero,
1500 899 1560 927 aut
1574 892 1663 941 ipsos

180 945 237 980 vel
255 958 377 980 eorum
396 944 546 991 aliquem
566 950 690 979 contra
707 945 853 979 formam
874 951 968 980 carte
986 945 1101 980 nostre
1119 946 1397 982 confirmationis
1416 954 1450 983 et
1468 961 1561 984 nove
1581 963 1662 984 con-

181 1000 336 1036 ceffionis
355 1001 397 1035 de
416 1000 531 1035 nostra
547 999 684 1048 speciali
702 1002 815 1047 gratia
827 1015 890 1049 per
908 1014 972 1036 nos
987 1001 1154 1043 concesse,
1171 1016 1310 1044 vexare,
1325 1017 1484 1050 gravare,
1501 1005 1560 1040 seu
1578 1019 1662 1053 quo-

180 1058 358 1104 quomodo
377 1058 571 1104 inquietare
589 1057 800 1104 presumant,
829 1058 889 1093 sub
908 1059 1004 1093 omni
1023 1071 1113 1105 pena
1130 1072 1197 1105 que
1212 1059 1293 1094 inde
1312 1060 1436 1095 debeat
1454 1067 1515 1096 aut
1532 1063 1663 1109 poterit

178 1114 377 1162 provenire.
431 1113 475 1148 In
496 1113 595 1161 cujus
613 1114 663 1148 rei
681 1113 915 1149 testimonium
934 1114 1085 1161 presenti
1115 1120 1210 1150 carte
1238 1115 1353 1151 nostre
1384 1117 1661 1153 confirmationis

181 1176 216 1205 et
233 1183 324 1205 nove
343 1168 567 1204 concessionis
587 1169 742 1204 nostrum
760 1171 889 1218 apponi
907 1170 1055 1217 {igillum
1079 1171 1308 1218 precepimus.
1361 1171 1521 1208 Testibus
1539 1187 1662 1209 vener-

180 1226 327 1261 abilibus
345 1227 381 1260 in
401 1225 539 1261 Christo
557 1226 714 1273 patribus
734 1225 910 1267 Wilelmo,
927 1233 961 1262 et
979 1227 1001 1263 J
1005 1227 1143 1261 ohanne
1163 1227 1372 1262 cancellario
1390 1229 1519 1270 nostro,
1541 1230 1661 1266 Sancti

179 1284 326 1319 Andree
345 1289 380 1318 et
395 1282 655 1318 Dunkeldenfis
669 1282 889 1318 ecclefiarum
905 1283 1082 1331 episcopis,
1102 1283 1125 1318 J
1128 1283 1267 1318 ohanne
1286 1284 1524 1331 primogenito
1544 1286 1660 1322 nostro

180 1341 223 1375 de
243 1340 380 1387 Carryk
398 1338 583 1374 senescallo
603 1339 730 1381 Scotie‚
761 1340 921 1374 Roberto
953 1340 995 1374 de
1024 1339 1095 1386 Fyf
1118 1345 1152 1373 et
1183 1339 1226 1374 de
1260 1339 1426 1375 Menteth
1452 1342 1525 1376 filio
1544 1343 1660 1378 nostro

180 1397 321 1437 dilecto,
343 1396 508 1430 Wilelmo
527 1396 570 1430 de
589 1395 751 1442 Douglas
770 1402 804 1430 et
823 1397 865 1431 de
885 1396 988 1431 Marr
1018 1394 1277 1442 consanguineo
1303 1397 1430 1438 nostro,
1463 1399 1658 1441 comitibus,

179 1453 314 1489 Jacobo
333 1453 376 1487 de
395 1451 558 1500 Lyndsay
576 1461 705 1499 nepote
723 1452 840 1487 nostro
859 1452 1038 1494 cariffimo,
1056 1458 1090 1487 et
1110 1453 1317 1487 Alexandro
1337 1454 1379 1488 de
1399 1454 1561 1503 Lyndsay
1579 1469 1659 1491 con-

179 1509 370 1556 sanguineo
388 1508 517 1550 nostro,
537 1509 714 1549 militibus,
742 1510 837 1556 apud
859 1509 1092 1557 Kyndrochyt
1119 1508 1278 1544 vicelimo
1296 1508 1443 1557 septimo
1462 1511 1517 1546 die
1536 1511 1658 1546 meniis

181 1565 349 1600 octobris
367 1578 461 1600 anno
479 1565 579 1612 regni
597 1565 703 1600 nostri
721 1565 868 1600 decimo.

178 1736 314 1771 Littera
332 1735 374 1770 de
392 1735 618 1770 tribulatione
636 1740 810 1770 terrarum
830 1735 872 1770 de
893 1734 1081 1783 Kylpatrik
1098 1748 1161 1782 per
1179 1735 1324 1770 castrum
1344 1736 1387 1770 de
1406 1735 1631 1772 Dunbertan.

179 1848 457 1884 ROBERTUS
475 1847 678 1883 senescallus
697 1848 825 1889 Scotie‚
851 1847 968 1882 locum
986 1852 1110 1882 tenens
1128 1848 1261 1882 domini
1280 1848 1385 1882 nostri
1405 1848 1525 1895 Regis,
1554 1849 1657 1885 V1ce-

177 1905 296 1940 comiti
314 1904 411 1940 castri
430 1905 472 1938 de
492 1904 715 1945 Dunbertan,
735 1903 880 1939 salutem
899 1910 934 1939 et
951 1916 1106 1938 amorem
1126 1903 1318 1951 specialem.
1371 1905 1560 1952 Conquesti
1578 1906 1657 1942 sunt

178 1962 277 1996 nobis
301 1960 449 2007 religiofi
468 1961 533 1995 viri
553 1961 673 1995 Abbas
704 1966 739 1995 et
769 1966 964 1995 conventus
991 1959 1189 1994 monasterii
1220 1960 1262 1995 de
1295 1959 1442 1995 Paffelet
1459 1962 1553 2008 quod
1572 1963 1656 1997 olim

178 2020 270 2052 inter
287 2030 349 2052 vos
368 2030 411 2051 ex
428 2025 526 2064 parte
544 2030 615 2051 una
633 2023 667 2051 et
685 2017 762 2051 illos
780 2030 822 2051 ex
841 2017 951 2051 altera
969 2017 1083 2051 extitit
1101 2022 1315 2051 conventum
1343 2023 1377 2051 et
1404 2018 1655 2053 concordatum

179 2074 272 2120 quod
292 2074 451 2108 homines
468 2073 518 2108 sui
537 2079 647 2108 terras
665 2073 739 2108 suas
758 2073 991 2107 inhabitantes
1018 2073 1108 2107 infra
1124 2073 1407 2108 vicecomitatum
1426 2074 1469 2109 de
1488 2074 1656 2110 Levenax

179 2131 352 2177 quandam
371 2129 539 2164 summam
558 2130 668 2164 farine
683 2129 879 2164 custodibus
897 2129 993 2164 castri
1012 2130 1054 2164 de
1069 2129 1282 2164 Dunbertan
1300 2128 1440 2177 lingulis
1458 2131 1571 2175 annis,
1591 2145 1656 2179 pro

179 2187 275 2220 omni
293 2187 489 2227 exactione,
517 2186 621 2221 talliis
640 2192 674 2221 et
692 2186 848 2221 collectis
865 2200 933 2232 que
951 2186 993 2220 ab
1011 2185 1087 2234 ipfis
1105 2187 1197 2233 exigi
1227 2192 1406 2234 poterunt,
1438 2184 1572 2223 solvere
1598 2189 1655 2223 de-

178 2243 303 2276 berent
319 2256 328 2284 3
362 2248 396 2276 et
414 2255 476 2277 vos
494 2242 753 2283 nichilominus,
774 2242 942 2290 prefatam
961 2242 1129 2277 summam
1148 2243 1258 2277 farine
1272 2242 1441 2284 levantes,
1458 2242 1546 2290 ipsos
1563 2244 1656 2278 ultra

179 2299 448 2334 conventionem
468 2300 638 2347 prefatam
656 2299 878 2347 perturbatis,
911 2312 1033 2333 eorum
1046 2304 1190 2341 Amartas,
1218 2299 1365 2333 farinam
1385 2305 1419 2333 et
1437 2299 1593 2334 braseum
1620 2307 1656 2335 et

177 2355 260 2390 alias
278 2367 332 2390 res
350 2354 424 2389 suas
441 2355 591 2391 levando
623 2362 657 2390 et
687 2356 868 2403 capiendo.
922 2355 1042 2397 Quare
1060 2355 1159 2392 vobis
1177 2368 1220 2390 ex
1238 2360 1337 2403 parte
1355 2355 1471 2390 nostra
1488 2355 1654 2403 supplica-
