<?xml version="1.0" encoding="UTF-8"?>
<!DOCTYPE html PUBLIC "-//W3C//DTD XHTML 1.0 Transitional//EN"
    "http://www.w3.org/TR/xhtml1/DTD/xhtml1-transitional.dtd">
<html xmlns="http://www.w3.org/1999/xhtml" xml:lang="en" lang="en">
 <head>
  <title>
</title>
<meta http-equiv="Content-Type" content="text/html;charset=utf-8" />
  <meta name='ocr-system' content='tesseract 3.04.00' />
  <meta name='ocr-capabilities' content='ocr_page ocr_carea ocr_par ocr_line ocrx_word'/>
</head>
<body>
  <div class='ocr_page' id='page_1' title='image "./registrummonaste00mait_0370.png"; bbox 0 0 1870 2683; ppageno 0'>
   <div class='ocr_carea' id='block_1_1' title="bbox 209 270 1286 306">
    <p class='ocr_par' dir='ltr' id='par_1_1' title="bbox 209 270 1286 306">
     <span class='ocr_line' id='line_1_1' title="bbox 209 270 1286 306; baseline 0.001 -1"><span class='ocrx_word' id='word_1_1' title='bbox 209 275 278 306; x_wconf 68' lang='lat'>1310</span> <span class='ocrx_word' id='word_1_2' title='bbox 606 270 919 305; x_wconf 88' lang='lat' dir='ltr'><strong>REGISTRUM</strong></span> <span class='ocrx_word' id='word_1_3' title='bbox 950 270 1286 306; x_wconf 88' lang='lat' dir='ltr'><strong>MONASTERII</strong></span> 
     </span>
    </p>
   </div>
   <div class='ocr_carea' id='block_1_2' title="bbox 204 365 1749 2375">
    <p class='ocr_par' dir='ltr' id='par_1_2' title="bbox 204 365 1749 2375">
     <span class='ocr_line' id='line_1_2' title="bbox 213 365 1693 413; baseline 0.001 -12"><span class='ocrx_word' id='word_1_4' title='bbox 213 374 269 401; x_wconf 87' lang='lat' dir='ltr'>tor</span> <span class='ocrx_word' id='word_1_5' title='bbox 288 366 483 401; x_wconf 85' lang='lat' dir='ltr'>monasterii</span> <span class='ocrx_word' id='word_1_6' title='bbox 502 366 603 400; x_wconf 90' lang='lat' dir='ltr'>vestri</span> <span class='ocrx_word' id='word_1_7' title='bbox 620 366 718 400; x_wconf 85' lang='lat' dir='ltr'>vobis</span> <span class='ocrx_word' id='word_1_8' title='bbox 737 367 772 400; x_wconf 91' lang='lat' dir='ltr'>in</span> <span class='ocrx_word' id='word_1_9' title='bbox 790 365 862 413; x_wconf 88' lang='lat' dir='ltr'>ipso</span> <span class='ocrx_word' id='word_1_10' title='bbox 883 366 961 401; x_wconf 90' lang='lat' dir='ltr'>lacu</span> <span class='ocrx_word' id='word_1_11' title='bbox 979 367 1152 409; x_wconf 82' lang='lat' dir='ltr'>contulit3</span> <span class='ocrx_word' id='word_1_12' title='bbox 1190 366 1237 401; x_wconf 88' lang='lat' dir='ltr'>Et</span> <span class='ocrx_word' id='word_1_13' title='bbox 1263 371 1372 401; x_wconf 86' lang='lat' dir='ltr'>totam</span> <span class='ocrx_word' id='word_1_14' title='bbox 1391 372 1521 402; x_wconf 83' lang='lat' dir='ltr'>terram</span> <span class='ocrx_word' id='word_1_15' title='bbox 1543 368 1585 403; x_wconf 91' lang='lat' dir='ltr'>de</span> <span class='ocrx_word' id='word_1_16' title='bbox 1606 369 1693 403; x_wconf 85' lang='lat' dir='ltr'>Peu-</span> 
     </span>
     <span class='ocr_line' id='line_1_3' title="bbox 213 421 1694 469; baseline -0.001 -11"><span class='ocrx_word' id='word_1_17' title='bbox 213 424 275 458; x_wconf 86' lang='lat' dir='ltr'>uld</span> <span class='ocrx_word' id='word_1_18' title='bbox 295 435 374 457; x_wconf 91' lang='lat' dir='ltr'>cum</span> <span class='ocrx_word' id='word_1_19' title='bbox 391 422 611 469; x_wconf 80' lang='lat' dir='ltr'>pertinentiis</span> <span class='ocrx_word' id='word_1_20' title='bbox 646 421 712 456; x_wconf 86' lang='lat' dir='ltr'>suis</span> <span class='ocrx_word' id='word_1_21' title='bbox 743 434 810 468; x_wconf 89' lang='lat' dir='ltr'>que</span> <span class='ocrx_word' id='word_1_22' title='bbox 843 422 970 456; x_wconf 89' lang='lat' dir='ltr'>dicitur</span> <span class='ocrx_word' id='word_1_23' title='bbox 1000 422 1144 462; x_wconf 84' lang='lat' dir='ltr'>Fulton,</span> <span class='ocrx_word' id='word_1_24' title='bbox 1172 421 1256 456; x_wconf 86' lang='lat' dir='ltr'>ficut</span> <span class='ocrx_word' id='word_1_25' title='bbox 1275 435 1351 456; x_wconf 85' lang='lat' dir='ltr'>eam</span> <span class='ocrx_word' id='word_1_26' title='bbox 1368 422 1544 468; x_wconf 84' lang='lat' dir='ltr'>quondam</span> <span class='ocrx_word' id='word_1_27' title='bbox 1564 423 1694 458; x_wconf 90' lang='lat' dir='ltr'>Henri-</span> 
     </span>
     <span class='ocr_line' id='line_1_4' title="bbox 215 476 1694 514; baseline -0.001 -1"><span class='ocrx_word' id='word_1_28' title='bbox 215 492 274 514; x_wconf 85' lang='lat' dir='ltr'>cus</span> <span class='ocrx_word' id='word_1_29' title='bbox 293 479 335 512; x_wconf 90' lang='lat' dir='ltr'>de</span> <span class='ocrx_word' id='word_1_30' title='bbox 355 478 486 512; x_wconf 68' lang='lat' dir='ltr'>Sanesto</span> <span class='ocrx_word' id='word_1_31' title='bbox 507 477 666 512; x_wconf 88' lang='lat' dir='ltr'>Martino</span> <span class='ocrx_word' id='word_1_32' title='bbox 686 478 728 512; x_wconf 89' lang='lat' dir='ltr'>de</span> <span class='ocrx_word' id='word_1_33' title='bbox 747 476 879 512; x_wconf 87' lang='lat' dir='ltr'>assensu</span> <span class='ocrx_word' id='word_1_34' title='bbox 898 478 1031 511; x_wconf 87' lang='lat' dir='ltr'>domini</span> <span class='ocrx_word' id='word_1_35' title='bbox 1052 477 1102 512; x_wconf 90' lang='lat' dir='ltr'>sui</span> <span class='ocrx_word' id='word_1_36' title='bbox 1121 477 1328 512; x_wconf 81' lang='lat' dir='ltr'>monasterio</span> <span class='ocrx_word' id='word_1_37' title='bbox 1346 477 1455 512; x_wconf 87' lang='lat' dir='ltr'>vestro</span> <span class='ocrx_word' id='word_1_38' title='bbox 1471 478 1596 512; x_wconf 89' lang='lat' dir='ltr'>dicitur</span> <span class='ocrx_word' id='word_1_39' title='bbox 1615 492 1694 513; x_wconf 86' lang='lat' dir='ltr'>con-</span> 
     </span>
     <span class='ocr_line' id='line_1_5' title="bbox 215 531 1696 580; baseline 0 -13"><span class='ocrx_word' id='word_1_40' title='bbox 215 531 351 574; x_wconf 80' lang='lat' dir='ltr'>tulifl&#39;e3</span> <span class='ocrx_word' id='word_1_41' title='bbox 381 531 428 565; x_wconf 89' lang='lat' dir='ltr'>Et</span> <span class='ocrx_word' id='word_1_42' title='bbox 445 537 576 566; x_wconf 83' lang='lat' dir='ltr'>terram</span> <span class='ocrx_word' id='word_1_43' title='bbox 595 532 690 566; x_wconf 84' lang='lat' dir='ltr'>fitam</span> <span class='ocrx_word' id='word_1_44' title='bbox 711 532 803 566; x_wconf 90' lang='lat' dir='ltr'>inter</span> <span class='ocrx_word' id='word_1_45' title='bbox 822 532 930 566; x_wconf 82' lang='lat' dir='ltr'>Mach</span> <span class='ocrx_word' id='word_1_46' title='bbox 949 539 984 567; x_wconf 92' lang='lat' dir='ltr'>et</span> <span class='ocrx_word' id='word_1_47' title='bbox 999 532 1177 568; x_wconf 88' lang='lat' dir='ltr'>Caldouer</span> <span class='ocrx_word' id='word_1_48' title='bbox 1195 546 1275 568; x_wconf 90' lang='lat' dir='ltr'>cum</span> <span class='ocrx_word' id='word_1_49' title='bbox 1293 534 1513 580; x_wconf 80' lang='lat' dir='ltr'>pertinentiis</span> <span class='ocrx_word' id='word_1_50' title='bbox 1530 533 1619 576; x_wconf 80' lang='lat' dir='ltr'>suis;</span> <span class='ocrx_word' id='word_1_51' title='bbox 1649 534 1696 568; x_wconf 88' lang='lat' dir='ltr'>Et</span> 
     </span>
     <span class='ocr_line' id='line_1_6' title="bbox 216 586 1697 636; baseline 0.002 -15"><span class='ocrx_word' id='word_1_52' title='bbox 216 594 349 635; x_wconf 86' lang='lat' dir='ltr'>partem</span> <span class='ocrx_word' id='word_1_53' title='bbox 368 587 464 621; x_wconf 84' lang='lat' dir='ltr'>illam</span> <span class='ocrx_word' id='word_1_54' title='bbox 482 593 576 622; x_wconf 90' lang='lat' dir='ltr'>terre</span> <span class='ocrx_word' id='word_1_55' title='bbox 594 588 653 622; x_wconf 88' lang='lat' dir='ltr'>ubi</span> <span class='ocrx_word' id='word_1_56' title='bbox 673 588 915 622; x_wconf 85' lang='lat' dir='ltr'>molendinum</span> <span class='ocrx_word' id='word_1_57' title='bbox 930 588 973 623; x_wconf 90' lang='lat' dir='ltr'>de</span> <span class='ocrx_word' id='word_1_58' title='bbox 994 586 1140 623; x_wconf 84' lang='lat' dir='ltr'>Paffelet</span> <span class='ocrx_word' id='word_1_59' title='bbox 1158 588 1258 623; x_wconf 90' lang='lat' dir='ltr'>fitum</span> <span class='ocrx_word' id='word_1_60' title='bbox 1274 588 1330 629; x_wconf 89' lang='lat' dir='ltr'>est,</span> <span class='ocrx_word' id='word_1_61' title='bbox 1350 601 1412 636; x_wconf 88' lang='lat' dir='ltr'>per</span> <span class='ocrx_word' id='word_1_62' title='bbox 1427 594 1538 624; x_wconf 86' lang='lat' dir='ltr'>certas</span> <span class='ocrx_word' id='word_1_63' title='bbox 1549 595 1659 624; x_wconf 86' lang='lat' dir='ltr'>metas</span> <span class='ocrx_word' id='word_1_64' title='bbox 1677 604 1697 624; x_wconf 90' lang='lat' dir='ltr'>a</span> 
     </span>
     <span class='ocr_line' id='line_1_7' title="bbox 217 643 1697 691; baseline 0.001 -13"><span class='ocrx_word' id='word_1_65' title='bbox 217 645 312 678; x_wconf 66' lang='lat' dir='ltr'>dicto</span> <span class='ocrx_word' id='word_1_66' title='bbox 333 643 529 679; x_wconf 85' lang='lat' dir='ltr'>Senescallo</span> <span class='ocrx_word' id='word_1_67' title='bbox 547 644 645 678; x_wconf 87' lang='lat' dir='ltr'>vobis</span> <span class='ocrx_word' id='word_1_68' title='bbox 663 645 719 691; x_wconf 88' lang='lat' dir='ltr'>pia</span> <span class='ocrx_word' id='word_1_69' title='bbox 737 644 898 679; x_wconf 85' lang='lat' dir='ltr'>libertate</span> <span class='ocrx_word' id='word_1_70' title='bbox 917 644 1108 680; x_wconf 73' lang='lat' dir='ltr'>concessam</span> <span class='ocrx_word' id='word_1_71' title='bbox 1123 660 1132 688; x_wconf 91' lang='lat'>;</span> <span class='ocrx_word' id='word_1_72' title='bbox 1170 645 1217 680; x_wconf 91' lang='lat' dir='ltr'>Et</span> <span class='ocrx_word' id='word_1_73' title='bbox 1235 650 1365 680; x_wconf 80' lang='lat' dir='ltr'>terram</span> <span class='ocrx_word' id='word_1_74' title='bbox 1382 645 1477 680; x_wconf 86' lang='lat' dir='ltr'>ultra</span> <span class='ocrx_word' id='word_1_75' title='bbox 1498 645 1587 680; x_wconf 90' lang='lat' dir='ltr'>Kert</span> <span class='ocrx_word' id='word_1_76' title='bbox 1604 647 1697 681; x_wconf 90' lang='lat' dir='ltr'>inter</span> 
     </span>
     <span class='ocr_line' id='line_1_8' title="bbox 218 699 1696 747; baseline 0.001 -13"><span class='ocrx_word' id='word_1_77' title='bbox 218 700 372 747; x_wconf 85' lang='lat' dir='ltr'>Espedar</span> <span class='ocrx_word' id='word_1_78' title='bbox 391 706 425 734; x_wconf 91' lang='lat' dir='ltr'>et</span> <span class='ocrx_word' id='word_1_79' title='bbox 442 700 635 747; x_wconf 89' lang='lat' dir='ltr'>Aldpatrik</span> <span class='ocrx_word' id='word_1_80' title='bbox 653 699 737 735; x_wconf 85' lang='lat' dir='ltr'>ficut</span> <span class='ocrx_word' id='word_1_81' title='bbox 755 701 847 735; x_wconf 88' lang='lat' dir='ltr'>idem</span> <span class='ocrx_word' id='word_1_82' title='bbox 862 700 1076 735; x_wconf 71' lang='lat' dir='ltr'>senescallus</span> <span class='ocrx_word' id='word_1_83' title='bbox 1090 701 1188 735; x_wconf 89' lang='lat' dir='ltr'>vobis</span> <span class='ocrx_word' id='word_1_84' title='bbox 1206 701 1300 735; x_wconf 82' lang='lat' dir='ltr'>illam</span> <span class='ocrx_word' id='word_1_85' title='bbox 1317 702 1424 742; x_wconf 87' lang='lat' dir='ltr'>dedit,</span> <span class='ocrx_word' id='word_1_86' title='bbox 1441 714 1520 736; x_wconf 87' lang='lat' dir='ltr'>cum</span> <span class='ocrx_word' id='word_1_87' title='bbox 1535 702 1696 736; x_wconf 80' lang='lat' dir='ltr'>omnibus</span> 
     </span>
     <span class='ocr_line' id='line_1_9' title="bbox 217 756 1698 804; baseline 0.001 -14"><span class='ocrx_word' id='word_1_88' title='bbox 217 756 434 791; x_wconf 84' lang='lat' dir='ltr'>libertatibus</span> <span class='ocrx_word' id='word_1_89' title='bbox 453 762 487 791; x_wconf 92' lang='lat' dir='ltr'>et</span> <span class='ocrx_word' id='word_1_90' title='bbox 513 756 706 791; x_wconf 85' lang='lat' dir='ltr'>afiamentis</span> <span class='ocrx_word' id='word_1_91' title='bbox 733 758 768 791; x_wconf 89' lang='lat' dir='ltr'>in</span> <span class='ocrx_word' id='word_1_92' title='bbox 796 757 926 791; x_wconf 86' lang='lat' dir='ltr'>forestis</span> <span class='ocrx_word' id='word_1_93' title='bbox 952 756 1053 804; x_wconf 89' lang='lat' dir='ltr'>ipfius</span> <span class='ocrx_word' id='word_1_94' title='bbox 1080 758 1123 792; x_wconf 91' lang='lat' dir='ltr'>de</span> <span class='ocrx_word' id='word_1_95' title='bbox 1152 756 1298 792; x_wconf 82' lang='lat' dir='ltr'>Paffelet</span> <span class='ocrx_word' id='word_1_96' title='bbox 1325 764 1359 792; x_wconf 88' lang='lat' dir='ltr'>et</span> <span class='ocrx_word' id='word_1_97' title='bbox 1385 758 1429 792; x_wconf 87' lang='lat' dir='ltr'>de</span> <span class='ocrx_word' id='word_1_98' title='bbox 1456 758 1698 793; x_wconf 82' lang='lat' dir='ltr'>Seneschathir</span> 
     </span>
     <span class='ocr_line' id='line_1_10' title="bbox 216 813 1697 862; baseline 0.002 -16"><span class='ocrx_word' id='word_1_99' title='bbox 216 818 323 859; x_wconf 89' lang='lat' dir='ltr'>prout</span> <span class='ocrx_word' id='word_1_100' title='bbox 340 813 377 847; x_wconf 89' lang='lat' dir='ltr'>in</span> <span class='ocrx_word' id='word_1_101' title='bbox 395 813 496 860; x_wconf 89' lang='lat' dir='ltr'>ipfius</span> <span class='ocrx_word' id='word_1_102' title='bbox 515 814 713 848; x_wconf 85' lang='lat' dir='ltr'>donationis</span> <span class='ocrx_word' id='word_1_103' title='bbox 739 813 864 848; x_wconf 85' lang='lat' dir='ltr'>litteris</span> <span class='ocrx_word' id='word_1_104' title='bbox 883 814 1009 848; x_wconf 89' lang='lat' dir='ltr'>dicitur</span> <span class='ocrx_word' id='word_1_105' title='bbox 1037 814 1208 848; x_wconf 83' lang='lat' dir='ltr'>contineri</span> <span class='ocrx_word' id='word_1_106' title='bbox 1223 828 1232 856; x_wconf 89' lang='lat'>;</span> <span class='ocrx_word' id='word_1_107' title='bbox 1270 814 1317 848; x_wconf 88' lang='lat' dir='ltr'>Et</span> <span class='ocrx_word' id='word_1_108' title='bbox 1344 819 1473 849; x_wconf 88' lang='lat' dir='ltr'>terram</span> <span class='ocrx_word' id='word_1_109' title='bbox 1500 815 1594 862; x_wconf 91' lang='lat' dir='ltr'>apud</span> <span class='ocrx_word' id='word_1_110' title='bbox 1613 814 1697 849; x_wconf 84' lang='lat' dir='ltr'>Car-</span> 
     </span>
     <span class='ocr_line' id='line_1_11' title="bbox 218 868 1697 918; baseline 0.003 -16"><span class='ocrx_word' id='word_1_111' title='bbox 218 868 328 903; x_wconf 88' lang='lat' dir='ltr'>nebro</span> <span class='ocrx_word' id='word_1_112' title='bbox 347 882 449 915; x_wconf 89' lang='lat' dir='ltr'>quam</span> <span class='ocrx_word' id='word_1_113' title='bbox 468 869 601 904; x_wconf 88' lang='lat' dir='ltr'>habetis</span> <span class='ocrx_word' id='word_1_114' title='bbox 620 882 662 904; x_wconf 86' lang='lat' dir='ltr'>ex</span> <span class='ocrx_word' id='word_1_115' title='bbox 681 870 775 904; x_wconf 89' lang='lat' dir='ltr'>dono</span> <span class='ocrx_word' id='word_1_116' title='bbox 790 870 967 915; x_wconf 81' lang='lat' dir='ltr'>quondam</span> <span class='ocrx_word' id='word_1_117' title='bbox 983 870 1133 906; x_wconf 64' lang='lat' dir='ltr'>Uctredi</span> <span class='ocrx_word' id='word_1_118' title='bbox 1147 872 1209 905; x_wconf 92' lang='lat' dir='ltr'>filii</span> <span class='ocrx_word' id='word_1_119' title='bbox 1228 872 1358 918; x_wconf 81' lang='lat' dir='ltr'>Pagani</span> <span class='ocrx_word' id='word_1_120' title='bbox 1374 886 1383 914; x_wconf 83' lang='lat'><em>3</em></span> <span class='ocrx_word' id='word_1_121' title='bbox 1414 872 1461 906; x_wconf 90' lang='lat' dir='ltr'>Et</span> <span class='ocrx_word' id='word_1_122' title='bbox 1474 877 1602 906; x_wconf 89' lang='lat' dir='ltr'>terram</span> <span class='ocrx_word' id='word_1_123' title='bbox 1618 885 1697 906; x_wconf 86' lang='lat' dir='ltr'>cum</span> 
     </span>
     <span class='ocr_line' id='line_1_12' title="bbox 220 925 1698 975; baseline 0.001 -16"><span class='ocrx_word' id='word_1_124' title='bbox 220 926 438 971; x_wconf 83' lang='lat' dir='ltr'>pertinentiis</span> <span class='ocrx_word' id='word_1_125' title='bbox 456 925 522 960; x_wconf 86' lang='lat' dir='ltr'>suis</span> <span class='ocrx_word' id='word_1_126' title='bbox 541 939 645 972; x_wconf 87' lang='lat' dir='ltr'>quam</span> <span class='ocrx_word' id='word_1_127' title='bbox 664 926 871 960; x_wconf 87' lang='lat' dir='ltr'>monasterio</span> <span class='ocrx_word' id='word_1_128' title='bbox 890 927 1001 961; x_wconf 86' lang='lat' dir='ltr'>vestro</span> <span class='ocrx_word' id='word_1_129' title='bbox 1020 928 1169 962; x_wconf 88' lang='lat' dir='ltr'>contulit</span> <span class='ocrx_word' id='word_1_130' title='bbox 1187 928 1280 975; x_wconf 83' lang='lat' dir='ltr'>apud</span> <span class='ocrx_word' id='word_1_131' title='bbox 1295 928 1394 963; x_wconf 85' lang='lat' dir='ltr'>Orde</span> <span class='ocrx_word' id='word_1_132' title='bbox 1413 928 1590 974; x_wconf 88' lang='lat' dir='ltr'>quondam</span> <span class='ocrx_word' id='word_1_133' title='bbox 1604 928 1698 962; x_wconf 81' lang='lat' dir='ltr'>Wal-</span> 
     </span>
     <span class='ocr_line' id='line_1_13' title="bbox 220 981 1697 1030; baseline 0.002 -15"><span class='ocrx_word' id='word_1_134' title='bbox 220 988 316 1016; x_wconf 88' lang='lat' dir='ltr'>terus</span> <span class='ocrx_word' id='word_1_135' title='bbox 334 982 449 1016; x_wconf 59' lang='lat' dir='ltr'>dictus</span> <span class='ocrx_word' id='word_1_136' title='bbox 468 981 669 1024; x_wconf 76' lang='lat' dir='ltr'>Murdhae3</span> <span class='ocrx_word' id='word_1_137' title='bbox 700 982 746 1016; x_wconf 83' lang='lat' dir='ltr'>Et</span> <span class='ocrx_word' id='word_1_138' title='bbox 764 995 921 1016; x_wconf 89' lang='lat' dir='ltr'>annuum</span> <span class='ocrx_word' id='word_1_139' title='bbox 940 984 1115 1017; x_wconf 87' lang='lat' dir='ltr'>redditum</span> <span class='ocrx_word' id='word_1_140' title='bbox 1142 984 1246 1018; x_wconf 92' lang='lat' dir='ltr'>unius</span> <span class='ocrx_word' id='word_1_141' title='bbox 1273 983 1389 1018; x_wconf 85' lang='lat' dir='ltr'>celdre</span> <span class='ocrx_word' id='word_1_142' title='bbox 1407 984 1575 1018; x_wconf 86' lang='lat' dir='ltr'>frumenti</span> <span class='ocrx_word' id='word_1_143' title='bbox 1593 997 1697 1030; x_wconf 88' lang='lat' dir='ltr'>quem</span> 
     </span>
     <span class='ocr_line' id='line_1_14' title="bbox 218 1038 1697 1085; baseline 0.002 -14"><span class='ocrx_word' id='word_1_144' title='bbox 218 1038 396 1085; x_wconf 81' lang='lat' dir='ltr'>percipitis</span> <span class='ocrx_word' id='word_1_145' title='bbox 414 1051 457 1072; x_wconf 84' lang='lat' dir='ltr'>ex</span> <span class='ocrx_word' id='word_1_146' title='bbox 475 1039 664 1073; x_wconf 81' lang='lat' dir='ltr'>donatione</span> <span class='ocrx_word' id='word_1_147' title='bbox 683 1039 860 1085; x_wconf 87' lang='lat' dir='ltr'>quondam</span> <span class='ocrx_word' id='word_1_148' title='bbox 882 1039 1021 1073; x_wconf 83' lang='lat' dir='ltr'>Patricii</span> <span class='ocrx_word' id='word_1_149' title='bbox 1040 1040 1174 1074; x_wconf 88' lang='lat' dir='ltr'>comitis</span> <span class='ocrx_word' id='word_1_150' title='bbox 1193 1040 1236 1074; x_wconf 86' lang='lat' dir='ltr'>de</span> <span class='ocrx_word' id='word_1_151' title='bbox 1255 1039 1442 1082; x_wconf 86' lang='lat' dir='ltr'>Dumber;</span> <span class='ocrx_word' id='word_1_152' title='bbox 1476 1039 1523 1074; x_wconf 89' lang='lat' dir='ltr'>Et</span> <span class='ocrx_word' id='word_1_153' title='bbox 1540 1053 1697 1074; x_wconf 86' lang='lat' dir='ltr'>annuum</span> 
     </span>
     <span class='ocr_line' id='line_1_15' title="bbox 220 1095 1699 1143; baseline 0.001 -15"><span class='ocrx_word' id='word_1_154' title='bbox 220 1095 396 1129; x_wconf 86' lang='lat' dir='ltr'>redditum</span> <span class='ocrx_word' id='word_1_155' title='bbox 415 1095 519 1129; x_wconf 88' lang='lat' dir='ltr'>unius</span> <span class='ocrx_word' id='word_1_156' title='bbox 537 1095 654 1129; x_wconf 90' lang='lat' dir='ltr'>celdre</span> <span class='ocrx_word' id='word_1_157' title='bbox 672 1095 839 1129; x_wconf 85' lang='lat' dir='ltr'>frumenti</span> <span class='ocrx_word' id='word_1_158' title='bbox 859 1101 894 1129; x_wconf 93' lang='lat' dir='ltr'>et</span> <span class='ocrx_word' id='word_1_159' title='bbox 912 1096 1053 1130; x_wconf 86' lang='lat' dir='ltr'>dimidie</span> <span class='ocrx_word' id='word_1_160' title='bbox 1078 1096 1218 1130; x_wconf 86' lang='lat' dir='ltr'>marche</span> <span class='ocrx_word' id='word_1_161' title='bbox 1244 1096 1381 1142; x_wconf 82' lang='lat' dir='ltr'>argenti</span> <span class='ocrx_word' id='word_1_162' title='bbox 1399 1109 1501 1142; x_wconf 84' lang='lat' dir='ltr'>quen]</span> <span class='ocrx_word' id='word_1_163' title='bbox 1521 1097 1614 1143; x_wconf 83' lang='lat' dir='ltr'>apud</span> <span class='ocrx_word' id='word_1_164' title='bbox 1633 1097 1699 1130; x_wconf 83' lang='lat' dir='ltr'>Ca-</span> 
     </span>
     <span class='ocr_line' id='line_1_16' title="bbox 221 1151 1698 1198; baseline 0.001 -14"><span class='ocrx_word' id='word_1_165' title='bbox 221 1151 315 1185; x_wconf 85' lang='lat' dir='ltr'>diow</span> <span class='ocrx_word' id='word_1_166' title='bbox 333 1164 376 1185; x_wconf 86' lang='lat' dir='ltr'>ex</span> <span class='ocrx_word' id='word_1_167' title='bbox 394 1151 489 1185; x_wconf 90' lang='lat' dir='ltr'>dono</span> <span class='ocrx_word' id='word_1_168' title='bbox 507 1151 686 1197; x_wconf 84' lang='lat' dir='ltr'>quondam</span> <span class='ocrx_word' id='word_1_169' title='bbox 707 1151 857 1185; x_wconf 84' lang='lat' dir='ltr'>Roberti</span> <span class='ocrx_word' id='word_1_170' title='bbox 876 1152 919 1186; x_wconf 91' lang='lat' dir='ltr'>de</span> <span class='ocrx_word' id='word_1_171' title='bbox 938 1151 1134 1186; x_wconf 88' lang='lat' dir='ltr'>Londoniis</span> <span class='ocrx_word' id='word_1_172' title='bbox 1153 1152 1268 1186; x_wconf 86' lang='lat' dir='ltr'>fratris</span> <span class='ocrx_word' id='word_1_173' title='bbox 1286 1152 1462 1197; x_wconf 89' lang='lat' dir='ltr'>quondam</span> <span class='ocrx_word' id='word_1_174' title='bbox 1483 1152 1592 1198; x_wconf 78' lang='lat' dir='ltr'>Regis</span> <span class='ocrx_word' id='word_1_175' title='bbox 1619 1152 1698 1186; x_wconf 83' lang='lat' dir='ltr'>Seo-</span> 
     </span>
     <span class='ocr_line' id='line_1_17' title="bbox 222 1206 1701 1255; baseline 0.001 -15"><span class='ocrx_word' id='word_1_176' title='bbox 222 1207 268 1240; x_wconf 88' lang='lat' dir='ltr'>tie</span> <span class='ocrx_word' id='word_1_177' title='bbox 288 1206 473 1249; x_wconf 87' lang='lat' dir='ltr'>obtinetis;</span> <span class='ocrx_word' id='word_1_178' title='bbox 508 1207 554 1241; x_wconf 83' lang='lat' dir='ltr'>Et</span> <span class='ocrx_word' id='word_1_179' title='bbox 572 1220 730 1242; x_wconf 82' lang='lat' dir='ltr'>annuum</span> <span class='ocrx_word' id='word_1_180' title='bbox 750 1208 926 1242; x_wconf 89' lang='lat' dir='ltr'>redditum</span> <span class='ocrx_word' id='word_1_181' title='bbox 945 1208 1049 1242; x_wconf 88' lang='lat' dir='ltr'>unius</span> <span class='ocrx_word' id='word_1_182' title='bbox 1076 1208 1215 1242; x_wconf 83' lang='lat' dir='ltr'>marche</span> <span class='ocrx_word' id='word_1_183' title='bbox 1242 1208 1378 1254; x_wconf 81' lang='lat' dir='ltr'>argenti</span> <span class='ocrx_word' id='word_1_184' title='bbox 1396 1220 1499 1253; x_wconf 88' lang='lat' dir='ltr'>quem</span> <span class='ocrx_word' id='word_1_185' title='bbox 1525 1209 1701 1255; x_wconf 77' lang='lat' dir='ltr'>percipitis</span> 
     </span>
     <span class='ocr_line' id='line_1_18' title="bbox 222 1262 1700 1310; baseline 0.001 -14"><span class='ocrx_word' id='word_1_186' title='bbox 222 1263 315 1309; x_wconf 86' lang='lat' dir='ltr'>apud</span> <span class='ocrx_word' id='word_1_187' title='bbox 343 1262 504 1297; x_wconf 90' lang='lat' dir='ltr'>Kilbride</span> <span class='ocrx_word' id='word_1_188' title='bbox 523 1276 567 1297; x_wconf 81' lang='lat' dir='ltr'>ex</span> <span class='ocrx_word' id='word_1_189' title='bbox 585 1264 679 1298; x_wconf 91' lang='lat' dir='ltr'>dono</span> <span class='ocrx_word' id='word_1_190' title='bbox 698 1264 877 1310; x_wconf 88' lang='lat' dir='ltr'>quondam</span> <span class='ocrx_word' id='word_1_191' title='bbox 905 1263 1057 1310; x_wconf 82' lang='lat' dir='ltr'>Philippi</span> <span class='ocrx_word' id='word_1_192' title='bbox 1076 1264 1119 1297; x_wconf 93' lang='lat' dir='ltr'>de</span> <span class='ocrx_word' id='word_1_193' title='bbox 1138 1263 1274 1297; x_wconf 83' lang='lat' dir='ltr'>Valons</span> <span class='ocrx_word' id='word_1_194' title='bbox 1290 1278 1299 1306; x_wconf 89' lang='lat'>;</span> <span class='ocrx_word' id='word_1_195' title='bbox 1337 1263 1393 1298; x_wconf 84' lang='lat' dir='ltr'>Ex</span> <span class='ocrx_word' id='word_1_196' title='bbox 1411 1264 1506 1297; x_wconf 91' lang='lat' dir='ltr'>dono</span> <span class='ocrx_word' id='word_1_197' title='bbox 1524 1264 1700 1309; x_wconf 84' lang='lat' dir='ltr'>quondam</span> 
     </span>
     <span class='ocr_line' id='line_1_19' title="bbox 225 1318 1702 1367; baseline 0.002 -15"><span class='ocrx_word' id='word_1_198' title='bbox 225 1318 432 1354; x_wconf 90' lang='lat' dir='ltr'>Maldoveni</span> <span class='ocrx_word' id='word_1_199' title='bbox 451 1319 587 1353; x_wconf 84' lang='lat' dir='ltr'>comitis</span> <span class='ocrx_word' id='word_1_200' title='bbox 606 1319 649 1353; x_wconf 90' lang='lat' dir='ltr'>de</span> <span class='ocrx_word' id='word_1_201' title='bbox 668 1319 817 1354; x_wconf 84' lang='lat' dir='ltr'>Lennax</span> <span class='ocrx_word' id='word_1_202' title='bbox 834 1319 1014 1366; x_wconf 83' lang='lat' dir='ltr'>piscariam</span> <span class='ocrx_word' id='word_1_203' title='bbox 1033 1319 1135 1367; x_wconf 87' lang='lat' dir='ltr'>super</span> <span class='ocrx_word' id='word_1_204' title='bbox 1153 1333 1275 1366; x_wconf 88' lang='lat' dir='ltr'>aquam</span> <span class='ocrx_word' id='word_1_205' title='bbox 1297 1320 1339 1354; x_wconf 90' lang='lat' dir='ltr'>de</span> <span class='ocrx_word' id='word_1_206' title='bbox 1362 1320 1498 1367; x_wconf 86' lang='lat' dir='ltr'>Lewyn</span> <span class='ocrx_word' id='word_1_207' title='bbox 1525 1333 1592 1367; x_wconf 91' lang='lat' dir='ltr'>que</span> <span class='ocrx_word' id='word_1_208' title='bbox 1619 1321 1702 1355; x_wconf 88' lang='lat' dir='ltr'>Lin-</span> 
     </span>
     <span class='ocr_line' id='line_1_20' title="bbox 222 1376 1702 1424; baseline 0.001 -15"><span class='ocrx_word' id='word_1_209' title='bbox 222 1376 309 1409; x_wconf 90' lang='lat' dir='ltr'>bren</span> <span class='ocrx_word' id='word_1_210' title='bbox 326 1381 484 1416; x_wconf 87' lang='lat' dir='ltr'>vocatur,</span> <span class='ocrx_word' id='word_1_211' title='bbox 515 1389 593 1410; x_wconf 92' lang='lat' dir='ltr'>cum</span> <span class='ocrx_word' id='word_1_212' title='bbox 613 1381 709 1410; x_wconf 86' lang='lat' dir='ltr'>terra</span> <span class='ocrx_word' id='word_1_213' title='bbox 726 1389 793 1422; x_wconf 87' lang='lat' dir='ltr'>que</span> <span class='ocrx_word' id='word_1_214' title='bbox 814 1376 909 1423; x_wconf 85' lang='lat' dir='ltr'>jacet</span> <span class='ocrx_word' id='word_1_215' title='bbox 935 1377 1026 1411; x_wconf 90' lang='lat' dir='ltr'>inter</span> <span class='ocrx_word' id='word_1_216' title='bbox 1052 1377 1247 1424; x_wconf 63' lang='lat' dir='ltr'>predictam</span> <span class='ocrx_word' id='word_1_217' title='bbox 1274 1376 1452 1424; x_wconf 84' lang='lat' dir='ltr'>piscariam</span> <span class='ocrx_word' id='word_1_218' title='bbox 1480 1382 1514 1411; x_wconf 94' lang='lat' dir='ltr'>et</span> <span class='ocrx_word' id='word_1_219' title='bbox 1541 1390 1702 1424; x_wconf 81' lang='lat' dir='ltr'>magnam</span> 
     </span>
     <span class='ocr_line' id='line_1_21' title="bbox 224 1431 1704 1481; baseline 0.002 -16"><span class='ocrx_word' id='word_1_220' title='bbox 224 1433 314 1466; x_wconf 79' lang='lat' dir='ltr'>viam</span> <span class='ocrx_word' id='word_1_221' title='bbox 334 1445 397 1479; x_wconf 92' lang='lat' dir='ltr'>per</span> <span class='ocrx_word' id='word_1_222' title='bbox 415 1445 519 1478; x_wconf 92' lang='lat' dir='ltr'>quam</span> <span class='ocrx_word' id='word_1_223' title='bbox 538 1433 608 1467; x_wconf 89' lang='lat' dir='ltr'>itur</span> <span class='ocrx_word' id='word_1_224' title='bbox 626 1433 720 1480; x_wconf 84' lang='lat' dir='ltr'>apud</span> <span class='ocrx_word' id='word_1_225' title='bbox 735 1433 960 1467; x_wconf 87' lang='lat' dir='ltr'>Dumbertan</span> <span class='ocrx_word' id='word_1_226' title='bbox 978 1432 1062 1468; x_wconf 86' lang='lat' dir='ltr'>ficut</span> <span class='ocrx_word' id='word_1_227' title='bbox 1081 1433 1179 1467; x_wconf 90' lang='lat' dir='ltr'>vobis</span> <span class='ocrx_word' id='word_1_228' title='bbox 1198 1446 1272 1467; x_wconf 87' lang='lat' dir='ltr'>eam</span> <span class='ocrx_word' id='word_1_229' title='bbox 1292 1431 1482 1480; x_wconf 80' lang='lat' dir='ltr'>affignavit,</span> <span class='ocrx_word' id='word_1_230' title='bbox 1502 1447 1581 1468; x_wconf 89' lang='lat' dir='ltr'>cum</span> <span class='ocrx_word' id='word_1_231' title='bbox 1600 1435 1704 1481; x_wconf 87' lang='lat' dir='ltr'>perti-</span> 
     </span>
     <span class='ocr_line' id='line_1_22' title="bbox 224 1488 1703 1536; baseline 0.001 -15"><span class='ocrx_word' id='word_1_232' title='bbox 224 1488 356 1522; x_wconf 88' lang='lat' dir='ltr'>nenciis</span> <span class='ocrx_word' id='word_1_233' title='bbox 374 1488 463 1531; x_wconf 82' lang='lat' dir='ltr'>suis3</span> <span class='ocrx_word' id='word_1_234' title='bbox 498 1489 545 1523; x_wconf 82' lang='lat' dir='ltr'>Et</span> <span class='ocrx_word' id='word_1_235' title='bbox 563 1494 673 1523; x_wconf 84' lang='lat' dir='ltr'>terras</span> <span class='ocrx_word' id='word_1_236' title='bbox 692 1502 772 1523; x_wconf 89' lang='lat' dir='ltr'>cum</span> <span class='ocrx_word' id='word_1_237' title='bbox 790 1489 1012 1536; x_wconf 83' lang='lat' dir='ltr'>pertinentiis</span> <span class='ocrx_word' id='word_1_238' title='bbox 1039 1488 1107 1523; x_wconf 80' lang='lat' dir='ltr'>luis</span> <span class='ocrx_word' id='word_1_239' title='bbox 1133 1501 1217 1534; x_wconf 86' lang='lat' dir='ltr'>quas</span> <span class='ocrx_word' id='word_1_240' title='bbox 1243 1488 1376 1523; x_wconf 84' lang='lat' dir='ltr'>habetis</span> <span class='ocrx_word' id='word_1_241' title='bbox 1401 1489 1439 1523; x_wconf 91' lang='lat' dir='ltr'>in</span> <span class='ocrx_word' id='word_1_242' title='bbox 1465 1489 1632 1523; x_wconf 81' lang='lat' dir='ltr'>comitatu</span> <span class='ocrx_word' id='word_1_243' title='bbox 1661 1490 1703 1523; x_wconf 89' lang='lat' dir='ltr'>de</span> 
     </span>
     <span class='ocr_line' id='line_1_23' title="bbox 226 1543 1704 1592; baseline 0 -14"><span class='ocrx_word' id='word_1_244' title='bbox 226 1543 375 1578; x_wconf 78' lang='lat' dir='ltr'>Lennax</span> <span class='ocrx_word' id='word_1_245' title='bbox 398 1557 465 1590; x_wconf 83' lang='lat' dir='ltr'>que</span> <span class='ocrx_word' id='word_1_246' title='bbox 485 1545 748 1592; x_wconf 83' lang='lat' dir='ltr'>Coupmanach,</span> <span class='ocrx_word' id='word_1_247' title='bbox 778 1545 1019 1585; x_wconf 85' lang='lat' dir='ltr'>Edinbernan,</span> <span class='ocrx_word' id='word_1_248' title='bbox 1041 1544 1215 1584; x_wconf 82' lang='lat' dir='ltr'>Bacchan,</span> <span class='ocrx_word' id='word_1_249' title='bbox 1244 1544 1444 1585; x_wconf 83' lang='lat' dir='ltr'>Finbelach,</span> <span class='ocrx_word' id='word_1_250' title='bbox 1474 1544 1704 1590; x_wconf 64' lang='lat' dir='ltr'>Cragbrecta-</span> 
     </span>
     <span class='ocr_line' id='line_1_24' title="bbox 207 1600 1704 1647; baseline 0.001 -14"><span class='ocrx_word' id='word_1_251' title='bbox 207 1640 208 1645; x_wconf 17' lang='lat'>¹</span> <span class='ocrx_word' id='word_1_252' title='bbox 226 1601 313 1640; x_wconf 85' lang='lat' dir='ltr'>lach,</span> <span class='ocrx_word' id='word_1_253' title='bbox 336 1600 559 1641; x_wconf 88' lang='lat' dir='ltr'>Druncrene,</span> <span class='ocrx_word' id='word_1_254' title='bbox 582 1601 836 1640; x_wconf 80' lang='lat' dir='ltr'>Dallenenach,</span> <span class='ocrx_word' id='word_1_255' title='bbox 858 1600 1136 1640; x_wconf 85' lang='lat' dir='ltr'>Drumtoucher,</span> <span class='ocrx_word' id='word_1_256' title='bbox 1166 1600 1487 1646; x_wconf 63' lang='lat' dir='ltr'>Drumteyglunam</span> <span class='ocrx_word' id='word_1_257' title='bbox 1504 1600 1704 1647; x_wconf 67' lang='lat' dir='ltr'>Drumdey-</span> 
     </span>
     <span class='ocr_line' id='line_1_25' title="bbox 204 1650 1704 1703; baseline 0.001 -14"><span class='ocrx_word' id='word_1_258' title='bbox 204 1650 208 1699; x_wconf 52' lang='lat' dir='ltr'>J&#39;</span> <span class='ocrx_word' id='word_1_259' title='bbox 227 1656 337 1696; x_wconf 81' lang='lat' dir='ltr'>nanis,</span> <span class='ocrx_word' id='word_1_260' title='bbox 367 1655 533 1703; x_wconf 86' lang='lat' dir='ltr'>Cultbwy</span> <span class='ocrx_word' id='word_1_261' title='bbox 552 1662 587 1690; x_wconf 86' lang='lat' dir='ltr'>et</span> <span class='ocrx_word' id='word_1_262' title='bbox 607 1656 774 1703; x_wconf 81' lang='lat' dir='ltr'>Reynfod</span> <span class='ocrx_word' id='word_1_263' title='bbox 793 1656 984 1702; x_wconf 79' lang='lat' dir='ltr'>vulgariter</span> <span class='ocrx_word' id='word_1_264' title='bbox 1010 1661 1272 1702; x_wconf 83' lang='lat' dir='ltr'>nuncupantur,</span> <span class='ocrx_word' id='word_1_265' title='bbox 1300 1654 1384 1690; x_wconf 80' lang='lat' dir='ltr'>licut</span> <span class='ocrx_word' id='word_1_266' title='bbox 1411 1656 1447 1690; x_wconf 91' lang='lat' dir='ltr'>in</span> <span class='ocrx_word' id='word_1_267' title='bbox 1473 1656 1597 1690; x_wconf 85' lang='lat' dir='ltr'>litteris</span> <span class='ocrx_word' id='word_1_268' title='bbox 1624 1657 1704 1691; x_wconf 89' lang='lat' dir='ltr'>inde</span> 
     </span>
     <span class='ocr_line' id='line_1_26' title="bbox 228 1711 1704 1759; baseline 0 -14"><span class='ocrx_word' id='word_1_269' title='bbox 228 1712 396 1746; x_wconf 65' lang='lat' dir='ltr'>confectis</span> <span class='ocrx_word' id='word_1_270' title='bbox 414 1712 550 1759; x_wconf 77' lang='lat' dir='ltr'>plenius</span> <span class='ocrx_word' id='word_1_271' title='bbox 569 1712 697 1746; x_wconf 88' lang='lat' dir='ltr'>dicitur</span> <span class='ocrx_word' id='word_1_272' title='bbox 715 1713 912 1755; x_wconf 86' lang='lat' dir='ltr'>contineri;</span> <span class='ocrx_word' id='word_1_273' title='bbox 951 1712 998 1746; x_wconf 79' lang='lat' dir='ltr'>Et</span> <span class='ocrx_word' id='word_1_274' title='bbox 1023 1717 1134 1745; x_wconf 82' lang='lat' dir='ltr'>totam</span> <span class='ocrx_word' id='word_1_275' title='bbox 1152 1717 1281 1746; x_wconf 87' lang='lat' dir='ltr'>terram</span> <span class='ocrx_word' id='word_1_276' title='bbox 1300 1723 1404 1757; x_wconf 89' lang='lat' dir='ltr'>quam</span> <span class='ocrx_word' id='word_1_277' title='bbox 1423 1711 1555 1746; x_wconf 87' lang='lat' dir='ltr'>habetis</span> <span class='ocrx_word' id='word_1_278' title='bbox 1572 1712 1608 1745; x_wconf 93' lang='lat' dir='ltr'>in</span> <span class='ocrx_word' id='word_1_279' title='bbox 1627 1712 1704 1745; x_wconf 85' lang='lat' dir='ltr'>loco</span> 
     </span>
     <span class='ocr_line' id='line_1_27' title="bbox 229 1766 1705 1816; baseline 0 -14"><span class='ocrx_word' id='word_1_280' title='bbox 229 1769 287 1814; x_wconf 90' lang='lat' dir='ltr'>qui</span> <span class='ocrx_word' id='word_1_281' title='bbox 306 1769 433 1803; x_wconf 89' lang='lat' dir='ltr'>dicitur</span> <span class='ocrx_word' id='word_1_282' title='bbox 449 1768 744 1803; x_wconf 83' lang='lat' dir='ltr'>Monachkenran</span> <span class='ocrx_word' id='word_1_283' title='bbox 763 1782 842 1803; x_wconf 89' lang='lat' dir='ltr'>cum</span> <span class='ocrx_word' id='word_1_284' title='bbox 861 1767 1081 1816; x_wconf 78' lang='lat' dir='ltr'>pertinentiis</span> <span class='ocrx_word' id='word_1_285' title='bbox 1098 1766 1187 1809; x_wconf 81' lang='lat' dir='ltr'>suis3</span> <span class='ocrx_word' id='word_1_286' title='bbox 1217 1766 1264 1801; x_wconf 82' lang='lat' dir='ltr'>Et</span> <span class='ocrx_word' id='word_1_287' title='bbox 1282 1772 1412 1801; x_wconf 87' lang='lat' dir='ltr'>terram</span> <span class='ocrx_word' id='word_1_288' title='bbox 1432 1780 1511 1801; x_wconf 90' lang='lat' dir='ltr'>cum</span> <span class='ocrx_word' id='word_1_289' title='bbox 1529 1768 1705 1814; x_wconf 87' lang='lat' dir='ltr'>pertinen-</span> 
     </span>
     <span class='ocr_line' id='line_1_28' title="bbox 228 1823 1706 1871; baseline 0.001 -14"><span class='ocrx_word' id='word_1_290' title='bbox 228 1825 285 1858; x_wconf 90' lang='lat' dir='ltr'>tiis</span> <span class='ocrx_word' id='word_1_291' title='bbox 303 1824 369 1858; x_wconf 88' lang='lat' dir='ltr'>suis</span> <span class='ocrx_word' id='word_1_292' title='bbox 387 1837 490 1870; x_wconf 80' lang='lat' dir='ltr'>quam</span> <span class='ocrx_word' id='word_1_293' title='bbox 509 1824 716 1859; x_wconf 89' lang='lat' dir='ltr'>monasterio</span> <span class='ocrx_word' id='word_1_294' title='bbox 731 1824 843 1859; x_wconf 89' lang='lat' dir='ltr'>vestro</span> <span class='ocrx_word' id='word_1_295' title='bbox 863 1824 1012 1859; x_wconf 89' lang='lat' dir='ltr'>contulit</span> <span class='ocrx_word' id='word_1_296' title='bbox 1031 1824 1123 1871; x_wconf 85' lang='lat' dir='ltr'>apud</span> <span class='ocrx_word' id='word_1_297' title='bbox 1140 1823 1344 1870; x_wconf 79' lang='lat' dir='ltr'>Moydirual</span> <span class='ocrx_word' id='word_1_298' title='bbox 1358 1824 1535 1870; x_wconf 87' lang='lat' dir='ltr'>quondam</span> <span class='ocrx_word' id='word_1_299' title='bbox 1551 1823 1706 1858; x_wconf 85' lang='lat' dir='ltr'>Thomas</span> 
     </span>
     <span class='ocr_line' id='line_1_29' title="bbox 231 1879 1706 1928; baseline 0.001 -15"><span class='ocrx_word' id='word_1_300' title='bbox 231 1880 322 1914; x_wconf 87' lang='lat' dir='ltr'>filius</span> <span class='ocrx_word' id='word_1_301' title='bbox 343 1880 547 1924; x_wconf 79' lang='lat' dir='ltr'>Tankardi3</span> <span class='ocrx_word' id='word_1_302' title='bbox 578 1881 623 1915; x_wconf 88' lang='lat' dir='ltr'>Et</span> <span class='ocrx_word' id='word_1_303' title='bbox 641 1887 772 1915; x_wconf 82' lang='lat' dir='ltr'>terram</span> <span class='ocrx_word' id='word_1_304' title='bbox 791 1894 871 1915; x_wconf 84' lang='lat' dir='ltr'>cum</span> <span class='ocrx_word' id='word_1_305' title='bbox 889 1880 1110 1928; x_wconf 90' lang='lat' dir='ltr'>pertinentiis</span> <span class='ocrx_word' id='word_1_306' title='bbox 1128 1879 1195 1913; x_wconf 84' lang='lat' dir='ltr'>suis</span> <span class='ocrx_word' id='word_1_307' title='bbox 1213 1893 1280 1926; x_wconf 83' lang='lat' dir='ltr'>que</span> <span class='ocrx_word' id='word_1_308' title='bbox 1300 1885 1445 1914; x_wconf 86' lang='lat' dir='ltr'>vocatur</span> <span class='ocrx_word' id='word_1_309' title='bbox 1461 1879 1586 1927; x_wconf 87' lang='lat' dir='ltr'>Garyn</span> <span class='ocrx_word' id='word_1_310' title='bbox 1603 1893 1706 1926; x_wconf 83' lang='lat' dir='ltr'>quam</span> 
     </span>
     <span class='ocr_line' id='line_1_30' title="bbox 230 1936 1706 1982; baseline 0.001 -13"><span class='ocrx_word' id='word_1_311' title='bbox 230 1936 438 1971; x_wconf 86' lang='lat' dir='ltr'>monasterio</span> <span class='ocrx_word' id='word_1_312' title='bbox 457 1936 568 1971; x_wconf 87' lang='lat' dir='ltr'>vestro</span> <span class='ocrx_word' id='word_1_313' title='bbox 587 1937 738 1971; x_wconf 86' lang='lat' dir='ltr'>contulit</span> <span class='ocrx_word' id='word_1_314' title='bbox 756 1937 932 1982; x_wconf 87' lang='lat' dir='ltr'>quondam</span> <span class='ocrx_word' id='word_1_315' title='bbox 953 1936 1130 1970; x_wconf 77' lang='lat' dir='ltr'>Rodulfus</span> <span class='ocrx_word' id='word_1_316' title='bbox 1149 1936 1191 1970; x_wconf 88' lang='lat' dir='ltr'>de</span> <span class='ocrx_word' id='word_1_317' title='bbox 1208 1936 1314 1978; x_wconf 83' lang='lat' dir='ltr'>Cler3</span> <span class='ocrx_word' id='word_1_318' title='bbox 1344 1936 1400 1970; x_wconf 85' lang='lat' dir='ltr'>Ex</span> <span class='ocrx_word' id='word_1_319' title='bbox 1418 1936 1512 1970; x_wconf 88' lang='lat' dir='ltr'>dono</span> <span class='ocrx_word' id='word_1_320' title='bbox 1530 1936 1706 1982; x_wconf 89' lang='lat' dir='ltr'>quondam</span> 
     </span>
     <span class='ocr_line' id='line_1_31' title="bbox 232 1991 1707 2038; baseline 0.001 -13"><span class='ocrx_word' id='word_1_321' title='bbox 232 1992 400 2027; x_wconf 87' lang='lat' dir='ltr'>Duncani</span> <span class='ocrx_word' id='word_1_322' title='bbox 419 1993 554 2027; x_wconf 92' lang='lat' dir='ltr'>comitis</span> <span class='ocrx_word' id='word_1_323' title='bbox 572 1993 615 2027; x_wconf 91' lang='lat' dir='ltr'>de</span> <span class='ocrx_word' id='word_1_324' title='bbox 637 1992 763 2026; x_wconf 85' lang='lat' dir='ltr'>Karric</span> <span class='ocrx_word' id='word_1_325' title='bbox 782 1998 892 2027; x_wconf 84' lang='lat' dir='ltr'>totam</span> <span class='ocrx_word' id='word_1_326' title='bbox 909 1996 1039 2026; x_wconf 87' lang='lat' dir='ltr'>terram</span> <span class='ocrx_word' id='word_1_327' title='bbox 1059 1993 1101 2026; x_wconf 93' lang='lat' dir='ltr'>de</span> <span class='ocrx_word' id='word_1_328' title='bbox 1121 1991 1345 2038; x_wconf 82' lang='lat' dir='ltr'>Crosragmol</span> <span class='ocrx_word' id='word_1_329' title='bbox 1364 1998 1399 2027; x_wconf 91' lang='lat' dir='ltr'>et</span> <span class='ocrx_word' id='word_1_330' title='bbox 1418 1992 1610 2027; x_wconf 86' lang='lat' dir='ltr'>Sutheblan</span> <span class='ocrx_word' id='word_1_331' title='bbox 1628 2005 1707 2027; x_wconf 90' lang='lat' dir='ltr'>cum</span> 
     </span>
     <span class='ocr_line' id='line_1_32' title="bbox 230 2048 1707 2096; baseline 0.001 -15"><span class='ocrx_word' id='word_1_332' title='bbox 230 2049 450 2095; x_wconf 86' lang='lat' dir='ltr'>pertinentiis</span> <span class='ocrx_word' id='word_1_333' title='bbox 468 2048 534 2084; x_wconf 87' lang='lat' dir='ltr'>suis</span> <span class='ocrx_word' id='word_1_334' title='bbox 550 2063 559 2092; x_wconf 80' lang='lat'><em>3</em></span> <span class='ocrx_word' id='word_1_335' title='bbox 596 2049 651 2083; x_wconf 82' lang='lat' dir='ltr'>Ex</span> <span class='ocrx_word' id='word_1_336' title='bbox 669 2049 763 2083; x_wconf 91' lang='lat' dir='ltr'>dono</span> <span class='ocrx_word' id='word_1_337' title='bbox 782 2048 908 2083; x_wconf 86' lang='lat' dir='ltr'>nobilis</span> <span class='ocrx_word' id='word_1_338' title='bbox 926 2049 991 2083; x_wconf 93' lang='lat' dir='ltr'>viri</span> <span class='ocrx_word' id='word_1_339' title='bbox 1012 2048 1209 2083; x_wconf 81' lang='lat' dir='ltr'>Alexandri</span> <span class='ocrx_word' id='word_1_340' title='bbox 1235 2048 1432 2083; x_wconf 86' lang='lat' dir='ltr'>monasterii</span> <span class='ocrx_word' id='word_1_341' title='bbox 1450 2048 1550 2084; x_wconf 87' lang='lat' dir='ltr'>vestri</span> <span class='ocrx_word' id='word_1_342' title='bbox 1568 2049 1707 2096; x_wconf 88' lang='lat' dir='ltr'>patroni</span> 
     </span>
     <span class='ocr_line' id='line_1_33' title="bbox 231 2104 1707 2152; baseline -0.001 -13"><span class='ocrx_word' id='word_1_343' title='bbox 231 2105 315 2139; x_wconf 84' lang='lat' dir='ltr'>duas</span> <span class='ocrx_word' id='word_1_344' title='bbox 334 2105 468 2139; x_wconf 87' lang='lat' dir='ltr'>celdras</span> <span class='ocrx_word' id='word_1_345' title='bbox 481 2105 592 2139; x_wconf 85' lang='lat' dir='ltr'>farine</span> <span class='ocrx_word' id='word_1_346' title='bbox 607 2117 691 2151; x_wconf 86' lang='lat' dir='ltr'>quas</span> <span class='ocrx_word' id='word_1_347' title='bbox 709 2104 885 2152; x_wconf 88' lang='lat' dir='ltr'>percipitis</span> <span class='ocrx_word' id='word_1_348' title='bbox 904 2105 946 2139; x_wconf 93' lang='lat' dir='ltr'>de</span> <span class='ocrx_word' id='word_1_349' title='bbox 964 2105 1076 2139; x_wconf 84' lang='lat' dir='ltr'>farina</span> <span class='ocrx_word' id='word_1_350' title='bbox 1094 2105 1136 2139; x_wconf 90' lang='lat' dir='ltr'>de</span> <span class='ocrx_word' id='word_1_351' title='bbox 1157 2104 1329 2139; x_wconf 87' lang='lat' dir='ltr'>Inchinan</span> <span class='ocrx_word' id='word_1_352' title='bbox 1347 2118 1411 2152; x_wconf 89' lang='lat' dir='ltr'>pro</span> <span class='ocrx_word' id='word_1_353' title='bbox 1426 2105 1606 2139; x_wconf 81' lang='lat' dir='ltr'>excambio</span> <span class='ocrx_word' id='word_1_354' title='bbox 1621 2104 1707 2139; x_wconf 91' lang='lat' dir='ltr'>mul-</span> 
     </span>
     <span class='ocr_line' id='line_1_34' title="bbox 232 2159 1749 2208; baseline -0.001 -13"><span class='ocrx_word' id='word_1_355' title='bbox 232 2168 309 2195; x_wconf 83' lang='lat' dir='ltr'>ture</span> <span class='ocrx_word' id='word_1_356' title='bbox 324 2162 367 2195; x_wconf 83' lang='lat' dir='ltr'>(le</span> <span class='ocrx_word' id='word_1_357' title='bbox 381 2162 410 2195; x_wconf 79' lang='lat' dir='ltr'>le</span> <span class='ocrx_word' id='word_1_358' title='bbox 420 2159 518 2203; x_wconf 60' lang='lat' dir='ltr'>Rafl}</span> <span class='ocrx_word' id='word_1_359' title='bbox 540 2161 586 2195; x_wconf 87' lang='lat' dir='ltr'>Et</span> <span class='ocrx_word' id='word_1_360' title='bbox 600 2173 757 2195; x_wconf 89' lang='lat' dir='ltr'>annuum</span> <span class='ocrx_word' id='word_1_361' title='bbox 772 2161 949 2195; x_wconf 84' lang='lat' dir='ltr'>redditum</span> <span class='ocrx_word' id='word_1_362' title='bbox 964 2161 1112 2195; x_wconf 83' lang='lat' dir='ltr'>duarum</span> <span class='ocrx_word' id='word_1_363' title='bbox 1127 2160 1348 2195; x_wconf 85' lang='lat' dir='ltr'>marcharum</span> <span class='ocrx_word' id='word_1_364' title='bbox 1363 2162 1499 2207; x_wconf 83' lang='lat' dir='ltr'>argenti</span> <span class='ocrx_word' id='word_1_365' title='bbox 1513 2173 1616 2206; x_wconf 88' lang='lat' dir='ltr'>quem</span> <span class='ocrx_word' id='word_1_366' title='bbox 1631 2173 1706 2208; x_wconf 87' lang='lat' dir='ltr'>per·</span> <span class='ocrx_word' id='word_1_367' title='bbox 1743 2169 1749 2177; x_wconf 86' lang='lat'>’</span> 
     </span>
     <span class='ocr_line' id='line_1_35' title="bbox 235 2216 1707 2264; baseline 0 -14"><span class='ocrx_word' id='word_1_368' title='bbox 235 2217 344 2262; x_wconf 87' lang='lat' dir='ltr'>cipitis</span> <span class='ocrx_word' id='word_1_369' title='bbox 362 2230 426 2263; x_wconf 91' lang='lat' dir='ltr'>pro</span> <span class='ocrx_word' id='word_1_370' title='bbox 444 2217 648 2252; x_wconf 88' lang='lat' dir='ltr'>molendino</span> <span class='ocrx_word' id='word_1_371' title='bbox 667 2217 710 2251; x_wconf 92' lang='lat' dir='ltr'>de</span> <span class='ocrx_word' id='word_1_372' title='bbox 730 2216 931 2258; x_wconf 88' lang='lat' dir='ltr'>Thornton,</span> <span class='ocrx_word' id='word_1_373' title='bbox 957 2223 1063 2264; x_wconf 90' lang='lat' dir='ltr'>prout</span> <span class='ocrx_word' id='word_1_374' title='bbox 1092 2218 1127 2251; x_wconf 91' lang='lat' dir='ltr'>in</span> <span class='ocrx_word' id='word_1_375' title='bbox 1158 2217 1282 2251; x_wconf 82' lang='lat' dir='ltr'>litteris</span> <span class='ocrx_word' id='word_1_376' title='bbox 1300 2217 1380 2251; x_wconf 88' lang='lat' dir='ltr'>inde</span> <span class='ocrx_word' id='word_1_377' title='bbox 1400 2217 1567 2251; x_wconf 65' lang='lat' dir='ltr'>confectis</span> <span class='ocrx_word' id='word_1_378' title='bbox 1582 2217 1707 2251; x_wconf 88' lang='lat' dir='ltr'>dicitur</span> 
     </span>
     <span class='ocr_line' id='line_1_36' title="bbox 236 2271 1706 2320; baseline 0 -15"><span class='ocrx_word' id='word_1_379' title='bbox 236 2273 418 2313; x_wconf 85' lang='lat' dir='ltr'>contineri,</span> <span class='ocrx_word' id='word_1_380' title='bbox 447 2286 525 2308; x_wconf 90' lang='lat' dir='ltr'>cum</span> <span class='ocrx_word' id='word_1_381' title='bbox 552 2274 665 2314; x_wconf 79' lang='lat' dir='ltr'>terris,</span> <span class='ocrx_word' id='word_1_382' title='bbox 698 2274 816 2320; x_wconf 88' lang='lat' dir='ltr'>pratis,</span> <span class='ocrx_word' id='word_1_383' title='bbox 845 2274 966 2314; x_wconf 89' lang='lat' dir='ltr'>vineis,</span> <span class='ocrx_word' id='word_1_384' title='bbox 1004 2273 1217 2313; x_wconf 85' lang='lat' dir='ltr'>nemoribus,</span> <span class='ocrx_word' id='word_1_385' title='bbox 1249 2271 1409 2319; x_wconf 82' lang='lat' dir='ltr'>usuagiis,</span> <span class='ocrx_word' id='word_1_386' title='bbox 1442 2278 1476 2307; x_wconf 88' lang='lat' dir='ltr'>et</span> <span class='ocrx_word' id='word_1_387' title='bbox 1501 2271 1642 2319; x_wconf 83' lang='lat' dir='ltr'>pascuis,</span> <span class='ocrx_word' id='word_1_388' title='bbox 1671 2272 1706 2305; x_wconf 87' lang='lat' dir='ltr'>in</span> 
     </span>
     <span class='ocr_line' id='line_1_37' title="bbox 234 2327 1706 2375; baseline 0 -14"><span class='ocrx_word' id='word_1_389' title='bbox 234 2327 336 2362; x_wconf 89' lang='lat' dir='ltr'>bosco</span> <span class='ocrx_word' id='word_1_390' title='bbox 355 2334 388 2362; x_wconf 88' lang='lat' dir='ltr'>et</span> <span class='ocrx_word' id='word_1_391' title='bbox 406 2329 523 2375; x_wconf 83' lang='lat' dir='ltr'>plano,</span> <span class='ocrx_word' id='word_1_392' title='bbox 554 2330 589 2363; x_wconf 89' lang='lat' dir='ltr'>in</span> <span class='ocrx_word' id='word_1_393' title='bbox 621 2330 717 2375; x_wconf 89' lang='lat' dir='ltr'>aquis</span> <span class='ocrx_word' id='word_1_394' title='bbox 745 2335 779 2364; x_wconf 92' lang='lat' dir='ltr'>et</span> <span class='ocrx_word' id='word_1_395' title='bbox 798 2330 1019 2369; x_wconf 49' lang='lat' dir='ltr'>molendini&amp;</span> <span class='ocrx_word' id='word_1_396' title='bbox 1047 2330 1083 2364; x_wconf 89' lang='lat' dir='ltr'>in</span> <span class='ocrx_word' id='word_1_397' title='bbox 1101 2330 1164 2364; x_wconf 79' lang='lat' dir='ltr'>viis</span> <span class='ocrx_word' id='word_1_398' title='bbox 1184 2335 1219 2364; x_wconf 85' lang='lat' dir='ltr'>et</span> <span class='ocrx_word' id='word_1_399' title='bbox 1236 2328 1373 2369; x_wconf 78' lang='lat' dir='ltr'>semitis,</span> <span class='ocrx_word' id='word_1_400' title='bbox 1402 2334 1437 2363; x_wconf 90' lang='lat' dir='ltr'>et</span> <span class='ocrx_word' id='word_1_401' title='bbox 1455 2328 1615 2363; x_wconf 90' lang='lat' dir='ltr'>omnibus</span> <span class='ocrx_word' id='word_1_402' title='bbox 1632 2327 1706 2361; x_wconf 87' lang='lat' dir='ltr'>aliis</span> 
     </span>
    </p>
   </div>
  </div>
 </body>
</html>
