1870 2683
206 272 276 308 394
607 266 921 302 REGISTRUM
949 267 1287 303 MONASTERII

212 421 485 455 Instrumentum
504 417 739 464 refignationis
758 419 794 452 in
812 418 970 453 manibus
987 418 1195 453 ballivorum
1217 420 1259 453 de
1278 418 1433 466 Glasgw,
1462 420 1498 453 in
1525 420 1679 455 favorem

212 476 416 511 venerabilis
433 475 540 522 patris
557 475 690 509 domini
710 474 859 509 Roberti
876 474 1008 509 abbatis
1026 475 1069 509 de
1088 475 1222 510 Passeto
1241 481 1275 509 et
1293 481 1488 509 conventus
1507 475 1670 522 ejusdem.

217 588 273 623 IN
304 587 396 621 DEI
428 586 642 622 NOMINE
675 588 803 622 Amen.
857 587 924 621 Per
954 586 1020 620 hoc
1050 585 1189 633 presens
1215 587 1394 634 publicum
1421 587 1688 621 instrumentum

217 644 352 679 cunctis
385 648 502 690 pateat
530 643 710 678 evidenter
745 649 779 678 et
812 642 851 677 fit
884 648 1008 676 notum
1043 642 1137 687 quod
1172 655 1265 676 anno
1300 643 1549 677 incarnationis
1585 643 1694 677 domi-

217 701 293 734 nice
312 704 355 733 ΜΟ
373 704 504 734 00000ο
522 709 584 739 1x0,
605 699 726 734 menfis
745 699 956 734 Novembris
987 698 1041 732 die
1071 710 1156 732 vero
1174 697 1333 733 vicefimo
1352 699 1468 739 tertio,
1501 699 1693 733 indictione

218 757 321 789 tertia
339 755 482 796 decima,
514 756 802 802 pontificatusque
820 752 1017 789 sanctissinu
1035 754 1071 787 in
1091 753 1227 788 Christo
1246 755 1352 801 patris
1370 767 1409 788 ac
1428 755 1560 788 domini
1587 754 1691 788 nostri

221 811 352 845 domini
370 810 457 846 Julii
475 811 593 846 divina
610 811 829 858 providentia
847 823 934 858 pape
953 809 1093 844 secundi
1112 822 1204 844 anno
1224 808 1379 856 septhno,
1413 811 1449 844 in
1482 811 1549 844 mei
1567 810 1693 844 notarii

220 867 349 914 publici
368 872 402 901 et
419 867 554 901 testium
572 866 840 914 iubscriptorum
859 865 1031 913 presentia
1048 865 1276 912 personaliter
1304 866 1510 900 constitutus
1529 865 1694 900 discretus

220 924 274 958 vir
291 923 470 959 Johannes
490 923 669 970 Akynhed
686 922 862 969 bui-geniis
888 923 930 956 de
960 921 1142 967 Ruthglen
1172 935 1211 956 ac
1238 923 1338 956 heres
1365 922 1579 956 indubitatus
1598 928 1633 956 et
1651 935 1692 956 eo

223 980 364 1014 nomine
382 979 557 1025 quondan]
577 979 727 1025 magistri
744 979 767 1015 J
770 979 915 1013 ohannis
935 977 1125 1023 Akynhed‚
1146 990 1219 1012 non
1238 979 1271 1012 vi
1290 983 1349 1012 aut
1368 983 1463 1012 metu
1483 978 1620 1017 duetus,
1641 990 1696 1011 co-

223 1036 322 1070 actus
333 1035 390 1070 seu
403 1034 609 1082 compulsus,
622 1035 754 1081 suisque
768 1035 917 1070 utilitate
933 1041 967 1069 et
982 1036 1168 1069 commodo
1182 1036 1321 1082 penitus
1334 1034 1555 1069 consideratis
1568 1041 1602 1069 et
1614 1048 1696 1082 pen-

225 1091 313 1131 satis,
334 1091 494 1125 omnibus
512 1091 712 1125 melioribus
730 1091 849 1132 modo,
879 1092 944 1132 via,
964 1093 1077 1126 forma
1095 1097 1129 1126 et
1150 1092 1231 1139 jure
1250 1093 1374 1138 quibus
1392 1092 1515 1126 melius
1534 1098 1568 1126 et
1586 1092 1697 1126 effica-

226 1148 298 1182 cius
315 1149 429 1194 potuit
448 1153 482 1181 et
501 1147 619 1181 debuit
637 1147 791 1193 potestve
809 1153 869 1182 aut
888 1148 1001 1189 debet,
1022 1149 1113 1188 fecit,
1135 1148 1320 1188 constituit,
1342 1149 1482 1188 creavit,
1502 1149 1696 1183 nominavit

226 1209 260 1238 et
278 1203 466 1237 solenniter
484 1203 668 1242 ordinavit,
688 1209 793 1250 prout
810 1203 978 1249 presentis
995 1204 1123 1251 publici
1138 1204 1355 1238 instrumenti
1368 1209 1490 1238 tenore
1506 1204 1597 1244 facit,
1618 1217 1698 1238 con-

227 1259 344 1299 stituit,
376 1264 481 1299 creat,
510 1259 668 1293 nominat
686 1264 720 1293 et
737 1258 925 1293 solenniter
944 1266 978 1296 et
996 1261 1270 1296 irrevocabiliter
1301 1261 1441 1295 ordinat
1458 1261 1699 1296 honorabilem

226 1316 339 1349 virum
362 1315 517 1350 Alanum
538 1315 696 1349 Steward
715 1315 757 1349 de
777 1315 953 1362 CraghalL
973 1317 996 1352 J
999 1317 1173 1351 ohannem
1193 1317 1350 1351 Steward
1369 1317 1443 1363 ejus
1460 1317 1570 1351 filium
1591 1322 1625 1352 et
1643 1331 1700 1364 ap-

227 1378 407 1419 parentem
426 1372 601 1412 heredem,
623 1371 820 1418 magistrum
838 1372 861 1407 J
864 1372 1037 1407 ohannem
1058 1372 1208 1419 Murray
1221 1372 1427 1419 burgensem
1448 1372 1699 1419 Glasguensem

229 1435 263 1463 et
276 1429 447 1464 Jacobum
462 1428 591 1472 Lidgat
604 1428 742 1468 laicum,
763 1434 797 1462 et
812 1441 932 1462 eorum
946 1429 1135 1474 quemlibet
1149 1429 1184 1462 in
1200 1428 1348 1463 {olidum
1364 1429 1580 1476 conjunctim
1599 1435 1634 1463 et
1653 1429 1700 1463 di-

229 1484 334 1525 vilim,
362 1484 439 1519 suos
457 1497 558 1518 veros
576 1484 765 1530 legittimos
783 1490 817 1518 et
835 1484 1047 1519 indubitatos
1073 1490 1328 1531 procuratores,
1360 1485 1508 1525 actores,
1536 1485 1698 1525 factores,

230 1548 264 1577 et
281 1543 505 1588 negotiorum
522 1541 663 1575 suorum
682 1541 977 1587 infrascriptorum
1007 1540 1158 1587 gestores
1187 1541 1369 1587 generales
1400 1546 1434 1575 et
1462 1540 1634 1588 speciales,
1667 1546 1701 1575 et

230 1599 394 1645 precipue
425 1598 468 1631 ad
498 1596 701 1642 refignanda
728 1610 767 1631 ac
794 1610 855 1643 per
889 1603 982 1632 terre
1018 1602 1052 1631 et
1086 1597 1208 1644 lapidis
1236 1597 1460 1631 traditionem
1495 1597 1701 1631 dimittenda

231 1654 340 1688 libera
353 1659 553 1688 tenementa
570 1652 708 1688 suarum
721 1659 893 1687 terrarum
911 1652 978 1687 five
997 1658 1277 1687 tenementorum
1291 1653 1455 1698 contigue
1467 1652 1699 1699 adjacentium

231 1711 268 1744 in
286 1711 425 1746 civitate
444 1708 648 1756 Glasguenli
675 1722 716 1744 ex
742 1715 840 1756 parte
867 1709 1073 1744 occidentali
1092 1711 1209 1755 magni
1226 1710 1293 1744 vici
1310 1710 1485 1744 tendentis
1503 1710 1545 1743 ab
1563 1708 1702 1744 ecclelia

233 1767 502 1814 metropolitana
520 1765 723 1812 Glasguenfi
741 1767 784 1800 ad
802 1778 941 1800 crucem
959 1765 1103 1800 foralem
1119 1764 1269 1812 ejusdem
1286 1766 1377 1799 inter
1394 1771 1504 1799 terras
1521 1765 1588 1799 five
1606 1771 1701 1800 tene-

233 1829 351 1857 menta
369 1823 501 1856 domini
520 1822 667 1856 Dionifii
682 1822 882 1856 Auchinlek
900 1821 1069 1868 capellani
1088 1821 1277 1867 capellanie
1292 1819 1429 1855 ecclesie
1443 1820 1562 1855 Sancti
1579 1820 1701 1855 Kenti-

233 1880 333 1925 gerni
350 1879 494 1913 fundate
513 1885 611 1913 extra
628 1891 745 1912 muros
765 1877 995 1924 Glasguenses
1013 1889 1056 1911 ex
1072 1876 1204 1910 boreali
1222 1876 1264 1910 ab
1282 1889 1363 1916 una,
1389 1882 1423 1910 et
1441 1882 1550 1910 terras
1567 1874 1634 1910 five
1653 1882 1701 1910 te-

233 1940 397 1969 nementa
415 1935 590 1981 quondam
609 1934 759 1980 magistri
787 1934 932 1968 Andree
964 1934 1121 1969 Steward
1149 1933 1381 1968 archidiaconi
1415 1933 1649 1968 Candidecase
1667 1939 1701 1968 et

234 2004 328 2026 nunc
347 1991 479 2025 domini
495 1990 618 2026 Jacobi
638 1990 800 2024 Houston
818 1991 953 2024 ratione
970 1989 1028 2024 sue
1046 1989 1237 2036 capellanie
1256 2002 1298 2024 ex
1316 1995 1414 2036 parte
1432 1989 1579 2029 australi,
1599 1990 1702 2036 parti-

234 2048 297 2082 bus
315 2048 356 2082 ab
375 2048 485 2082 altera
500 2061 509 2089 3
538 2060 577 2081 30
595 2046 699 2080 etiam
717 2047 857 2080 nomine
876 2059 944 2092 quo
963 2044 1074 2092 supra,
1095 2045 1138 2079 ad
1153 2044 1396 2091 relignandum
1411 2045 1563 2091 quinque
1578 2043 1702 2078 solidos

235 2104 341 2138 annui
360 2103 516 2138 redditus
534 2103 576 2136 de
594 2102 743 2148 quodam
762 2108 964 2136 tenemento
982 2101 1157 2148 quondam
1178 2101 1310 2135 domini
1328 2100 1500 2136 ,Iohannis
1516 2100 1609 2134 Card
1627 2100 1703 2134 fun-

237 2160 316 2193 dato
335 2159 524 2206 capellanie
543 2159 662 2193 Sancti
682 2158 777 2192 Petri
796 2159 830 2192 in
850 2157 1082 2196 Dwnbertan,
1109 2156 1249 2203 jacente
1275 2157 1311 2190 in
1338 2157 1432 2191 dicta
1449 2156 1587 2191 civitate
1605 2155 1703 2190 Glas-

237 2215 355 2261 guenfi
385 2228 427 2249 ex
454 2221 552 2261 parte
579 2215 739 2249 orientali
758 2215 874 2261 magni
892 2214 959 2248 vici
977 2213 1151 2247 tendentis
1169 2213 1212 2247 ad
1231 2225 1370 2247 crucem
1388 2212 1533 2247 foralem
1553 2211 1702 2259 ejusdem

238 2272 328 2304 inter
347 2277 456 2304 terras
472 2269 539 2305 five
558 2276 758 2305 tenementa
778 2270 913 2304 Mathei
941 2269 1115 2315 Petigrew
1134 2282 1176 2303 ex
1194 2269 1325 2304 boreali
1355 2269 1396 2303 ab
1423 2282 1503 2308 una,
1534 2274 1568 2302 et
1595 2273 1703 2301 terras

238 2325 304 2361 live
323 2331 523 2361 tenementa
539 2326 683 2361 fundata
700 2327 761 2360 uni
780 2326 873 2361 lecto
891 2327 927 2360 in
946 2324 1103 2372 hospitali
1131 2325 1251 2360 Sancti
1268 2325 1443 2360 Nicholaii
1470 2337 1532 2372 per
1562 2335 1703 2359 venera-
