1839 2652
746 275 817 310 DE
850 275 1119 311 PASSELET.
1622 284 1685 315 131

199 426 416 463 Presentatio
435 427 574 462 ecclesie
594 428 637 462 de
659 428 855 475 Kylkeran.

200 538 603 576 MEMORANDUM
622 541 717 587 quod
736 541 791 575 die
809 541 909 576 Jovis
926 543 1087 588 proxima
1114 543 1189 590 post
1218 543 1341 578 festum
1373 543 1609 592 apostolorum
1637 546 1686 580 Si-

198 597 311 630 monis
342 601 376 631 et
406 596 500 632 Jude
531 609 624 630 anno
661 597 809 631 Domini
844 596 1024 632 millesimo
1053 598 1289 634 ducentesimo
1315 599 1542 647 nonogesimo
1577 614 1685 642 nono,

197 666 315 688 coram
346 654 511 688 Dominis
542 654 703 688 Roberto
738 653 952 688 thesaurario
984 660 1019 688 et
1051 654 1211 690 Roberto
1243 656 1286 690 de
1318 657 1476 704 Stampet
1510 658 1686 692 canonicis

198 709 479 756 Glasguensibus,
510 708 747 744 commifl'ariis
774 710 908 744 domini
935 711 1055 745 Sancti
1075 711 1222 746 Andree
1243 712 1416 760 Episcopi,
1449 714 1544 748 unici
1556 714 1686 762 judicis

197 779 218 799 a
234 763 313 800 sede
344 765 530 813 apostolica
556 765 717 811 delegati,
750 766 786 799 in
813 765 913 800 causa
937 780 1005 812 que
1031 768 1182 801 vertitur
1207 767 1266 802 seu
1293 770 1383 803 verti
1410 769 1567 816 speratur
1593 771 1686 806 inter

198 821 375 856 Abbatem
394 827 428 856 et
459 827 673 856 conventum
704 822 746 855 de
776 820 1087 869 Paflelayafftores
1118 836 1161 857 ex
1190 837 1263 858 una
1292 830 1402 872 parte,
1437 831 1471 860 et
1501 827 1685 862 dominum

197 878 430 912 Laurentium
449 877 699 924 Ergadienscm
718 876 917 925 episcopum
936 877 1259 915 reverendissimum
1279 893 1322 915 ex
1341 882 1462 922 altera,
1486 883 1523 916 in
1545 883 1686 918 ecclesia

196 934 320 981 majori
339 932 554 980 Glasguenfi‚
589 933 798 981 Comparuit
825 934 1005 981 pl'edifitus
1032 935 1246 970 Laurentius
1265 937 1486 983 Ergadiensis
1505 938 1684 986 episcopus

193 1002 257 1037 per
275 989 475 1036 magistrum
494 989 709 1024 Nicholaum
727 990 904 1024 refiffirem
923 990 1062 1025 ecclesie
1094 991 1215 1027 Sancti
1246 992 1397 1027 lNIodani
1416 999 1683 1040 procuratorem

194 1045 294 1080 suum
312 1046 483 1092 legittime
502 1045 728 1081 constitutum
748 1059 792 1081 ex
809 1052 908 1094 parte
936 1060 1018 1088 una,
1052 1053 1087 1082 et
1105 1048 1191 1082 dieti
1210 1048 1331 1083 Abbas
1357 1055 1392 1084 et
1418 1055 1615 1085 conventus
1641 1051 1684 1085 de

195 1100 351 1150 Paffelay
377 1115 420 1137 ex
450 1103 561 1138 altera
591 1116 654 1150 per
684 1103 889 1138 Venaldum
919 1104 1132 1139 monachum
1167 1106 1210 1139 de
1239 1104 1386 1141 Paffelet
1416 1112 1683 1154 procuratorem

194 1159 389 1193 eorundem
407 1159 578 1205 legittime
598 1159 824 1194 constitutum
840 1174 848 1203 ;
883 1158 1020 1195 Cefl'ata
1038 1161 1086 1195 est
1103 1160 1203 1196 causa
1220 1162 1257 1196 in
1275 1162 1370 1197 hunc
1400 1162 1557 1204 modum,
1589 1163 1684 1198 vide-

193 1215 274 1249 licet
292 1215 387 1261 quod
405 1215 521 1250 diffus
539 1215 699 1262 magister
719 1215 911 1250 Nicholaus
937 1222 1147 1263 procurator
1173 1218 1259 1254 (Ιίἃί
1289 1219 1423 1253 domini
1454 1218 1617 1267 Episcopi
1647 1221 1683 1254 in

188 1271 270 1318 jure
288 1271 461 1306 fatebatur
479 1272 573 1318 quod
586 1272 645 1319 jus
663 1271 886 1319 presentandi
904 1273 948 1307 ad
966 1273 1131 1308 vicariam
1150 1274 1289 1309 ecclesie
1319 1275 1439 1311 San&i
1468 1276 1619 1317 Querini
1646 1277 1683 1311 in

196 1327 349 1375 Kentyir
366 1329 519 1375 pertinet
538 1329 580 1363 de
599 1329 694 1363 claro
712 1329 880 1376 predictis
900 1328 1031 1363 Abbati
1051 1335 1086 1364 et
1113 1331 1315 1372 conventui,
1345 1337 1381 1366 et
1406 1332 1501 1378 quod
1520 1332 1683 1367 dominus

195 1383 386 1431 Episcopus
398 1385 458 1432 jus
475 1385 698 1432 presentandi
716 1386 912 1420 nonhabet
937 1399 1003 1421 nec
1030 1388 1192 1422 vendicat
1221 1389 1257 1422 in
1284 1389 1429 1432 eadem;
1461 1402 1501 1424 ac
1527 1389 1682 1436 promisit

192 1441 286 1475 idem
316 1447 525 1488 procurator
555 1454 617 1488 per
647 1442 754 1476 fidem
784 1442 911 1483 datam,
945 1444 1040 1489 quod
1070 1445 1234 1479 dominus
1263 1445 1390 1492 Angus
1408 1445 1518 1492 quise
1537 1446 1682 1493 gerebat

192 1509 257 1544 pro
275 1497 405 1532 vicario
424 1497 460 1531 in
479 1498 573 1532 dieta
591 1496 740 1538 ecclesia,
774 1497 964 1544 resignaret
995 1500 1125 1535 dictam
1156 1501 1320 1536 vicariam
1348 1502 1384 1536 in
1413 1515 1519 1537 manu
1537 1515 1683 1538 venera-

192 1553 269 1587 bilis
286 1554 394 1601 patris
412 1553 633 1601 Ergadienfis
652 1554 813 1601 episcopi,
846 1567 886 1589 ac
913 1556 1060 1590 eandem
1086 1555 1366 1603 resignationem,
1398 1557 1509 1605 sigillo
1527 1558 1681 1606 ejusdem

193 1610 326 1644 domini
358 1609 521 1657 Episcopi
549 1609 795 1657 consignatam,
828 1611 916 1645 eitra
944 1612 1067 1647 festum
1099 1613 1219 1648 Saneti
1240 1614 1387 1649 Andree
1413 1614 1557 1662 apostoli
1587 1628 1681 1649 anno

195 1666 343 1701 Domini
360 1667 517 1713 superius
547 1671 716 1701 annotato
735 1667 777 1701 ad
797 1667 911 1701 dictos
930 1667 1108 1702 Abbatem
1126 1674 1161 1703 et
1179 1675 1393 1704 conventum
1413 1670 1456 1704 de
1476 1669 1631 1717 Paffelay
1648 1670 1681 1705 se

192 1722 397 1769 promiserat
416 1722 678 1757 destinaturum.
730 1723 945 1758 Procurator
962 1736 1048 1759 vero
1067 1724 1244 1759 di&orum
1265 1725 1413 1760 Abbatis
1431 1732 1466 1761 et
1485 1732 1681 1761 conventus

193 1778 262 1813 fide
280 1778 481 1826 interposita
497 1778 652 1813 similiter
670 1777 826 1826 promisit
844 1780 950 1825 quod,
983 1780 1120 1827 prebita
1146 1779 1190 1815 fic
1216 1780 1448 1828 resignatione
1467 1782 1628 1830 prediGta
1646 1789 1680 1817 et

192 1833 301 1881 sigillo
321 1835 406 1869 die’ci
424 1834 586 1882 Episcopi
606 1834 815 1881 consignata,
849 1835 935 1869 dicti
955 1836 1074 1870 Abbas
1101 1842 1137 1871 et
1163 1843 1358 1873 conventus
1384 1839 1585 1886 predictum
1605 1840 1681 1873 An-

192 1890 327 1937 gusium
358 1891 578 1938 capellanum
608 1892 653 1926 ad
683 1892 815 1926 dietam
848 1892 1013 1926 vicariam
1048 1892 1309 1940 presentabunt.
1380 1894 1540 1930 Promisit
1574 1895 1678 1930 etiam

193 1952 401 1993 procurator
418 1948 569 1994 predicti
588 1948 720 1982 domini
753 1947 916 1995 Episcopi
934 1961 997 1995 per
1014 1949 1121 1983 fidem
1149 1955 1189 1984 ut
1206 1950 1313 1997 prius,
1333 1951 1429 1996 quod
1447 1951 1563 1986 dictus
1581 1951 1680 1998 Epis-

194 2014 301 2049 copus
328 2002 549 2049 Ergadienfis
572 2004 742 2038 concedat
761 2004 863 2038 dictis
882 2004 1014 2039 Abbati
1033 2010 1068 2039 et
1086 2006 1276 2040 conventui
1294 2005 1505 2041 consimilem
1524 2007 1677 2041 litterani

193 2057 295 2104 super
306 2058 471 2093 vicariam
489 2059 628 2094 ecclesie
648 2060 769 2095 Sancti
789 2060 948 2102 Querani
966 2061 1105 2106 qualem
1122 2060 1181 2094 fibi
1200 2060 1412 2096 concesserat
1429 2061 1532 2109 super
1549 2063 1678 2098 vicaria

194 2113 332 2148 ecclesie
365 2114 484 2148 Santffi
514 2114 640 2149 Finani
671 2116 707 2150 in
741 2116 1077 2164 Kethromecongal.
1141 2116 1185 2150 In
1216 2117 1314 2164 cujus
1352 2119 1403 2152 rei
1441 2118 1676 2154 testimonium

193 2168 411 2216 presentibus
436 2169 546 2216 sigilla
576 2172 752 2206 dictorum
775 2172 937 2219 judicum
955 2172 1034 2207 sunt
1051 2171 1222 2220 appensa:
1247 2172 1493 2220 jurifflifflone
1515 2175 1676 2223 judicum

194 2225 442 2261 nichilominus
460 2225 635 2262 reservata
653 2227 766 2262 donec
784 2227 945 2275 premiffa
962 2228 1231 2275 adimpleantur.
1283 2229 1418 2265 Datum
1436 2237 1476 2266 ut
1493 2230 1659 2279 superius.
