1839 2652
739 267 807 302 DE
836 266 1103 302 PASSELET.
1591 271 1660 301 <225

181 421 412 457 Confirmatio
432 421 628 455 Alexandri
646 420 707 454 filii
728 419 884 459 Walteri,
905 420 948 454 (16
965 418 1114 454 ecclesiis
1133 419 1175 453 de
1195 417 1426 459 Dundonald‚
1449 418 1602 453 861161161-
1621 424 1656 453 et

182 477 388 512 chhinlec
407 489 485 511 611111
504 476 732 524 pertinentiis.

181 587 419 624 OMNIBUS
437 588 554 623 1611616
573 589 691 622 matris
710 587 847 622 ecclesie
866 588 943 623 filiis
961 594 1032 623 tam
1050 590 1266 636 presentibus
1283 602 1386 636 quam
1404 590 1530 624 futuris
1551 590 1657 624 Alex-

179 645 288 678 ander
306 645 397 678 filius
417 644 564 679 Walteri
583 643 772 678 senescalus
792 644 900 690 Regis
919 645 1034 680 Scotie
1052 646 1198 680 salutem
1225 647 1261 680 in
1282 646 1451 681 Domino.
1506 646 1657 681 Noverit

179 699 381 737 universitas
398 699 509 734 vestra
535 712 598 733 nos
624 699 803 746 inspexiffe
822 706 951 734 cartam
983 702 1116 735 domini
1148 702 1291 737 Walteri
1322 702 1384 736 filii
1416 703 1526 737 Alani
1551 703 1658 750 patris

180 755 286 790 nostri
303 755 476 790 senescalli
497 755 604 801 Regis
623 756 749 795 560116,
770 756 869 803 cujus
887 757 1001 790 anime
1020 758 1234 804 propicietur
1254 758 1365 798 Deus,
1389 759 1425 792 in
1444 759 1508 793 hec
1525 759 1655 801 verba3

181 811 420 847 OMNIBUS
429 811 546 846 sanae
560 812 679 846 matris
692 811 830 846 66616116
842 813 920 846 filiis
932 818 1002 846 tam
1014 813 1230 859 presentibus
1237 826 1340 860 qnam
1348 814 1473 848 futuris
1482 814 1659 849 VValterus

179 867 271 902 filius
290 867 398 902 Alani
417 868 549 901 domini
578 867 685 913 Regis
714 867 829 902 Scotie
856 867 1061 903 senescallus
1078 868 1233 903 salutem.
1287 870 1408 904 Sciatis
1436 883 1511 910 nos,
1541 871 1657 906 divine

181 924 330 957 caritatis
347 924 488 963 intuitu,
518 921 656 963 dediffe,
685 921 879 958 coneeffiffe
909 930 944 959 et
973 924 1038 958 1166
1065 930 1160 959 carta
1185 924 1300 959 nostra
1318 924 1545 966 confirmaffe,
1576 926 1657 961 Deo

181 986 214 1013 et
233 979 363 1014 Sancto
381 979 515 1019 Jacobo
534 984 568 1013 et
587 979 717 1014 86116150
738 979 872 1013 Mil-ino
902 980 944 1014 de
976 979 1123 1015 Paflelet
1153 986 1188 1015 et
1215 981 1394 1015 monachis
1421 981 1549 1015 ibidem
1577 982 1658 1016 Deo

180 1035 406 1070 servientibus
424 1042 457 1070 et
476 1036 735 1082 imperpetuum
753 1034 940 1076 servituris,
969 1035 1144 1071 ecclefiam
1163 1037 1205 1071 (16
1224 1037 1456 1078 Dundonald,
1485 1037 1659 1072 66616116111

180 1092 222 1126 de
243 1092 406 1132 Sanchar,
435 1090 608 1126 ecclefiam
628 1092 670 1126 (16
687 1091 906 1132 chhinlec,
927 1105 1005 1126 611111
1025 1092 1186 1127 omnibus
1204 1094 1395 1127 earundem
1413 1094 1632 1140 pertinentiis
1648 1109 1658 1136 ;

181 1147 369 1182 Tenendas
387 1153 422 1182 et
439 1147 614 1182 habendas
632 1148 667 1181 in
685 1160 820 1194 puram,
848 1147 992 1182 liberam
1024 1154 1058 1182 et
1087 1154 1292 1195 perpetuam
1311 1148 1543 1190 elemosinam,
1571 1151 1659 1184 adeo

179 1203 286 1238 libere
304 1202 388 1238 ficut
405 1203 519 1249 alique
540 1202 677 1238 ecclefie
696 1216 739 1238 ex
757 1203 947 1238 donatione
966 1204 1101 1239 comitis
1119 1205 1175 1239 vel
1193 1204 1333 1239 baronis
1351 1206 1387 1239 in
1413 1218 1523 1252 regno
1543 1206 1658 1240 Scotie

180 1259 321 1294 liberius
339 1266 373 1294 et
400 1260 549 1305 quietius
577 1265 743 1294 tenentur
774 1265 809 1294 et
836 1257 1061 1306 poffidentur.
1115 1260 1194 1294 Hiis
1225 1261 1374 1302 testibus,
1404 1262 1547 1296 domino
1568 1262 1660 1296 Mal-

180 1316 293 1349 colmo
313 1316 440 1350 comite
459 1315 500 1350 de
516 1316 602 1362 Fyff‚
632 1315 774 1350 domino
794 1315 989 1349 Malcolmo
1007 1316 1080 1349 filio
1099 1316 1235 1350 comitis
1253 1317 1296 1351 de
1315 1317 1475 1358 Lennax,
1505 1318 1658 1364 Eymero

180 1372 222 1405 de
243 1371 424 1410 Maxwell,
455 1371 488 1405 T
490 1372 594 1405 homa
623 1371 731 1411 Crok,
761 1372 843 1405 Ada
877 1370 1038 1412 Walans’,
1067 1371 1230 1406 Galfrido
1261 1372 1462 1414 Marsphell,
1492 1374 1658 1409 &Vilelmo

180 1428 296 1467 Scoto,
326 1427 491 1461 VVilelmo
511 1427 554 1461 de
575 1427 729 1467 Parthik‚
760 1427 953 1462 Laurentio
972 1428 1110 1468 clerico,
1131 1433 1166 1462 et
1183 1429 1302 1463 multis
1320 1429 1405 1463 aliis.
1458 1429 1534 1464 Nos
1551 1431 1659 1476 igitur

181 1485 417 1524 donationem,
445 1483 709 1524 6011661110116111,
739 1485 1041 1518 confirmationem
1068 1485 1253 1531 predictas,
1282 1491 1373 1520 ratas
1404 1492 1437 1521 et
1468 1492 1584 1532 gratas
1601 1487 1659 1522 ha-

179 1541 311 1581 bentes,
331 1540 417 1587 ipsas
435 1553 499 1587 pro
517 1540 616 1574 nobis
637 1545 671 1574 et
688 1541 874 1575 heredibus
892 1540 1014 1574 nostris
1033 1540 1135 1574 dietis
1153 1541 1332 1575 monachis
1346 1547 1381 1576 et
1395 1555 1518 1576 eorum
1532 1542 1660 1577 succes-

180 1597 311 1631 soribus
329 1597 456 1630 ibidem
474 1596 651 1630 servituris
670 1597 893 1631 concedimus
912 1601 946 1630 et
964 1597 1222 1637 confirmamus,
1251 1602 1286 1631 et
1315 1596 1414 1643 figilli
1431 1598 1537 1632 nostri
1555 1612 1660 1646 appo—

179 1651 299 1687 fitione
313 1651 464 1699 presenti
478 1651 604 1699 scripto
619 1653 897 1687 corroboramus.
949 1652 1033 1686 -Hiis
1050 1652 1201 1693 testibus,
1216 1653 1365 1687 dominis
1379 1653 1538 1689 lValtero
1552 1655 1659 1689 fratre

181 1710 309 1750 nostro,
338 1709 478 1744 Thoma
503 1710 576 1744 filio
597 1710 686 1757 Ray,
717 1710 857 1744 Thoma
888 1709 996 1749 Crok,
1026 1709 1145 1743 Alano
1176 1709 1219 1743 de
1252 1709 1468 1751 Hormiston,
1500 1711 1659 1746 Roberto

183 1766 226 1800 de
258 1765 447 1805 Strikland,
477 1765 639 1800 Eurardo
671 1766 714 1800 de
746 1765 876 1800 Nlonte
903 1770 1017 1805 acuto,
1049 1765 1201 1812 Symone
1232 1765 1452 1807 Flandrens’,
1480 1767 1657 1808 militibus,

183 1822 331 1856 dominis
352 1821 511 1856 Roberto
530 1822 573 1856 de
594 1821 785 1868 Heiglffam
814 1828 849 1857 et
877 1821 1051 1862 Johanne‚
1080 1821 1277 1868 capellanis,
1310 1823 1470 1870 magistro
1502 1825 1659 1859 Antonio

183 1878 329 1918 medico,
359 1877 522 1912 Gilberto
542 1878 680 1918 clerico,
708 1877 871 1913 Johanne
889 1879 1056 1925 portario,
1077 1883 1112 1913 et
1129 1878 1247 1913 multis
1265 1879 1350 1914 aliis.

186 2047 418 2081 Confirmatio
437 2046 655 2082 ecclesiarum
675 2047 717 2081 de
738 2047 968 2088 Dundonald,
998 2048 1151 2082 Sanchar
1179 2053 1214 2082 et
1233 2048 1440 2082 chhinlec
1459 2060 1538 2082 611111
1556 2050 1660 2095 perti-

184 2111 322 2139 nentus.

186 2215 428 2251 OMNIBUS
456 2215 581 2250 Christi
600 2214 759 2249 fidelibus
777 2221 847 2250 tam
866 2214 1081 2263 presentibus
1108 2228 1211 2262 quam
1238 2216 1364 2250 futuris
1384 2216 1567 2251 Wilelmus
1585 2230 1661 2264 per-

187 2271 342 2306 missione
361 2272 480 2306 divina
498 2270 728 2318 Glaligwenfis
747 2270 924 2318 episcopus
954 2271 1098 2306 salutem
1128 2272 1164 2306 in
1196 2271 1365 2306 Domino.
1418 2272 1568 2308 Noverit
1586 2275 1661 2309 uni-

187 2327 326 2363 verfitas
344 2327 453 2363 vestra
470 2341 534 2362 nos
553 2328 595 2362 de
614 2327 754 2374 capituli
772 2327 878 2362 nostri
896 2325 1038 2368 affensu,
1067 2328 1184 2364 divine
1202 2328 1340 2375 pietatis
1358 2330 1498 2370 intuitu,
1521 2328 1658 2371 dedisse,

891 2386 913 2416 ⁶2
933 2394 951 2416 F
