1839 2652
233 288 279 320 24
627 284 944 321 REGISTRUM
973 284 1312 320 MONASTERII

230 381 342 416 mulin
358 380 459 429 super
487 381 573 422 Are,
606 382 779 429 predictas
804 387 915 416 terras
941 385 976 415 et
1000 381 1164 428 pasturas,
1193 394 1271 415 cum
1298 382 1458 417 omnibus
1488 384 1707 430 pertinentiis

230 438 308 479 suis,
337 444 371 473 et
390 439 432 473 de
451 438 612 472 omnibus
629 438 743 479 rebus,
772 443 894 472 contra
912 449 1033 471 omnes
1062 437 1232 471 homines.
1286 437 1366 471 Hiis
1384 438 1536 480 testibus,
1565 441 1707 475 domino

233 495 390 529 W'altero
409 493 614 541 Glasguenfi
632 494 802 541 episcopo,
831 493 948 527 Adam
967 493 1089 527 abbate
1108 493 1150 527 de
1171 492 1318 534 Melros,
1344 493 1366 529 J
1369 494 1507 529 ohanne
1524 495 1646 531 abbate
1665 497 1707 531 de

234 550 441 591 Kilwinnin,
476 550 628 584 Waltero
657 550 795 586 Olifard
815 549 1005 597 justiciario
1033 549 1227 589 Laudonie,
1257 549 1376 584 David
1402 550 1508 585 fratre
1535 550 1606 592 suo,
1636 551 1708 587 Re-

230 607 372 653 ginaldo
403 607 445 641 de
475 606 661 641 Crawsord
691 606 895 641 vicecomite
926 605 969 639 de
996 605 1083 646 Are,
1114 604 1294 639 Macolmo
1327 605 1497 647 Loccard,
1528 605 1707 642 Macolmo

230 664 302 698 filio
329 662 400 703 suo,
435 662 593 709 Hugone
619 662 691 696 filio
722 661 922 708 Reginaldi,
956 661 1113 707 Rogerio
1142 661 1214 695 filio
1241 660 1346 708 Glay,
1384 662 1536 697 Ricardo
1554 663 1705 705 Valenfi,

230 719 393 755 Johanne
412 719 454 753 de
474 718 695 765 Mungumri,
725 718 886 752 Hectore
905 717 947 751 de
967 717 1099 757 Cari-ic,
1127 717 1289 763 magistro
1311 717 1466 764 Hugone
1491 719 1534 753 de
1558 719 1708 754 Norma-

230 776 323 816 villa,
355 774 515 822 magistro
535 775 577 809 de
596 774 681 815 Nes,
703 774 879 814 VVilelmo,
912 772 1019 813 Luca,
1052 772 1210 813 Odardo,
1244 773 1440 820 capellanis,
1474 773 1640 810 VVilelmo
1664 776 1707 810 de

232 832 383 872 Perthic,
415 830 572 865 Roberto
591 831 633 865 de
653 829 815 870 Ellelam,
835 829 979 869 clericis,
1008 834 1043 863 et
1061 828 1179 863 multis
1197 829 1271 863 aliis
1289 829 1498 864 hominibus.

232 1002 339 1037 Carta
365 1001 513 1036 W'alteri
537 999 690 1040 secundi,
718 1000 780 1034 filii
800 999 919 1039 Alani,
945 998 988 1033 de
1007 998 1197 1032 donatione
1223 998 1380 1032 omnium
1400 998 1573 1034 bonorum
1592 1000 1635 1034 de
1653 1013 1705 1034 ca-

230 1058 365 1092 nonicis
383 1057 426 1092 de
445 1056 715 1104 Simpringham.

229 1168 468 1205 OMNIBUS
500 1167 617 1203 sanet-e
647 1169 765 1202 matris
796 1166 933 1202 ecclesie
963 1166 1053 1206 filiis,
1090 1171 1160 1200 tam
1191 1165 1405 1212 presentibus
1433 1179 1536 1212 quam
1566 1167 1702 1207 futuris,

230 1225 406 1260 Walterus
423 1225 514 1259 filius
542 1225 660 1265 Alani,
689 1224 822 1258 domini
850 1224 958 1269 Regis
978 1222 1093 1256 Scotie
1118 1220 1333 1262 senescallus,
1361 1221 1517 1256 salutem.
1584 1222 1704 1257 Sciatis

227 1294 303 1322 nos,
323 1282 440 1315 divine
464 1281 616 1315 caritatis
633 1281 775 1320 intuitu,
796 1278 935 1319 dedifl‘e,
964 1275 1156 1312 conceffiffe
1176 1282 1210 1311 et
1228 1277 1291 1311 hac
1318 1283 1413 1311 carta
1439 1276 1554 1312 nostra
1580 1278 1705 1312 confir-

228 1335 331 1372 maffe
365 1337 446 1371 Deo
481 1342 516 1371 et
551 1336 681 1370 Sancto
716 1335 849 1371 Jacobo
876 1340 911 1369 et
946 1335 1076 1370 saneto
1117 1334 1252 1368 Mirino
1287 1335 1330 1369 de
1366 1334 1523 1376 Paffelet,
1563 1341 1597 1370 et
1632 1349 1705 1370 mo-

226 1394 344 1428 nachis
378 1393 506 1427 ibidem
541 1392 622 1427 Deo
656 1391 884 1426 servientibus
915 1397 949 1425 et
974 1392 1232 1438 imperpetuum
1258 1389 1446 1431 servituris,
1478 1404 1599 1426 omnes
1627 1392 1704 1426 red-

228 1451 320 1485 ditus
337 1451 375 1484 in
392 1450 504 1490 terris,
533 1448 754 1487 molendinis,
782 1446 937 1494 pasturis,
963 1446 1124 1494 piscariiS,
1153 1452 1188 1480 et
1206 1446 1280 1480 aliis
1298 1447 1407 1487 bonis,
1435 1460 1502 1493 que
1529 1448 1704 1482 canonicis

227 1512 261 1541 et
294 1505 503 1540 monialibus
538 1505 581 1538 de
611 1503 868 1551 Simpringham
902 1503 998 1550 prius
1036 1502 1259 1544 contulimus,
1299 1509 1333 1537 et
1367 1516 1434 1549 que
1464 1502 1523 1550 ipfi
1555 1503 1702 1550 postmo-

227 1563 311 1597 dum
337 1560 600 1607 resignaverunt
633 1559 693 1594 sua
726 1559 908 1593 voluntate
934 1558 1146 1606 spontanea3
1188 1559 1399 1593 Tenendum
1434 1565 1469 1593 et
1503 1559 1701 1594 habendum

225 1620 263 1652 in
280 1630 404 1665 puram
429 1616 574 1650 liberam
593 1621 628 1650 et
653 1620 858 1663 perpetuam
886 1613 1117 1654 elemosinam,
1145 1615 1232 1648 adeo
1260 1615 1368 1649 libere
1400 1621 1434 1649 et
1463 1615 1590 1661 quiete,
1618 1614 1701 1650 ficut

225 1674 340 1720 aliqua
358 1671 543 1707 elemosina
561 1685 603 1706 ex
622 1672 811 1706 donatione
830 1671 964 1705 comitis
981 1670 1037 1705 vel
1064 1670 1203 1704 baronis
1220 1671 1257 1704 in
1275 1683 1385 1717 regno
1404 1671 1530 1712 Scotie,
1558 1671 1701 1706 liberius

227 1737 261 1765 et
278 1730 427 1777 quietius
445 1734 587 1763 tenetur
605 1733 640 1762 et
657 1726 857 1775 poflidetur.
910 1726 1108 1761 Reddendo
1134 1725 1274 1772 fingulis
1299 1727 1399 1761 annis
1429 1727 1698 1774 imperpetuum,

225 1786 455 1833 quadraginta
478 1797 611 1819 marcas
637 1784 674 1818 in
692 1784 797 1818 domo
817 1783 859 1817 de
881 1783 1062 1817 Driburch
1088 1783 1254 1829 predictis
1280 1783 1455 1817 canonicis
1481 1789 1516 1818 et
1543 1783 1700 1818 moniali-

224 1843 299 1883 bus,
331 1842 387 1876 vel
416 1853 539 1875 eorum
566 1840 796 1887 procuratori.
850 1839 930 1873 Hiis
947 1839 1098 1879 testibus,
1127 1839 1270 1873 domino
1303 1838 1483 1874 Macolmo
1512 1840 1637 1874 comite
1656 1841 1700 1874 de

227 1898 292 1938 Fif,
323 1897 505 1932 Macolmo
533 1896 605 1930 filio
637 1896 772 1930 comitis
797 1895 839 1930 de
866 1895 1046 1935 Levenax,
1084 1894 1215 1929 Eimei·’
1242 1895 1284 1929 de
1311 1894 1531 1937 MakiswelP,
1560 1896 1699 1930 Thoma

227 1954 331 1995 Croc,
361 1953 479 1988 Adam
498 1951 648 1993 Valenfi,
678 1951 840 1986 Galfrido
868 1950 1054 1992 Blarscall',
1083 1951 1248 1986 WVilelmo
1270 1951 1313 1986 de
1341 1952 1491 1993 Perthic,
1520 1958 1554 1987 et
1581 1953 1697 1987 multis

225 2010 310 2044 aliis.

225 2178 333 2213 Carta
348 2178 441 2213 inter
458 2191 533 2219 nos,
561 2183 596 2213 et
614 2177 821 2225 Magistrum
839 2177 881 2212 de
901 2177 1157 2224 Simpringham
1175 2178 1218 2213 de
1238 2178 1323 2212 Are.

229 2288 467 2325 OMNIBUS
493 2291 554 2325 has
570 2291 704 2326 litteras
721 2290 842 2326 vifiiris
867 2290 924 2325 vel
954 2290 1135 2331 audituris,
1166 2290 1339 2325 Rieardus
1370 2290 1440 2325 Dei
1466 2289 1699 2326 misericordia

228 2345 387 2392 magister
404 2347 535 2382 ordinis
553 2348 596 2383 de
615 2347 873 2395 Simpringham
892 2352 926 2382 et
944 2347 1133 2394 capitulum
1152 2346 1304 2394 ejusdem
1322 2347 1464 2389 ordinis,
1491 2346 1635 2383 salutem
1662 2349 1698 2383 in
