1839 2652
179 303 247 335 112
581 291 898 328 REGISTRUM
926 289 1267 327 MONASTERII

180 394 301 443 ipsum,
329 393 366 426 in
384 403 452 438 quo
471 390 590 424 divino
608 388 797 435 mancipati
815 387 890 422 estis
908 386 1082 434 obsequio,
1115 401 1195 423 cum
1213 388 1376 423 omnibus
1392 388 1492 424 bonis
1510 403 1578 436 que
1596 391 1659 425 im-

180 449 432 498 presentiaium
449 445 704 480 rationabiIIter
720 442 866 491 poffidet
891 449 952 478 aut
980 444 1018 478 in
1048 445 1207 479 futurum
1230 444 1329 492 justis
1358 438 1470 479 modis
1487 447 1660 492 prestante

181 505 339 540 Domino
357 502 487 549 poterit
504 499 653 547 adipisci,
681 498 741 533 sub
767 499 859 534 beati
887 499 983 534 Petri
1011 506 1045 535 et
1071 500 1186 534 nostra
1210 500 1432 547 protectione
1449 499 1659 548 suscipimus.

182 559 384 608 Specialiter
402 562 519 591 autem
538 553 790 590 conceffionem
809 554 1030 590 ecelesiarum
1062 556 1104 591 de
1138 556 1300 596 Katkert,
1330 556 1372 590 de
1393 556 1589 603 Ruthglen,
1617 558 1660 592 de

182 617 417 654 Cormannoc,
438 613 481 647 de
502 612 708 652 Kilberhan,
737 611 779 645 de
799 610 971 652 Mernes’,
1000 617 1035 646 et
1053 612 1096 646 de
1115 611 1248 652 Polloc,
1268 625 1288 646 a
1304 611 1396 646 bone
1414 612 1582 647 memorie
1601 612 1662 648 Jo-

184 671 297 706 celino
317 667 522 715 Glasguenfi
552 667 724 715 episcopo,
757 667 800 702 de
829 667 971 714 capituli
1000 666 1223 714 Glasguenfis
1253 666 1396 708 affensu‚
1427 673 1462 702 et
1479 667 1662 703 Florentio

182 725 387 774 Glasguenfi
400 725 525 766 eleeto,
541 725 624 759 dum
637 736 755 758 curam
769 729 908 769 gereret
923 722 1060 759 ecclefie
1074 722 1307 770 Glasguenfis,
1323 724 1368 758 ad
1379 723 1536 764 vestram,
1552 723 1663 771 hospi-

182 789 258 818 tum
276 781 482 821 vestrorum,
503 786 538 815 et
555 792 761 827 pauperum,
781 778 1074 820 sustentationem,
1102 779 1292 814 liberaliter
1309 780 1406 814 vobis
1423 780 1563 820 factam,
1583 792 1663 814 cum

185 838 345 873 omnibus
359 836 579 884 pertinentiis
590 835 668 876 suis,
683 835 1002 875 decimisvidelicet‚
1013 835 1216 876 redditibus,
1230 836 1342 876 terris,
1357 840 1391 870 et
1404 834 1663 883 pofl'effionibus

186 895 271 936 aliis,
298 892 383 928 ficut
408 893 463 940 pie
491 897 525 926 et
542 892 688 939 provide
706 892 798 927 faeta
816 891 863 925 est
880 897 914 925 et
931 891 968 925 in
986 891 1169 925 autenticis
1188 892 1381 926 eorundem
1399 892 1536 939 plenius
1555 893 1665 926 conti-

185 956 302 990 netur,
320 949 418 984 vobis
436 954 470 983 et
490 960 553 995 per
569 960 632 982 vos
650 947 763 982 eidem
781 947 987 981 monasterio
1009 946 1132 987 vestm,
1153 946 1362 982 auctoritate
1381 947 1565 994 apostolica
1583 961 1666 984 con-

185 1007 374 1045 firmamus,
407 1010 441 1039 et
467 1003 634 1052 presentis
660 1002 776 1050 scripti
804 1003 998 1050 patrocinio
1030 1003 1298 1037 communimus,
1350 1003 1451 1038 Nulli
1481 1004 1667 1039 hominum

186 1062 330 1097 omnino
348 1061 450 1095 liceat
467 1060 557 1094 hane
574 1059 736 1106 paginam
755 1058 869 1092 nostre
886 1059 1116 1106 protectionis
1134 1064 1168 1094 et
1187 1060 1460 1094 confirmationis
1473 1061 1664 1107 infringere

186 1119 243 1154 vel
262 1119 293 1152 ei
311 1117 395 1152 ausu
414 1116 600 1151 temerario
619 1115 793 1149 contraire
808 1127 816 1148 ε
843 1113 867 1148 fi
885 1115 961 1160 quis
987 1121 1105 1149 autem
1122 1115 1190 1150 hoc
1207 1121 1414 1162 attemptare
1432 1114 1662 1162 presumserit,

188 1174 466 1220 indignationem
486 1169 735 1218 omnipotentis
760 1170 831 1204 Dei
857 1177 891 1204 et
915 1170 1099 1205 beatorum
1127 1171 1224 1206 Petri
1251 1177 1285 1206 et
1313 1171 1413 1205 Pauli
1431 1171 1665 1218 apostolorum

188 1231 272 1278 ejus,
292 1229 325 1263 se
342 1229 481 1263 noverit
498 1225 729 1262 incursurum.
781 1225 917 1260 Datum
937 1226 1050 1261 Reate
1068 1227 1091 1260 ii
1111 1226 1196 1262 Idus
1214 1226 1237 1262 J
1240 1227 1313 1261 unii
1325 1227 1548 1274 pontificatus
1560 1226 1666 1261 nostri

188 1299 281 1321 anno
299 1285 415 1320 tertio.

193 1455 350 1491 Donatio
370 1452 508 1488 ecclesie
527 1452 569 1487 de
590 1451 784 1499 Innyrkyp.

193 1567 385 1604 NOTUM
406 1566 487 1602 SIT
506 1565 666 1600 omnibus
683 1570 754 1599 tam
772 1563 988 1611 presentibus
1005 1578 1108 1611 quam
1125 1566 1250 1600 suturis
1268 1566 1362 1612 quod
1380 1578 1445 1612 ego
1465 1565 1668 1600 Baldwinus

193 1625 387 1659 vicecomes
402 1623 444 1657 de
460 1622 621 1656 Lanharc
635 1621 729 1655 dono
748 1626 782 1654 et
799 1620 835 1653 in
852 1626 1061 1666 perpetuum
1076 1622 1231 1656 concedo
1244 1621 1325 1656 Deo
1340 1627 1374 1656 et
1392 1620 1530 1656 ecelefie
1549 1621 1668 1656 Sancti

195 1682 321 1716 Mirini
334 1681 376 1714 de
392 1678 539 1714 Paffelet
554 1684 587 1713 et
599 1678 777 1712 monachis
790 1677 919 1711 ibidem
934 1676 1015 1711 Deo
1033 1675 1270 1717 servientibus,
1291 1676 1465 1711 ecclefiam
1485 1678 1527 1711 de
1543 1677 1669 1724 Innyr-

192 1739 263 1785 kyp
281 1737 375 1771 ultra
391 1748 518 1775 mores9
538 1747 617 1769 cum
635 1739 710 1768 tota
728 1734 787 1767 illa
804 1738 985 1767 nummata
1001 1738 1094 1767 terre
1112 1733 1204 1766 inter
1221 1733 1353 1767 rivulos
1370 1733 1429 1767 ubi
1447 1732 1518 1780 ipsa
1531 1733 1671 1768 ecclefia

195 1793 242 1828 est
259 1792 414 1831 fundata,
447 1796 481 1825 et
499 1803 578 1825 cum
609 1790 809 1836 integritate
838 1788 1001 1836 parochie
1029 1787 1087 1822 sue
1116 1794 1150 1822 et
1181 1788 1341 1822 omnibus
1359 1788 1434 1822 aliis
1451 1789 1671 1835 pertinentiis

195 1849 261 1884 suis
278 1862 286 1883 :
315 1847 522 1882 Tenendam
541 1847 577 1880 in
595 1846 738 1880 liberam
757 1851 791 1879 et
817 1850 1021 1892 perpetuam
1052 1843 1271 1879 elemosinam
1302 1845 1350 1878 ita
1376 1844 1484 1879 libere
1503 1850 1538 1879 et
1555 1846 1670 1891 quiete

196 1905 280 1940 ficut
296 1904 439 1938 liberius
457 1910 491 1937 et
509 1902 658 1948 quietius
676 1907 798 1935 tenent
817 1907 851 1935 et
869 1898 1039 1947 pcffident
1057 1900 1206 1945 reliquas
1221 1898 1376 1935 ecclefias
1395 1900 1437 1934 de
1457 1900 1609 1947 Stragrif
1628 1913 1671 1935 ex

198 1962 292 1996 dono
311 1960 458 1994 Walteri
476 1959 537 1992 filii
556 1958 664 1991 Alani
695 1957 838 2004 dapiferi
859 1956 967 2002 Regis
995 1956 1134 1990 Scotie:
1164 1956 1267 1990 Salvo
1291 1962 1494 1991 tenemento
1522 1957 1671 1991 Roberti

199 2016 368 2064 capellani
388 2016 430 2049 de
450 2014 588 2048 Renfru
600 2013 715 2059 quoad
728 2012 865 2053 vixerit,
878 2010 940 2046 nifi
956 2012 1063 2047 vitam
1082 2011 1188 2053 suam,
1208 2012 1406 2059 religiosum
1421 2013 1559 2059 capiens
1572 2013 1673 2047 indu-

198 2079 366 2113 mentum,
387 2071 585 2106 mutaverit.
638 2070 685 2104 Et
704 2076 744 2104 ut
775 2075 850 2104 rata
880 2074 914 2103 et
943 2067 1068 2102 stabilis
1086 2068 1344 2115 imperpetuum
1371 2067 1411 2102 fit
1440 2068 1499 2102 ista
1517 2069 1671 2109 donatio,

200 2135 329 2164 cartam
348 2128 442 2162 istam
460 2128 496 2161 in
513 2125 686 2174 presentia
703 2125 894 2173 proborum
913 2124 1071 2159 virorum
1097 2122 1196 2157 scribi
1213 2124 1313 2164 facio,
1344 2129 1378 2158 et
1397 2137 1472 2158 eam
1490 2123 1588 2170 figilli
1605 2125 1674 2159 mei

201 2183 412 2232 appositione
431 2183 612 2223 confirmo,
632 2181 726 2228 quod
743 2181 787 2216 ad
805 2181 961 2215 omnium
980 2178 1196 2226 posterorum
1214 2180 1373 2213 notitiam
1391 2180 1575 2226 pervenire
1593 2178 1674 2214 defi-

202 2242 298 2275 dero.
351 2240 470 2286 Hujus
488 2244 581 2273 carte
594 2237 671 2272 sunt
690 2237 799 2278 testes,
818 2237 996 2271 Robertus
1015 2235 1056 2270 de
1072 2235 1263 2276 Costentin‚
1282 2235 1457 2269 lValterus
1476 2236 1518 2269 de
1534 2236 1674 2270 Costen-

201 2297 264 2336 tin,
295 2295 484 2329 Dovenald
514 2294 605 2328 filius
624 2293 761 2334 Ewein,
795 2293 956 2339 Nigellus
988 2292 1030 2326 de
1063 2291 1254 2332 Costentin‚
1288 2291 1405 2326 Swein
1432 2291 1523 2326 filius
1549 2292 1672 2332 Thori,

204 2351 381 2386 Robertus
400 2350 442 2385 de
461 2349 738 2396 Mongummeri,
769 2349 947 2385 Robertus
967 2348 1070 2389 Croc,
1105 2347 1282 2383 Robertus
1310 2347 1352 2382 de
1372 2345 1573 2394 Hastingis’,
1605 2347 1675 2382 Ra-
