1839 2652
745 263 817 299 DE
844 263 1115 299 PASSELET.
1582 269 1652 302 203

172 415 302 457 Quieta
320 415 481 450 clamatio
501 416 650 451 Norrini
671 415 931 463 Monnorgund
949 423 984 452 et
1001 415 1122 465 sponse
1140 416 1199 452 sue
1218 417 1422 453 Forveleth.

170 527 411 564 OMNIBUS
438 529 564 564 Christi
582 528 743 563 fidelibus
760 527 900 575 presens
918 528 1082 576 scriptum
1101 528 1224 564 visuris
1242 530 1299 565 vel
1327 530 1499 565 audituris
1527 530 1651 566 Norri-

171 596 237 618 nus
254 584 297 619 de
318 584 578 631 Monnorgund
597 592 631 619 et
651 585 841 618 Forveleth
859 583 979 631 sponsa
997 585 1056 619 sua
1073 584 1218 620 salutem
1239 586 1276 620 in
1296 586 1455 621 Domino
1472 586 1650 634 sempiter-

170 654 262 676 nam.
318 642 468 676 Noverit
486 640 689 676 universitas
707 640 817 675 vestra
835 653 899 674 nos
918 641 1021 687 plene
1040 646 1074 675 et
1102 642 1239 688 integre
1257 641 1421 689 recepiffe
1441 643 1483 677 de
1502 643 1652 679 dominis

171 698 310 733 Abbate
330 703 364 732 et
383 703 559 732 conventu
579 697 622 731 de
638 695 785 731 Paffelet
802 697 1033 743 quadraginta
1044 697 1102 732 sex
1114 711 1257 738 marcas,
1274 699 1357 732 06ὶο
1372 698 1510 740 solidos,
1531 700 1651 735 decem

170 755 332 789 denarios
350 761 384 788 et
402 754 545 788 obolum
564 766 628 787 nos
646 754 892 799 contingentes
910 754 952 788 de
970 754 1038 788 illis
1056 760 1199 788 centum
1225 755 1457 801 quadraginta
1474 757 1599 791 marcis
1616 757 1652 791 in

170 811 305 857 quibus,
334 810 511 845 nobiscum
540 816 574 844 et
592 822 671 843 cum
689 809 854 845 Johanne
882 809 924 843 de
944 809 1142 844 VVardroba
1169 816 1205 844 et
1236 810 1354 845 Maria
1371 811 1491 858 sponsa
1518 812 1588 854 sua,
1617 819 1652 848 et

172 867 355 902 Bernardo
374 867 416 901 de
438 866 525 900 Erth
545 871 579 900 et
598 866 711 900 Elena
729 865 850 912 sponsa
867 864 937 906 sua,
966 872 1221 906 convenerunt,
1252 867 1295 900 ad
1326 867 1422 901 litem
1451 867 1652 915 sopiendam

170 925 262 960 inter
280 938 344 959 nos
362 930 397 959 et
414 924 592 971 predictos
611 924 786 958 Abbatem
817 929 851 958 et
882 928 1095 957 conventum
1115 928 1246 956 motam
1264 922 1366 970 super
1384 924 1486 958 terris
1504 925 1546 959 de
1566 925 1654 960 Coc-

170 981 328 1021 manach‚
362 981 609 1028 Edynbernan,
638 980 850 1020 Fimbaiach,
880 979 1023 1014 Backan
1042 985 1077 1013 et
1096 978 1331 1020 Drulncreue,
1361 980 1404 1014 de
1430 980 1555 1026 quibus
1572 994 1653 1027 qua-

171 1037 332 1084 draginta
350 1037 406 1071 sex
425 1037 560 1077 marcis,
581 1037 663 1071 octo
681 1035 808 1076 solidis,
830 1036 951 1070 decem
982 1036 1134 1070 denariis
1164 1042 1199 1070 et
1217 1036 1321 1070 obolo
1351 1037 1562 1071 confitemur
1590 1049 1654 1072 nos

171 1094 260 1128 bene
291 1099 326 1128 et
351 1093 455 1141 plene
486 1091 552 1127 effe
582 1098 723 1140 pacatos
739 1107 748 1135 3
777 1092 872 1126 unde
902 1093 1101 1140 exceptioni
1129 1093 1278 1140 pecunie
1309 1105 1382 1127 non
1413 1093 1552 1134 tradite,
1580 1106 1654 1128 11011

170 1149 293 1191 solute,
321 1163 394 1183 non
412 1154 606 1190 numerate,
636 1149 883 1184 renunciamus
902 1147 1068 1196 expreffe,
1097 1149 1259 1184 volentes
1290 1155 1325 1184 et
1355 1150 1589 1185 concedentes
1614 1156 1654 1185 ut

170 1205 335 1253 scriptum
354 1205 455 1253 super
474 1206 574 1240 totali
592 1206 741 1252 pecunia
757 1206 1003 1252 prenominata
1020 1205 1233 1246 confectum,
1261 1211 1434 1252 quatenus
1460 1219 1524 1241 nos
1543 1207 1655 1253 tangit

171 1263 228 1297 vel
246 1263 346 1297 nobis
364 1263 542 1309 competit,
562 1262 692 1296 nullius
710 1261 748 1296 fit
766 1262 915 1302 virtutis,
935 1262 1074 1301 valoris,
1095 1275 1160 1296 nec
1178 1262 1279 1296 nobis
1293 1275 1358 1297 nec
1376 1263 1479 1297 alicui
1498 1263 1652 1297 nostrum

173 1319 215 1353 de
234 1324 352 1353 cetero
370 1319 571 1358 valiturum,
588 1318 646 1352 sed
664 1318 780 1365 potius
797 1317 976 1364 cujussibet
994 1319 1143 1352 actionis
1161 1331 1282 1353 carens
1299 1320 1441 1354 virtute.
1496 1320 1539 1354 In
1556 1319 1654 1367 cujus

172 1375 223 1409 rei
240 1374 475 1409 testimouium
494 1374 645 1422 presenti
664 1373 789 1421 scripto
807 1373 955 1420 figillum
974 1374 1124 1420 magistri
1144 1374 1283 1409 Thome
1302 1375 1344 1410 de
1365 1376 1538 1422 Abyrden
1569 1381 1653 1410 tunc

174 1431 329 1465 officialis
349 1431 480 1465 domini
503 1431 652 1465 Roberti
672 1430 742 1464 Dei
760 1431 872 1477 gratia
899 1429 1131 1477 Glasgwenfis
1162 1430 1323 1478 episcopi,
1351 1445 1422 1466 una
1440 1445 1519 1466 cum
1538 1430 1654 1479 figillis

172 1486 305 1528 nostris,
325 1488 453 1534 apponi
471 1487 627 1521 fecimus.
681 1486 761 1520 Hiis
779 1486 929 1521 testibus.

174 1656 281 1692 Carta
300 1655 483 1690 Malcolmi
503 1655 639 1690 comitis
657 1655 700 1690 de
719 1655 899 1696 Levenax,
920 1656 1015 1701 quod
1033 1656 1130 1690 nulle
1149 1657 1328 1703 captiones
1346 1657 1442 1691 fiant.

173 1768 412 1805 OMNIBUS
440 1767 567 1803 Christi
584 1767 745 1802 fidelibus
762 1766 904 1814 presens
934 1767 1099 1815 scriptum
1131 1767 1254 1803 visuris
1283 1769 1340 1803 vel
1368 1769 1540 1804 audituris
1559 1769 1652 1805 Mal-

172 1826 306 1860 colmus
324 1837 440 1859 comes
459 1825 501 1858 de
521 1824 689 1858 Levenax
706 1823 849 1858 salutem
869 1824 906 1857 in
923 1823 1080 1859 Domino
1098 1824 1355 1872 sempiternam.
1409 1825 1562 1861 Noverit
1575 1827 1651 1861 uni-

173 1880 311 1916 verfitas
324 1880 436 1915 vestra
447 1893 503 1914 me
516 1878 709 1914 conceffiffe
728 1885 763 1914 et
780 1878 933 1927 presenti
951 1886 1046 1915 carta
1064 1894 1142 1916 mea
1160 1880 1377 1916 confirmaffe
1398 1882 1491 1923 Deo,
1514 1883 1652 1918 Sanctis

172 1937 306 1972 Jacobo
326 1942 360 1971 et
381 1936 515 1970 Mirino
534 1936 577 1970 de
598 1934 745 1970 Paflelet
763 1941 798 1970 et
816 1937 995 1971 monachis
1014 1937 1141 1972 ibidem
1171 1938 1252 1972 Deo
1283 1937 1512 1972 servientibus
1531 1945 1565 1973 et
1591 1940 1653 1973 im-

173 1998 384 2039 perpetuum
402 1991 590 2032 servituris,
619 1992 663 2026 ad
680 2004 801 2038 pacem
821 1997 856 2026 et
873 1992 1026 2038 quietem
1056 2006 1179 2028 eorum
1208 1993 1443 2040 imposterum,
1473 1995 1517 2028 ob
1549 1995 1652 2029 devo-

174 2048 306 2082 tionem
325 2060 429 2093 quam
451 2060 533 2093 erga
550 2046 639 2094 ipsos
657 2048 812 2094 concepi,
841 2048 936 2094 quod
953 2048 1142 2084 servientes
1168 2050 1236 2084 mei
1264 2063 1329 2084 nec
1358 2050 1481 2096 aliquis
1498 2050 1652 2097 ipsorum

174 2104 289 2139 nullas
307 2105 485 2151 captiones
502 2104 630 2138 facient
646 2117 712 2139 nec
730 2105 868 2151 capient
893 2105 938 2139 ad
968 2118 1056 2152 opus
1086 2118 1214 2145 meum,
1243 2118 1309 2139 nec
1336 2106 1481 2153 alicujus
1509 2107 1652 2142 alterius

174 2161 317 2195 nomine
335 2161 404 2194 mei
421 2160 477 2194 vel
495 2161 716 2201 auctoritate,
745 2161 788 2195 de
807 2161 906 2194 bonis
932 2161 1115 2195 hominum
1141 2161 1383 2207 prediffmrum
1410 2162 1651 2209 religiosorum

175 2217 211 2250 in
228 2216 330 2251 terris
348 2215 415 2250 suis
433 2215 476 2249 de
496 2215 664 2250 Levenax
681 2216 910 2256 manentium,
939 2230 1005 2251 nec
1030 2223 1141 2251 terras
1168 2216 1243 2251 suas
1270 2217 1514 2264 ingredientur
1531 2221 1576 2255 ad
1593 2220 1652 2255 ali-

174 2284 258 2318 quas
275 2271 456 2312 molestias,
471 2271 615 2318 injurias
632 2271 691 2306 seu
702 2274 906 2318 gravamina
922 2272 1123 2306 hominibus
1141 2272 1209 2307 suis
1226 2273 1423 2316 inferenda,
1440 2287 1505 2310 nec
1522 2276 1652 2312 ibidem

174 2328 445 2374 pernoctabunt,
473 2340 539 2363 nec
568 2327 684 2374 aliqua
710 2327 828 2374 aliquo
846 2328 952 2363 modo
984 2329 1132 2376 capient,
1159 2335 1282 2376 petent
1298 2330 1356 2367 vel
1373 2337 1585 2380 extorquent
1609 2333 1652 2368 ab
