1839 2652
691 287 760 321 DE
789 285 1058 322 PASSELET.
1546 290 1617 327 ⁹247

138 444 333 478 Indentura
351 443 442 477 inter
460 441 647 488 burgenses
666 441 708 475 de
730 439 891 479 Reinfru‚
925 444 959 473 et
979 438 1154 473 Abbatem
1174 444 1208 472 et
1227 444 1442 472 conventum
1470 439 1513 472 de
1545 437 1618 473 Pas-

135 500 253 540 seleto,
274 500 316 534 de
335 499 539 533 molendino
552 498 654 546 juxta
673 496 839 544 capellam
860 495 988 529 Sancite
1009 494 1124 529 Marie
1144 495 1186 529 de
1208 494 1371 529 Reinfru.

138 611 362 647 PRESENS
380 611 568 645 indentura
586 609 728 644 testatur
742 608 837 654 quod
848 620 941 642 anno
960 607 1002 640 ab
1020 607 1261 641 incarnatione
1275 607 1423 641 Domini
1439 607 1618 642 millefimo

136 664 476 714 quadringentesimo
496 665 631 700 decimo
650 669 786 710 quarto,
816 663 871 697 die
901 662 1027 697 Martis
1045 663 1159 710 primo
1179 663 1234 697 die
1254 662 1376 697 menfis
1397 663 1485 698 Maii
1504 665 1539 698 in
1558 664 1620 699 fes—

136 725 178 757 tis
198 722 450 770 Apostolorum
471 721 621 768 Philippi
649 726 684 754 et
714 719 836 755 Jacobi
863 719 955 753 faeta
985 718 1032 753 est
1062 719 1251 753 conventio
1270 719 1358 760 talis,
1392 720 1472 754 data
1489 720 1558 755 fide
1576 721 1619 755 ab

136 786 284 826 utraque
298 784 408 826 parte,
428 778 520 812 inter
533 776 768 811 venerabilem
784 780 918 823 patrem
934 775 1117 809 dominum
1135 774 1338 809 Wilelmum
1353 775 1396 810 de
1413 775 1619 811 Chessielme

138 836 209 871 Dei
225 835 338 882 gratia
357 834 531 868 Abbatem
551 838 586 868 et
603 838 817 867 conventum
838 832 881 866 de
903 829 1083 871 Paffeleto‚
1113 831 1245 865 ordinis
1265 831 1514 873 Cluniaeenfis,
1548 834 1621 867 dio-

139 891 218 926 eesls
238 889 470 937 GlafiguenHS,
503 902 546 924 ex
564 902 634 923 una
652 894 761 935 parte,
796 894 829 922 et
862 887 1050 933 burgenses
1078 894 1112 922 et
1141 888 1430 923 communitatem
1458 889 1559 936 burgi
1578 891 1621 925 de

142 947 310 981 Renfrew
329 958 371 980 ex
389 952 487 992 parte
506 945 625 984 altera,
656 944 773 977 habito
792 942 893 990 super
912 944 978 978 hoc
996 944 1091 991 prius
1111 944 1270 990 diligenti
1298 945 1463 986 tractatu,
1497 946 1622 980 utrius-

139 1016 206 1049 que
224 1002 331 1050 partis
349 1002 499 1035 utilitate
527 1001 682 1046 undique
701 998 852 1046 pensata,
886 1001 929 1035 de
956 1001 1113 1035 unanimi
1133 1000 1299 1035 consensu
1331 1007 1365 1036 et
1397 1000 1528 1036 affensu
1547 1016 1623 1050 par-

140 1060 227 1094 tium
246 1059 496 1106 predictarum,
526 1057 695 1092 ratificat-a
712 1055 918 1104 pleniusque
936 1056 1082 1091 stabilita
1100 1057 1135 1090 in
1154 1057 1248 1091 hunc
1275 1058 1419 1092 modum
1437 1058 1497 1104 qui
1515 1057 1623 1105 sequi-

140 1122 198 1150 tur
214 1130 223 1158 ;
254 1115 362 1156 Quod
380 1114 471 1149 idem
492 1113 613 1149 Abbas
631 1119 665 1148 et
683 1118 878 1147 conventus
896 1126 993 1147 mera
1019 1119 1054 1147 et
1079 1112 1270 1160 spontanea
1287 1114 1471 1149 voluntate
1497 1114 1624 1150 affeda-

141 1177 224 1205 runt
250 1176 284 1206 et
309 1171 353 1205 ad
383 1170 637 1205 fewdofirmam
658 1168 862 1203 dimiserunt
880 1169 1140 1217 imperpetuum
1159 1169 1327 1216 predictis
1345 1170 1571 1217 burgensibus
1590 1178 1623 1206 et

140 1227 383 1261 communitati
414 1232 448 1261 et
476 1239 598 1261 eorum
616 1223 873 1266 succefl'oribus,
906 1225 995 1260 illud
1013 1225 1154 1260 illorum
1173 1226 1416 1261 molendinum
1445 1228 1488 1262 de
1516 1228 1626 1263 Reiu-

140 1284 228 1317 frew
245 1282 345 1317 fitum
367 1282 471 1330 juxta
488 1282 655 1329 capellam
674 1281 774 1316 beate
795 1280 911 1315 Marie
930 1281 1088 1328 Virginis
1119 1294 1161 1316 ex
1191 1288 1290 1329 parte
1321 1282 1508 1318 borientali
1540 1284 1625 1332 ejus-

142 1340 244 1373 dem:
283 1339 498 1374 Habendum
525 1345 560 1374 et
586 1338 779 1373 tenendum
799 1338 931 1372 dietum
952 1337 1195 1372 molendinum
1226 1338 1328 1373 dictis
1346 1339 1573 1386 burgensibus
1591 1347 1627 1375 et

141 1396 385 1430 communitati
403 1402 438 1431 et
456 1409 579 1431 eorum
597 1393 843 1430 succefforibus
861 1394 903 1428 de
922 1394 1063 1441 prefatis
1084 1394 1223 1429 Abbate
1242 1401 1277 1430 et
1308 1402 1487 1432 conventu
1506 1403 1541 1432 et
1559 1397 1626 1432 suis

140 1451 386 1487 iiiecefforibus
403 1453 462 1499 qui
480 1465 544 1500 pro
562 1458 721 1499 tempore
738 1451 870 1486 fuerint
889 1463 932 1485 ex
950 1455 1098 1496 utraque
1116 1456 1215 1498 parte
1233 1450 1427 1494 successive‚
1456 1466 1536 1488 cum
1554 1467 1627 1488 om-

142 1509 244 1543 nibus
260 1508 328 1543 suis
339 1509 570 1556 pertinentiis,
590 1508 819 1548 libertatibus,
840 1507 1147 1542 commoditatibus
1166 1513 1200 1542 et
1216 1506 1424 1544 aifiamentis
1435 1510 1479 1544 ad
1491 1511 1627 1545 dictum

142 1565 384 1599 molendinum
403 1563 639 1612 spectantibus
657 1564 715 1599 seu
733 1563 888 1612 spectare
907 1562 1103 1597 valentibus
1121 1564 1157 1598 in
1175 1564 1346 1605 futurum,
1376 1578 1416 1600 ac
1434 1565 1628 1613 specialiter

144 1634 222 1655 cum
241 1621 402 1655 omnibus
414 1621 564 1668 juribus,
584 1620 803 1655 libertatibus
821 1625 856 1654 et
873 1618 1080 1654 aifiamentis
1098 1633 1165 1666 que
1184 1621 1220 1655 in
1239 1621 1417 1656 dffi’corum
1436 1622 1581 1658 Abbatis
1593 1629 1628 1658 et

145 1683 339 1712 conventus
357 1677 582 1725 reperiuntur
599 1677 656 1712 vel
674 1677 828 1728 reperire
847 1677 1002 1724 poterint
1016 1678 1201 1712 evidentiis
1219 1679 1262 1713 ad
1282 1679 1370 1714 illud
1384 1680 1628 1715 molendinum

147 1746 226 1768 cum
245 1734 465 1780 pertinentiis
490 1733 753 1781 speetantibus3
785 1746 825 1768 ac
851 1734 955 1769 etiam
974 1734 1119 1769 liberam
1147 1735 1324 1770 licentiam
1356 1737 1400 1771 ad
1430 1738 1628 1784 querendos

144 1790 276 1836 lapides
295 1795 329 1824 et
348 1790 497 1824 molares
515 1790 558 1824 ad
577 1790 712 1825 dictum
729 1790 972 1825 molendinum
1003 1791 1039 1825 in
1067 1791 1134 1825 illis
1160 1791 1246 1826 locis
1272 1792 1332 1826 ubi
1351 1793 1436 1828 dicti
1456 1794 1576 1828 Abbas
1594 1800 1629 1828 et

146 1851 341 1880 conventus
358 1845 437 1880 suos
454 1851 608 1892 querunt
625 1846 775 1881 molares
792 1847 837 1881 ad
855 1859 978 1882 eorum
990 1848 1234 1883 molendinum
1247 1849 1289 1884 de
1305 1848 1487 1891 Pafl'eleto,
1508 1851 1627 1891 libere,

147 1902 275 1947 quiete,
307 1901 408 1942 bene,
440 1902 577 1949 integre
608 1908 643 1937 et
672 1903 709 1936 in
739 1916 834 1949 pace,
868 1904 904 1938 in
934 1904 1041 1938 feudo
1060 1910 1095 1939 et
1114 1905 1324 1940 hereditarie
1343 1906 1602 1954 imperpetuum
1619 1920 1627 1940 ε

152 1957 350 1992 Reddendo
368 1958 451 1992 inde
469 1958 649 1993 annuatim
679 1958 797 1993 ballivi
829 1965 864 1993 et
893 1960 1081 2007 burgenses
1112 1967 1147 1996 et
1178 1974 1300 1996 eorum
1320 1961 1525 1998 succeffores
1544 1964 1628 1998 dieti

147 2014 250 2060 burgi
269 2013 311 2047 de
332 2013 503 2049 Renfrew
520 2014 738 2061 conjunctim
757 2021 792 2049 et
810 2015 952 2057 divifim‚
984 2017 1152 2064 predictis
1172 2017 1298 2052 Abbati
1325 2025 1359 2052 et
1386 2020 1577 2053 conventui
1595 2025 1629 2053 et

149 2081 272 2103 eorum
290 2067 534 2104 succefforibus
551 2069 768 2105 succedendo
798 2072 857 2118 qui
887 2072 1018 2107 fuerint
1047 2086 1112 2120 pro
1130 2079 1300 2120 tempore,
1321 2074 1414 2121 apud
1434 2074 1627 2116 Reinfrew,

149 2125 327 2159 mediatim
346 2125 391 2159 ad
409 2125 497 2160 duos
515 2126 597 2160 anni
615 2126 784 2161 terminos
802 2127 937 2162 debitos
955 2134 990 2163 et
1008 2128 1204 2169 consuetos,
1224 2129 1387 2165 videlic-et
1405 2130 1488 2165 festa
1504 2130 1630 2166 Pente-

150 2180 257 2215 costes
284 2186 319 2215 et
350 2180 471 2216 Santffi
490 2180 638 2216 Martini
656 2183 692 2216 in
710 2196 821 2229 yeme,
853 2196 957 2218 unam
986 2197 1139 2219 marcam
1165 2185 1241 2219 auri
1260 2185 1317 2219 vel
1346 2187 1482 2232 argenti
1510 2186 1630 2234 legalis

153 2242 296 2271 monete
315 2237 488 2271 currentis
506 2237 596 2271 infra
613 2250 760 2284 regnum
780 2239 895 2274 Scotie
925 2253 988 2287 per
1018 2240 1158 2286 equales
1184 2242 1364 2288 portiones
1389 2243 1532 2278 nomine
1558 2243 1631 2278 seu-

154 2293 300 2327 dofirme
317 2307 326 2335 3
359 2293 623 2329 Renunciantes
642 2294 781 2341 insuper
799 2295 923 2342 prefati
942 2296 1059 2331 Abbas
1078 2302 1113 2331 et
1143 2304 1337 2333 conventus
1354 2312 1419 2346 pro
1444 2298 1478 2334 se
1505 2305 1539 2335 et
1565 2299 1630 2335 suis

152 2347 398 2384 successoribus
417 2354 451 2384 et
469 2362 533 2397 pro
553 2355 723 2397 perpetuo
743 2351 933 2386 refutantes
951 2352 1081 2388 virtute
1100 2353 1191 2387 istius
1209 2353 1335 2402 scripti,
1368 2368 1489 2391 omnes
1507 2363 1628 2397 cartas,
