1839 2652
694 265 765 300 DE
798 265 1067 300 PASSELET.
1559 270 1629 302 ζ383

149 365 277 406 vando,
301 368 335 398 et
353 363 470 398 divine
488 363 599 398 laudis
616 362 812 409 frequentie
831 361 1041 408 celebrisque
1059 363 1294 397 venerationis
1312 362 1481 404 instantie,
1502 375 1546 398 ex
1563 377 1631 410 qua

149 422 262 469 gloria
280 421 397 456 divine
415 420 597 467 majestatis
615 419 798 459 attollitur,
832 417 1044 454 devotiffime
1070 418 1275 462 infistendo3
1315 420 1465 467 Propter
1482 433 1549 467 que
1566 433 1631 455 nos

152 478 313 512 ordinem
330 476 481 512 vestrum
499 476 672 523 prefatum
691 488 794 522 quem
813 488 897 521 erga
913 488 977 509 nos
1007 481 1040 509 et
1067 476 1214 510 eandem
1241 475 1416 510 ecclesiam
1435 477 1632 512 devotionis

152 534 309 568 claritate
326 533 508 581 prelucere
526 531 765 579 conspicimuS,
798 531 887 565 infra
906 532 1052 566 claustra
1069 532 1174 566 nostri
1193 533 1345 579 pe&oris
1362 534 1516 580 paternis
1534 534 1633 568 affec-

152 590 244 624 tibus
262 589 546 636 complefitenteS,
577 589 668 623 circa
696 588 828 622 bonum
856 587 978 622 statum
1011 587 1111 635 ipfius
1129 589 1210 623 totis
1236 588 1352 623 studiis
1370 590 1564 636 vigilamus,
1593 597 1633 624 ut

154 645 236 681 Deo
252 646 405 693 propitio
419 650 625 692 protegatur
643 658 663 678 a
679 644 804 684 noinS,
824 643 973 678 salubria
990 643 1125 691 semper
1139 645 1356 679 incrementa
1366 644 1533 693 suscipiat,
1554 659 1634 681 nec-

153 715 226 737 non
243 702 336 749 pacis
366 706 401 736 et
417 701 678 747 tranquillitatis
696 700 814 734 affluat
832 699 1003 740 ubertate,
1032 699 1223 747 ipsumque,
1242 706 1282 735 ut
1299 700 1445 748 persone
1472 700 1572 749 ipsius
1590 703 1633 736 ab

154 759 250 792 omni
267 757 331 792 fint
348 757 610 805 perturbatione
628 757 756 796 secure,
786 769 825 790 ac
851 769 871 790 a
894 755 983 802 jugo
1010 755 1189 803 cujussibet
1208 756 1433 804 oppreffionis
1451 757 1633 793 serventur

154 814 258 854 illese,
289 813 512 861 prerogativa
538 813 707 847 libertatis
737 812 920 859 apostolice
951 812 1219 847 communimus.
1273 813 1363 848 Sane
1381 814 1504 861 petitio
1523 815 1634 850 vestra

154 870 253 904 nobis
271 869 423 904 exhibita
440 868 642 903 continebat
669 868 764 914 quod
793 868 874 902 licet
904 867 1054 902 vestrum
1082 868 1338 910 monasterium,
1367 882 1447 904 cum
1473 870 1633 911 abbaciis,

153 925 374 972 prioratibus,
407 925 629 959 decanatibus
648 930 682 959 et
700 924 774 958 aliis
792 923 956 958 membris
973 922 1040 957 suis
1059 924 1172 958 eidem
1190 925 1390 960 immediate
1407 925 1466 960 seu
1484 927 1634 961 mediate

154 980 316 1028 subje6fis
333 980 478 1015 ubilibet
497 980 700 1021 constitutis,
729 980 857 1015 abolim
884 985 1086 1027 reputatum
1104 980 1210 1015 fuerit
1228 987 1262 1015 et
1280 982 1394 1016 adhuc
1412 983 1515 1016 etiam
1534 996 1635 1030 repu-

154 1043 249 1072 tetur
267 1037 500 1072 communiter
517 1037 592 1072 fore
622 1050 642 1071 a
666 1035 910 1084 jurisdifitione
939 1036 1176 1082 quorumlibet
1196 1037 1355 1084 judicum
1376 1039 1634 1073 ordinariorum

154 1099 367 1141 exemptum,
387 1106 427 1128 ac
444 1092 506 1128 soli
524 1094 724 1129 immediate
742 1094 811 1128 sedi
830 1092 1014 1140 apostolice
1032 1092 1219 1140 subjacere,
1241 1107 1320 1128 cum
1338 1094 1494 1142 personis
1507 1096 1635 1142 degen-

155 1150 247 1184 tibus
263 1150 301 1184 in
319 1148 458 1190 eisdem,
478 1154 596 1185 tamen
613 1150 713 1184 nobis
731 1149 911 1184 humiliter
929 1149 1138 1198 supplicastis
1152 1157 1192 1185 ut
1206 1152 1249 1186 ad
1264 1152 1442 1187 vitandam
1457 1153 1636 1200 cujussibet

156 1205 309 1241 molestie
328 1219 367 1240 ac
385 1206 646 1252 inquietationis
663 1206 844 1241 materiam
857 1219 924 1252 que
937 1207 1035 1240 vobis
1050 1213 1172 1241 contra
1189 1207 1387 1256 hujusmodi
1406 1210 1636 1257 exemptionis

156 1261 353 1296 libertatem
371 1259 481 1308 poffet
498 1262 630 1302 inferri,
650 1267 685 1296 et
702 1267 742 1296 ut
761 1260 939 1308 cujussibet
957 1268 1144 1310 propterea
1162 1264 1307 1298 tollatur
1325 1270 1448 1300 contra
1460 1278 1523 1300 vos
1541 1279 1637 1301 occa-

156 1316 202 1351 slo
217 1317 442 1363 malignandi,
458 1316 703 1352 monasterium
719 1317 881 1358 vestrum,
898 1331 976 1353 cum
991 1319 1144 1360 abbatiis,
1160 1320 1380 1367 prioratibus,
1402 1321 1635 1363 decanatibus,

158 1372 321 1408 membris
335 1379 370 1407 et
383 1372 539 1420 personis
552 1374 729 1421 predififis,
748 1387 813 1421 pro
826 1374 1043 1409 incremento
1057 1375 1141 1410 boni
1155 1376 1259 1411 status
1273 1378 1469 1412 monasterii
1485 1384 1519 1413 et
1532 1392 1639 1413 mem-

157 1429 314 1470 brorum,
333 1442 373 1463 ac
391 1442 475 1477 pace
494 1435 529 1464 et
546 1430 797 1476 tranquillitate
816 1431 1042 1477 personarum
1061 1432 1264 1479 degentium
1279 1433 1314 1467 in
1329 1432 1466 1474 eisdem,
1488 1435 1530 1469 de
1544 1448 1638 1470 novo

158 1485 312 1520 eximere
331 1485 486 1520 totaliter
503 1487 714 1521 auEtoritate
732 1486 917 1534 apostolica
935 1488 1171 1534 dignaremur.
1224 1489 1299 1523 Nos
1311 1490 1418 1536 igitur
1436 1491 1494 1536 qui
1513 1492 1548 1525 in
1566 1504 1639 1526 mo-

159 1541 306 1576 nasterio
324 1541 437 1577 vestro
455 1542 558 1590 plene
577 1543 739 1577 novimus
756 1542 916 1590 premiffa
946 1550 980 1578 et
1010 1545 1077 1579 alia
1102 1545 1212 1580 multa
1230 1546 1323 1580 bona
1340 1559 1447 1593 opera
1465 1552 1499 1581 et
1516 1546 1640 1582 saneti-

159 1598 239 1632 tatis
257 1598 389 1633 clarere
406 1598 561 1646 infignia,
590 1600 794 1646 cultumque
813 1601 982 1641 divinum,
1013 1602 1210 1648 regularem
1238 1602 1491 1638 observantiam
1511 1610 1545 1639 et
1562 1605 1641 1639 reli-

159 1654 273 1700 gionis
290 1667 448 1690 normam
468 1656 561 1690 inter
586 1656 654 1690 alia
679 1656 885 1691 monasteria
911 1658 1079 1699 relucere,
1108 1659 1264 1705 illudque
1283 1660 1523 1707 multipliciter
1540 1662 1640 1696 reflo-

159 1723 238 1745 rere
255 1711 292 1745 in
309 1709 553 1758 spiritualibus,
575 1712 734 1746 volentes
751 1713 827 1759 paci
846 1719 880 1748 et
898 1715 1143 1761 tranquillitati
1162 1715 1271 1750 vestre
1289 1722 1458 1763 perpetue
1477 1730 1515 1751 ac
1534 1730 1640 1751 mem—

161 1766 305 1801 brorum
324 1773 359 1801 et
376 1766 602 1813 personarum
621 1768 814 1802 eorundem
833 1771 1018 1816 providere
1036 1770 1229 1812 salubriter,
1258 1785 1320 1805 vos
1338 1785 1376 1806 ac
1395 1773 1640 1808 monasterium

163 1827 198 1857 et
215 1822 282 1856 alia
297 1822 453 1857 membra
471 1823 582 1858 vestra
608 1825 831 1871 prerogativa
859 1825 1011 1873 specialis
1029 1828 1156 1862 favoris
1176 1833 1210 1862 et
1227 1828 1338 1873 gratie
1366 1827 1539 1875 insignire,
1570 1829 1640 1863 illa-

163 1891 231 1924 que
249 1878 416 1913 decorare
433 1878 612 1925 singularis
630 1881 803 1927 privilegii
821 1882 924 1916 titulo
942 1883 1175 1924 intendentes,
1208 1882 1405 1930 hujusmodi
1423 1883 1639 1932 supplicatio-

164 1934 266 1969 nibus
283 1934 451 1975 inclinati,
480 1935 654 1982 prefatum
672 1936 822 1971 vestrum
848 1939 1105 1980 monasterium,
1139 1952 1217 1974 cum
1249 1940 1410 1974 omnibus
1439 1946 1473 1975 et
1503 1940 1640 1987 lingulis

164 1991 239 2025 aliis
257 1990 480 2031 monasteriis,
500 1992 721 2038 prioratibus,
742 1993 965 2029 decanatibus
984 2001 1018 2029 et
1035 1995 1109 2029 aliis
1127 1995 1387 2042 quibuscunque
1400 1997 1562 2030 membris
1575 1996 1641 2031 suis

165 2046 345 2093 utriusque
363 2047 463 2081 sexus
480 2046 540 2095 ipfi
557 2048 669 2083 vestro
686 2049 894 2084 monasterio
922 2051 1121 2085 immediate
1140 2051 1196 2085 vel
1214 2052 1363 2085 mediate
1381 2052 1552 2098 subjefflfis,
1586 2054 1642 2087 ha-

165 2103 244 2137 bitis
275 2107 310 2137 et
337 2102 514 2143 habendis,
548 2116 627 2138 cum
654 2105 814 2139 omnibus
832 2105 985 2152 personis
1004 2106 1220 2152 regularibus
1239 2107 1431 2141 vestrorum
1458 2109 1589 2143 ordinis
1608 2116 1642 2144 et

167 2158 346 2205 religionis
364 2159 571 2205 degentibus
588 2160 625 2194 in
643 2158 781 2202 eisdem,
813 2162 1028 2208 presentibus
1059 2167 1093 2196 et
1119 2162 1256 2203 futuris,
1284 2163 1326 2197 ab
1354 2164 1449 2197 omni
1467 2165 1643 2200 ordinaria

162 2214 417 2262 jurisdifitione,
447 2215 614 2256 dominio,
642 2214 834 2251 vifitatione
853 2223 887 2252 et
905 2217 1071 2265 potestate
1090 2218 1241 2264 qualibet
1268 2220 1423 2254 omnium
1443 2226 1478 2255 et
1494 2220 1643 2269 fingule-

166 2283 245 2305 rum
259 2270 546 2318 patriarcharum,
568 2271 916 2319 archiepiscoporum,
937 2272 1176 2321 episcoporum
1196 2280 1230 2308 et
1247 2275 1396 2310 aliorum
1407 2279 1643 2323 quorumlibet

163 2326 322 2372 judicum
341 2327 599 2361 ordinariorum
619 2326 932 2369 ecclefiasticorum‚
960 2329 1074 2376 plene,
1107 2330 1149 2365 de
1168 2329 1321 2378 specialis
1339 2332 1433 2367 dono
1450 2335 1572 2380 gratie,
1602 2337 1642 2370 (le
