<?xml version="1.0" encoding="UTF-8"?>
<!DOCTYPE html PUBLIC "-//W3C//DTD XHTML 1.0 Transitional//EN"
    "http://www.w3.org/TR/xhtml1/DTD/xhtml1-transitional.dtd">
<html xmlns="http://www.w3.org/1999/xhtml" xml:lang="en" lang="en">
 <head>
  <title>
</title>
<meta http-equiv="Content-Type" content="text/html;charset=utf-8" />
  <meta name='ocr-system' content='tesseract 3.04.00' />
  <meta name='ocr-capabilities' content='ocr_page ocr_carea ocr_par ocr_line ocrx_word'/>
</head>
<body>
  <div class='ocr_page' id='page_1' title='image "./registrummonaste00mait_0319.png"; bbox 0 0 1839 2652; ppageno 0'>
   <div class='ocr_carea' id='block_1_1' title="bbox 727 269 1653 307">
    <p class='ocr_par' dir='ltr' id='par_1_1' title="bbox 727 269 1653 307">
     <span class='ocr_line' id='line_1_1' title="bbox 727 269 1653 307; baseline 0 0"><span class='ocrx_word' id='word_1_1' title='bbox 727 272 797 307; x_wconf 92' lang='lat' dir='ltr'><strong>DE</strong></span> <span class='ocrx_word' id='word_1_2' title='bbox 826 269 1096 306; x_wconf 84' lang='lat' dir='ltr'><strong>PASSELET.</strong></span> <span class='ocrx_word' id='word_1_3' title='bbox 1583 272 1653 307; x_wconf 67' lang='lat'><strong>259</strong></span> 
     </span>
    </p>
   </div>
   <div class='ocr_carea' id='block_1_2' title="bbox 170 364 1674 2391">
    <p class='ocr_par' dir='ltr' id='par_1_2' title="bbox 170 364 1674 2391">
     <span class='ocr_line' id='line_1_2' title="bbox 170 364 1655 423; baseline -0.008 -13"><span class='ocrx_word' id='word_1_4' title='bbox 170 373 391 423; x_wconf 85' lang='lat' dir='ltr'><strong>apostolicam</strong></span> <span class='ocrx_word' id='word_1_5' title='bbox 410 372 704 408; x_wconf 61' lang='lat' dir='ltr'><strong>benedictionem.</strong></span> <span class='ocrx_word' id='word_1_6' title='bbox 758 369 819 404; x_wconf 91' lang='lat' dir='ltr'><strong>Ad</strong></span> <span class='ocrx_word' id='word_1_7' title='bbox 837 381 878 403; x_wconf 88' lang='lat' dir='ltr'><strong>ea</strong></span> <span class='ocrx_word' id='word_1_8' title='bbox 903 380 947 403; x_wconf 87' lang='lat' dir='ltr'><strong>ex</strong></span> <span class='ocrx_word' id='word_1_9' title='bbox 972 366 1156 414; x_wconf 87' lang='lat' dir='ltr'><strong>apostolice</strong></span> <span class='ocrx_word' id='word_1_10' title='bbox 1175 364 1351 399; x_wconf 83' lang='lat' dir='ltr'><strong>servitutis</strong></span> <span class='ocrx_word' id='word_1_11' title='bbox 1369 364 1485 399; x_wconf 90' lang='lat' dir='ltr'><strong>officio</strong></span> <span class='ocrx_word' id='word_1_12' title='bbox 1504 365 1655 400; x_wconf 83' lang='lat' dir='ltr'>libenter</span> 
     </span>
     <span class='ocr_line' id='line_1_3' title="bbox 170 421 1655 476; baseline -0.007 -10"><span class='ocrx_word' id='word_1_13' title='bbox 170 431 386 466; x_wconf 82' lang='lat' dir='ltr'><strong>intendimus</strong></span> <span class='ocrx_word' id='word_1_14' title='bbox 404 441 468 476; x_wconf 89' lang='lat' dir='ltr'><strong>per</strong></span> <span class='ocrx_word' id='word_1_15' title='bbox 485 442 552 475; x_wconf 89' lang='lat' dir='ltr'><strong>que</strong></span> <span class='ocrx_word' id='word_1_16' title='bbox 571 426 790 464; x_wconf 88' lang='lat' dir='ltr'><strong>ecclesiarum</strong></span> <span class='ocrx_word' id='word_1_17' title='bbox 823 430 857 460; x_wconf 88' lang='lat' dir='ltr'><strong>et</strong></span> <span class='ocrx_word' id='word_1_18' title='bbox 887 423 1177 459; x_wconf 85' lang='lat' dir='ltr'><strong>monasteriorum</strong></span> <span class='ocrx_word' id='word_1_19' title='bbox 1197 423 1353 456; x_wconf 82' lang='lat' dir='ltr'><strong>omniun]</strong></span> <span class='ocrx_word' id='word_1_20' title='bbox 1373 421 1516 456; x_wconf 77' lang='lat' dir='ltr'>utilitati</span> <span class='ocrx_word' id='word_1_21' title='bbox 1544 427 1578 456; x_wconf 89' lang='lat' dir='ltr'><strong>et</strong></span> <span class='ocrx_word' id='word_1_22' title='bbox 1604 422 1655 456; x_wconf 91' lang='lat' dir='ltr'><strong>in-</strong></span> 
     </span>
     <span class='ocr_line' id='line_1_4' title="bbox 170 478 1656 531; baseline -0.006 -9"><span class='ocrx_word' id='word_1_23' title='bbox 170 486 355 522; x_wconf 87' lang='lat' dir='ltr'><strong>demnitati</strong></span> <span class='ocrx_word' id='word_1_24' title='bbox 372 484 587 528; x_wconf 83' lang='lat' dir='ltr'><strong>consulitur3</strong></span> <span class='ocrx_word' id='word_1_25' title='bbox 616 489 651 519; x_wconf 90' lang='lat' dir='ltr'><strong>et</strong></span> <span class='ocrx_word' id='word_1_26' title='bbox 677 488 865 531; x_wconf 89' lang='lat' dir='ltr'><strong>propterea</strong></span> <span class='ocrx_word' id='word_1_27' title='bbox 882 493 962 515; x_wconf 86' lang='lat' dir='ltr'><strong>cuin</strong></span> <span class='ocrx_word' id='word_1_28' title='bbox 992 493 1013 513; x_wconf 90' lang='lat' dir='ltr'><strong>a</strong></span> <span class='ocrx_word' id='word_1_29' title='bbox 1042 479 1142 513; x_wconf 83' lang='lat' dir='ltr'><strong>nobis</strong></span> <span class='ocrx_word' id='word_1_30' title='bbox 1167 478 1300 525; x_wconf 88' lang='lat' dir='ltr'><strong>petitur</strong></span> <span class='ocrx_word' id='word_1_31' title='bbox 1326 478 1421 524; x_wconf 90' lang='lat' dir='ltr'><strong>quod</strong></span> <span class='ocrx_word' id='word_1_32' title='bbox 1448 478 1485 512; x_wconf 88' lang='lat' dir='ltr'><strong>in</strong></span> <span class='ocrx_word' id='word_1_33' title='bbox 1514 478 1656 513; x_wconf 89' lang='lat' dir='ltr'><strong>illorum</strong></span> 
     </span>
     <span class='ocr_line' id='line_1_5' title="bbox 171 532 1657 583; baseline -0.007 -5"><span class='ocrx_word' id='word_1_34' title='bbox 171 542 397 578; x_wconf 89' lang='lat' dir='ltr'><strong>commodum</strong></span> <span class='ocrx_word' id='word_1_35' title='bbox 415 541 614 576; x_wconf 89' lang='lat' dir='ltr'><strong>redundare</strong></span> <span class='ocrx_word' id='word_1_36' title='bbox 632 540 757 580; x_wconf 83' lang='lat' dir='ltr'><strong>valeat,</strong></span> <span class='ocrx_word' id='word_1_37' title='bbox 787 539 854 572; x_wconf 88' lang='lat' dir='ltr'><strong>illis</strong></span> <span class='ocrx_word' id='word_1_38' title='bbox 872 542 1042 583; x_wconf 89' lang='lat' dir='ltr'><strong>quantum</strong></span> <span class='ocrx_word' id='word_1_39' title='bbox 1071 548 1151 570; x_wconf 90' lang='lat' dir='ltr'><strong>cuin</strong></span> <span class='ocrx_word' id='word_1_40' title='bbox 1183 534 1264 569; x_wconf 92' lang='lat' dir='ltr'><strong>Deo</strong></span> <span class='ocrx_word' id='word_1_41' title='bbox 1292 532 1470 581; x_wconf 83' lang='lat' dir='ltr'><strong>poffumus</strong></span> <span class='ocrx_word' id='word_1_42' title='bbox 1500 535 1657 569; x_wconf 85' lang='lat' dir='ltr'><strong>favorem</strong></span> 
     </span>
     <span class='ocr_line' id='line_1_6' title="bbox 172 590 1658 645; baseline -0.006 -11"><span class='ocrx_word' id='word_1_43' title='bbox 172 598 383 634; x_wconf 89' lang='lat' dir='ltr'><strong>benevolum</strong></span> <span class='ocrx_word' id='word_1_44' title='bbox 414 598 646 645; x_wconf 83' lang='lat' dir='ltr'><strong>impartimur.</strong></span> <span class='ocrx_word' id='word_1_45' title='bbox 698 595 848 630; x_wconf 89' lang='lat' dir='ltr'><strong>Dudum</strong></span> <span class='ocrx_word' id='word_1_46' title='bbox 874 592 1041 639; x_wconf 87' lang='lat' dir='ltr'><strong>siqnidem</strong></span> <span class='ocrx_word' id='word_1_47' title='bbox 1072 605 1092 625; x_wconf 92' lang='lat' dir='ltr'><strong>a</strong></span> <span class='ocrx_word' id='word_1_48' title='bbox 1122 591 1231 625; x_wconf 85' lang='lat' dir='ltr'><strong>felicis</strong></span> <span class='ocrx_word' id='word_1_49' title='bbox 1261 591 1514 625; x_wconf 90' lang='lat' dir='ltr'><strong>recordationis</strong></span> <span class='ocrx_word' id='word_1_50' title='bbox 1546 590 1658 626; x_wconf 90' lang='lat' dir='ltr'><strong>Paulo</strong></span> 
     </span>
     <span class='ocr_line' id='line_1_7' title="bbox 172 646 1656 703; baseline -0.007 -12"><span class='ocrx_word' id='word_1_51' title='bbox 172 669 262 703; x_wconf 86' lang='lat' dir='ltr'><strong>papa</strong></span> <span class='ocrx_word' id='word_1_52' title='bbox 277 654 429 690; x_wconf 90' lang='lat' dir='ltr'><strong>secundo</strong></span> <span class='ocrx_word' id='word_1_53' title='bbox 448 651 688 701; x_wconf 74' lang='lat' dir='ltr'><strong>predecessore</strong></span> <span class='ocrx_word' id='word_1_54' title='bbox 706 651 823 686; x_wconf 86' lang='lat' dir='ltr'><strong>nostro</strong></span> <span class='ocrx_word' id='word_1_55' title='bbox 851 653 1059 684; x_wconf 88' lang='lat' dir='ltr'><strong>emanarunt</strong></span> <span class='ocrx_word' id='word_1_56' title='bbox 1085 648 1201 682; x_wconf 81' lang='lat' dir='ltr'><strong>littere</strong></span> <span class='ocrx_word' id='word_1_57' title='bbox 1231 647 1364 681; x_wconf 86' lang='lat' dir='ltr'><strong>tenoris</strong></span> <span class='ocrx_word' id='word_1_58' title='bbox 1394 646 1656 693; x_wconf 70' lang='lat' dir='ltr'><strong>subsequentis;</strong></span> 
     </span>
     <span class='ocr_line' id='line_1_8' title="bbox 175 704 1657 758; baseline -0.005 -11"><span class='ocrx_word' id='word_1_59' title='bbox 175 712 241 746; x_wconf 93' lang='lat' dir='ltr'><strong>PA</strong></span> <span class='ocrx_word' id='word_1_60' title='bbox 249 711 378 747; x_wconf 87' lang='lat' dir='ltr'>ULUS</span> <span class='ocrx_word' id='word_1_61' title='bbox 397 709 576 758; x_wconf 85' lang='lat' dir='ltr'><strong>episcopus</strong></span> <span class='ocrx_word' id='word_1_62' title='bbox 606 708 724 743; x_wconf 89' lang='lat' dir='ltr'><strong>servus</strong></span> <span class='ocrx_word' id='word_1_63' title='bbox 752 707 931 742; x_wconf 85' lang='lat' dir='ltr'><strong>servorum</strong></span> <span class='ocrx_word' id='word_1_64' title='bbox 951 704 1022 738; x_wconf 85' lang='lat' dir='ltr'><strong>Dei</strong></span> <span class='ocrx_word' id='word_1_65' title='bbox 1050 704 1094 737; x_wconf 88' lang='lat' dir='ltr'><strong>ad</strong></span> <span class='ocrx_word' id='word_1_66' title='bbox 1124 708 1329 750; x_wconf 85' lang='lat' dir='ltr'><strong>perpetuam</strong></span> <span class='ocrx_word' id='word_1_67' title='bbox 1360 704 1410 738; x_wconf 88' lang='lat' dir='ltr'><strong>rei</strong></span> <span class='ocrx_word' id='word_1_68' title='bbox 1441 705 1657 739; x_wconf 83' lang='lat' dir='ltr'><strong>memoriam.</strong></span> 
     </span>
     <span class='ocr_line' id='line_1_9' title="bbox 175 759 1660 812; baseline -0.005 -9"><span class='ocrx_word' id='word_1_69' title='bbox 175 768 267 803; x_wconf 92' lang='lat' dir='ltr'><strong>Cum</strong></span> <span class='ocrx_word' id='word_1_70' title='bbox 285 768 322 802; x_wconf 90' lang='lat' dir='ltr'><strong>in</strong></span> <span class='ocrx_word' id='word_1_71' title='bbox 340 766 501 802; x_wconf 88' lang='lat' dir='ltr'><strong>omnibus</strong></span> <span class='ocrx_word' id='word_1_72' title='bbox 523 766 664 812; x_wconf 87' lang='lat' dir='ltr'><strong>judiciis</strong></span> <span class='ocrx_word' id='word_1_73' title='bbox 682 764 721 800; x_wconf 90' lang='lat' dir='ltr'><strong>fit</strong></span> <span class='ocrx_word' id='word_1_74' title='bbox 738 762 916 799; x_wconf 65' lang='lat' dir='ltr'><strong>rectitudo</strong></span> <span class='ocrx_word' id='word_1_75' title='bbox 937 760 1067 807; x_wconf 89' lang='lat' dir='ltr'><strong>justitie</strong></span> <span class='ocrx_word' id='word_1_76' title='bbox 1099 765 1134 794; x_wconf 90' lang='lat' dir='ltr'><strong>et</strong></span> <span class='ocrx_word' id='word_1_77' title='bbox 1161 759 1370 794; x_wconf 79' lang='lat' dir='ltr'><strong>conscientie</strong></span> <span class='ocrx_word' id='word_1_78' title='bbox 1396 760 1529 807; x_wconf 89' lang='lat' dir='ltr'><strong>puritas</strong></span> <span class='ocrx_word' id='word_1_79' title='bbox 1548 760 1660 795; x_wconf 88' lang='lat' dir='ltr'><strong>obser-</strong></span> 
     </span>
     <span class='ocr_line' id='line_1_10' title="bbox 174 816 1661 868; baseline -0.005 -9"><span class='ocrx_word' id='word_1_80' title='bbox 174 825 299 865; x_wconf 85' lang='lat' dir='ltr'><strong>vanda,</strong></span> <span class='ocrx_word' id='word_1_81' title='bbox 327 823 363 857; x_wconf 86' lang='lat' dir='ltr'><strong>id</strong></span> <span class='ocrx_word' id='word_1_82' title='bbox 388 822 500 857; x_wconf 92' lang='lat' dir='ltr'><strong>multo</strong></span> <span class='ocrx_word' id='word_1_83' title='bbox 517 821 625 868; x_wconf 83' lang='lat' dir='ltr'><strong>magis</strong></span> <span class='ocrx_word' id='word_1_84' title='bbox 643 821 680 855; x_wconf 92' lang='lat' dir='ltr'><strong>in</strong></span> <span class='ocrx_word' id='word_1_85' title='bbox 699 817 992 855; x_wconf 77' lang='lat' dir='ltr'><strong>commistionibus</strong></span> <span class='ocrx_word' id='word_1_86' title='bbox 1009 816 1261 850; x_wconf 82' lang='lat' dir='ltr'><strong>alienationum</strong></span> <span class='ocrx_word' id='word_1_87' title='bbox 1289 828 1408 850; x_wconf 88' lang='lat' dir='ltr'><strong>rerum</strong></span> <span class='ocrx_word' id='word_1_88' title='bbox 1427 816 1661 852; x_wconf 77' lang='lat' dir='ltr'><strong>ecclesiastica-</strong></span> 
     </span>
     <span class='ocr_line' id='line_1_11' title="bbox 174 871 1661 922; baseline -0.005 -7"><span class='ocrx_word' id='word_1_89' title='bbox 174 893 254 915; x_wconf 89' lang='lat' dir='ltr'><strong>rum</strong></span> <span class='ocrx_word' id='word_1_90' title='bbox 272 879 438 914; x_wconf 89' lang='lat' dir='ltr'><strong>convenit</strong></span> <span class='ocrx_word' id='word_1_91' title='bbox 456 876 645 918; x_wconf 90' lang='lat' dir='ltr'><strong>observari,</strong></span> <span class='ocrx_word' id='word_1_92' title='bbox 672 877 709 910; x_wconf 90' lang='lat' dir='ltr'><strong>in</strong></span> <span class='ocrx_word' id='word_1_93' title='bbox 738 875 862 922; x_wconf 88' lang='lat' dir='ltr'><strong>quibus</strong></span> <span class='ocrx_word' id='word_1_94' title='bbox 881 874 924 908; x_wconf 91' lang='lat' dir='ltr'><strong>de</strong></span> <span class='ocrx_word' id='word_1_95' title='bbox 956 871 1083 907; x_wconf 82' lang='lat' dir='ltr'><strong>Christi</strong></span> <span class='ocrx_word' id='word_1_96' title='bbox 1101 872 1313 919; x_wconf 83' lang='lat' dir='ltr'><strong>patrimonio</strong></span> <span class='ocrx_word' id='word_1_97' title='bbox 1345 877 1379 906; x_wconf 86' lang='lat' dir='ltr'><strong>et</strong></span> <span class='ocrx_word' id='word_1_98' title='bbox 1409 872 1661 920; x_wconf 78' lang='lat' dir='ltr'><strong>dispenlatione</strong></span> 
     </span>
     <span class='ocr_line' id='line_1_12' title="bbox 174 928 1662 983; baseline -0.005 -12"><span class='ocrx_word' id='word_1_99' title='bbox 174 947 369 983; x_wconf 89' lang='lat' dir='ltr'><strong>pauperum</strong></span> <span class='ocrx_word' id='word_1_100' title='bbox 398 947 473 969; x_wconf 90' lang='lat' dir='ltr'><strong>non</strong></span> <span class='ocrx_word' id='word_1_101' title='bbox 500 934 544 968; x_wconf 91' lang='lat' dir='ltr'><strong>de</strong></span> <span class='ocrx_word' id='word_1_102' title='bbox 573 933 716 980; x_wconf 91' lang='lat' dir='ltr'><strong>proprio</strong></span> <span class='ocrx_word' id='word_1_103' title='bbox 746 930 910 978; x_wconf 88' lang='lat' dir='ltr'><strong>cujusque</strong></span> <span class='ocrx_word' id='word_1_104' title='bbox 940 928 1078 976; x_wconf 90' lang='lat' dir='ltr'><strong>peculio</strong></span> <span class='ocrx_word' id='word_1_105' title='bbox 1107 928 1223 974; x_wconf 76' lang='lat' dir='ltr'><strong>agitur</strong></span> <span class='ocrx_word' id='word_1_106' title='bbox 1249 933 1310 962; x_wconf 87' lang='lat' dir='ltr'><strong>aut</strong></span> <span class='ocrx_word' id='word_1_107' title='bbox 1328 929 1513 963; x_wconf 60' lang='lat' dir='ltr'><strong>tractatur.</strong></span> <span class='ocrx_word' id='word_1_108' title='bbox 1567 929 1662 970; x_wconf 82' lang='lat' dir='ltr'><strong>Qua-</strong></span> 
     </span>
     <span class='ocr_line' id='line_1_13' title="bbox 175 984 1663 1040; baseline -0.005 -13"><span class='ocrx_word' id='word_1_109' title='bbox 175 997 321 1040; x_wconf 82' lang='lat' dir='ltr'><strong>propter</strong></span> <span class='ocrx_word' id='word_1_110' title='bbox 338 995 478 1038; x_wconf 86' lang='lat' dir='ltr'><strong>oportet</strong></span> <span class='ocrx_word' id='word_1_111' title='bbox 495 995 536 1025; x_wconf 91' lang='lat' dir='ltr'><strong>ut</strong></span> <span class='ocrx_word' id='word_1_112' title='bbox 553 991 589 1024; x_wconf 90' lang='lat' dir='ltr'><strong>in</strong></span> <span class='ocrx_word' id='word_1_113' title='bbox 608 988 847 1024; x_wconf 80' lang='lat' dir='ltr'><strong>examinandis</strong></span> <span class='ocrx_word' id='word_1_114' title='bbox 866 984 1064 1033; x_wconf 87' lang='lat' dir='ltr'><strong>hujusmodi</strong></span> <span class='ocrx_word' id='word_1_115' title='bbox 1082 984 1334 1019; x_wconf 81' lang='lat' dir='ltr'><strong>alienationum</strong></span> <span class='ocrx_word' id='word_1_116' title='bbox 1354 984 1460 1019; x_wconf 88' lang='lat' dir='ltr'><strong>caufis</strong></span> <span class='ocrx_word' id='word_1_117' title='bbox 1473 998 1541 1031; x_wconf 91' lang='lat' dir='ltr'><strong>que</strong></span> <span class='ocrx_word' id='word_1_118' title='bbox 1553 984 1663 1020; x_wconf 78' lang='lat' dir='ltr'><strong>asecle</strong></span> 
     </span>
     <span class='ocr_line' id='line_1_14' title="bbox 177 1041 1664 1097; baseline -0.005 -13"><span class='ocrx_word' id='word_1_119' title='bbox 177 1048 364 1097; x_wconf 80' lang='lat' dir='ltr'><strong>apostolica</strong></span> <span class='ocrx_word' id='word_1_120' title='bbox 380 1048 417 1081; x_wconf 92' lang='lat' dir='ltr'><strong>in</strong></span> <span class='ocrx_word' id='word_1_121' title='bbox 434 1047 547 1082; x_wconf 85' lang='lat' dir='ltr'><strong>forma</strong></span> <span class='ocrx_word' id='word_1_122' title='bbox 563 1046 597 1081; x_wconf 79' lang='lat' dir='ltr'><strong>si</strong></span> <span class='ocrx_word' id='word_1_123' title='bbox 613 1046 654 1081; x_wconf 80' lang='lat' dir='ltr'><strong>in</strong></span> <span class='ocrx_word' id='word_1_124' title='bbox 671 1046 865 1080; x_wconf 76' lang='lat' dir='ltr'><strong>evidentem</strong></span> <span class='ocrx_word' id='word_1_125' title='bbox 883 1042 1071 1078; x_wconf 75' lang='lat' dir='ltr'><strong>utilitatem</strong></span> <span class='ocrx_word' id='word_1_126' title='bbox 1089 1042 1226 1082; x_wconf 76' lang='lat' dir='ltr'><strong>cedant,</strong></span> <span class='ocrx_word' id='word_1_127' title='bbox 1247 1042 1401 1076; x_wconf 84' lang='lat' dir='ltr'><strong>oneratis</strong></span> <span class='ocrx_word' id='word_1_128' title='bbox 1427 1041 1664 1077; x_wconf 76' lang='lat' dir='ltr'><strong>ecclesiastico-</strong></span> 
     </span>
     <span class='ocr_line' id='line_1_15' title="bbox 177 1099 1665 1152; baseline -0.003 -12"><span class='ocrx_word' id='word_1_129' title='bbox 177 1118 257 1141; x_wconf 90' lang='lat' dir='ltr'><strong>rum</strong></span> <span class='ocrx_word' id='word_1_130' title='bbox 269 1105 431 1152; x_wconf 91' lang='lat' dir='ltr'><strong>judicum</strong></span> <span class='ocrx_word' id='word_1_131' title='bbox 449 1102 678 1143; x_wconf 83' lang='lat' dir='ltr'><strong>conscientiis,</strong></span> <span class='ocrx_word' id='word_1_132' title='bbox 700 1102 919 1148; x_wconf 81' lang='lat' dir='ltr'><strong>delegantur,</strong></span> <span class='ocrx_word' id='word_1_133' title='bbox 939 1100 1047 1135; x_wconf 80' lang='lat' dir='ltr'><strong>nichil</strong></span> <span class='ocrx_word' id='word_1_134' title='bbox 1064 1099 1164 1134; x_wconf 87' lang='lat' dir='ltr'><strong>favor</strong></span> <span class='ocrx_word' id='word_1_135' title='bbox 1182 1099 1336 1147; x_wconf 84' lang='lat' dir='ltr'><strong>usurpet,</strong></span> <span class='ocrx_word' id='word_1_136' title='bbox 1358 1100 1465 1135; x_wconf 84' lang='lat' dir='ltr'><strong>nichil</strong></span> <span class='ocrx_word' id='word_1_137' title='bbox 1484 1101 1590 1135; x_wconf 86' lang='lat' dir='ltr'><strong>timor</strong></span> <span class='ocrx_word' id='word_1_138' title='bbox 1609 1114 1665 1136; x_wconf 85' lang='lat' dir='ltr'><strong>ex-</strong></span> 
     </span>
     <span class='ocr_line' id='line_1_16' title="bbox 177 1155 1664 1207; baseline -0.002 -12"><span class='ocrx_word' id='word_1_139' title='bbox 177 1165 352 1207; x_wconf 84' lang='lat' dir='ltr'><strong>torqueat,</strong></span> <span class='ocrx_word' id='word_1_140' title='bbox 387 1159 487 1194; x_wconf 90' lang='lat' dir='ltr'><strong>nulla</strong></span> <span class='ocrx_word' id='word_1_141' title='bbox 528 1158 727 1205; x_wconf 60' lang='lat' dir='ltr'><strong>expthatio</strong></span> <span class='ocrx_word' id='word_1_142' title='bbox 760 1157 885 1205; x_wconf 91' lang='lat' dir='ltr'><strong>premii</strong></span> <span class='ocrx_word' id='word_1_143' title='bbox 922 1156 1089 1204; x_wconf 82' lang='lat' dir='ltr'><strong>justitiam</strong></span> <span class='ocrx_word' id='word_1_144' title='bbox 1126 1155 1442 1203; x_wconf 82' lang='lat' dir='ltr'><strong>conscientiamque</strong></span> <span class='ocrx_word' id='word_1_145' title='bbox 1476 1156 1664 1192; x_wconf 86' lang='lat' dir='ltr'><strong>subvertat.</strong></span> 
     </span>
     <span class='ocr_line' id='line_1_17' title="bbox 181 1212 1666 1262; baseline -0.002 -11"><span class='ocrx_word' id='word_1_146' title='bbox 181 1216 374 1251; x_wconf 88' lang='lat' dir='ltr'><strong>Moneinus</strong></span> <span class='ocrx_word' id='word_1_147' title='bbox 391 1216 498 1262; x_wconf 87' lang='lat' dir='ltr'><strong>igitur</strong></span> <span class='ocrx_word' id='word_1_148' title='bbox 516 1220 551 1250; x_wconf 89' lang='lat' dir='ltr'><strong>et</strong></span> <span class='ocrx_word' id='word_1_149' title='bbox 567 1214 628 1249; x_wconf 91' lang='lat' dir='ltr'><strong>sub</strong></span> <span class='ocrx_word' id='word_1_150' title='bbox 646 1214 933 1248; x_wconf 81' lang='lat' dir='ltr'><strong>interminatione</strong></span> <span class='ocrx_word' id='word_1_151' title='bbox 952 1213 1060 1247; x_wconf 87' lang='lat' dir='ltr'><strong>divini</strong></span> <span class='ocrx_word' id='word_1_152' title='bbox 1086 1212 1211 1260; x_wconf 87' lang='lat' dir='ltr'><strong>judicii</strong></span> <span class='ocrx_word' id='word_1_153' title='bbox 1239 1213 1401 1247; x_wconf 90' lang='lat' dir='ltr'><strong>omnibus</strong></span> <span class='ocrx_word' id='word_1_154' title='bbox 1429 1213 1666 1249; x_wconf 79' lang='lat' dir='ltr'><strong>commiffariis</strong></span> 
     </span>
     <span class='ocr_line' id='line_1_18' title="bbox 181 1269 1668 1319; baseline -0.001 -12"><span class='ocrx_word' id='word_1_155' title='bbox 181 1278 216 1308; x_wconf 86' lang='lat' dir='ltr'><strong>et</strong></span> <span class='ocrx_word' id='word_1_156' title='bbox 235 1272 403 1318; x_wconf 85' lang='lat' dir='ltr'><strong>delegatis</strong></span> <span class='ocrx_word' id='word_1_157' title='bbox 421 1270 620 1319; x_wconf 89' lang='lat' dir='ltr'><strong>hujusmodi</strong></span> <span class='ocrx_word' id='word_1_158' title='bbox 639 1269 791 1304; x_wconf 59' lang='lat' dir='ltr'><strong>districte</strong></span> <span class='ocrx_word' id='word_1_159' title='bbox 809 1270 1020 1317; x_wconf 84' lang='lat' dir='ltr'><strong>precipimus</strong></span> <span class='ocrx_word' id='word_1_160' title='bbox 1037 1274 1077 1303; x_wconf 90' lang='lat' dir='ltr'><strong>ut</strong></span> <span class='ocrx_word' id='word_1_161' title='bbox 1096 1274 1198 1303; x_wconf 87' lang='lat' dir='ltr'><strong>caute</strong></span> <span class='ocrx_word' id='word_1_162' title='bbox 1225 1274 1260 1303; x_wconf 90' lang='lat' dir='ltr'><strong>et</strong></span> <span class='ocrx_word' id='word_1_163' title='bbox 1279 1269 1467 1316; x_wconf 81' lang='lat' dir='ltr'><strong>diligenter</strong></span> <span class='ocrx_word' id='word_1_164' title='bbox 1484 1271 1668 1305; x_wconf 85' lang='lat' dir='ltr'><strong>attendant</strong></span> 
     </span>
     <span class='ocr_line' id='line_1_19' title="bbox 180 1323 1667 1374; baseline -0.001 -11"><span class='ocrx_word' id='word_1_165' title='bbox 180 1328 297 1364; x_wconf 86' lang='lat' dir='ltr'><strong>causas</strong></span> <span class='ocrx_word' id='word_1_166' title='bbox 315 1328 352 1362; x_wconf 91' lang='lat' dir='ltr'><strong>in</strong></span> <span class='ocrx_word' id='word_1_167' title='bbox 369 1328 494 1363; x_wconf 86' lang='lat' dir='ltr'><strong>litteris</strong></span> <span class='ocrx_word' id='word_1_168' title='bbox 512 1326 706 1374; x_wconf 86' lang='lat' dir='ltr'><strong>apostolicis</strong></span> <span class='ocrx_word' id='word_1_169' title='bbox 723 1339 786 1373; x_wconf 87' lang='lat' dir='ltr'><strong>per</strong></span> <span class='ocrx_word' id='word_1_170' title='bbox 804 1325 1036 1373; x_wconf 85' lang='lat' dir='ltr'><strong>supplicantes</strong></span> <span class='ocrx_word' id='word_1_171' title='bbox 1055 1323 1237 1372; x_wconf 77' lang='lat' dir='ltr'><strong>expressas,</strong></span> <span class='ocrx_word' id='word_1_172' title='bbox 1271 1325 1413 1372; x_wconf 89' lang='lat' dir='ltr'><strong>illasque</strong></span> <span class='ocrx_word' id='word_1_173' title='bbox 1439 1326 1570 1362; x_wconf 84' lang='lat' dir='ltr'><strong>solicite</strong></span> <span class='ocrx_word' id='word_1_174' title='bbox 1590 1340 1667 1362; x_wconf 75' lang='lat' dir='ltr'><strong>exa-</strong></span> 
     </span>
     <span class='ocr_line' id='line_1_20' title="bbox 181 1382 1669 1430; baseline 0 -11"><span class='ocrx_word' id='word_1_175' title='bbox 181 1385 317 1419; x_wconf 89' lang='lat' dir='ltr'><strong>minent</strong></span> <span class='ocrx_word' id='word_1_176' title='bbox 334 1389 438 1430; x_wconf 87' lang='lat' dir='ltr'><strong>atque</strong></span> <span class='ocrx_word' id='word_1_177' title='bbox 457 1382 654 1424; x_wconf 91' lang='lat' dir='ltr'><strong>discutiant,</strong></span> <span class='ocrx_word' id='word_1_178' title='bbox 686 1382 787 1417; x_wconf 87' lang='lat' dir='ltr'><strong>testes</strong></span> <span class='ocrx_word' id='word_1_179' title='bbox 818 1388 853 1417; x_wconf 88' lang='lat' dir='ltr'><strong>et</strong></span> <span class='ocrx_word' id='word_1_180' title='bbox 882 1382 1107 1430; x_wconf 85' lang='lat' dir='ltr'><strong>probationes</strong></span> <span class='ocrx_word' id='word_1_181' title='bbox 1135 1382 1237 1429; x_wconf 88' lang='lat' dir='ltr'><strong>super</strong></span> <span class='ocrx_word' id='word_1_182' title='bbox 1268 1388 1491 1418; x_wconf 80' lang='lat' dir='ltr'><strong>narratorum</strong></span> <span class='ocrx_word' id='word_1_183' title='bbox 1521 1385 1669 1419; x_wconf 73' lang='lat' dir='ltr'><strong>veritate</strong></span> 
     </span>
     <span class='ocr_line' id='line_1_21' title="bbox 181 1439 1669 1488; baseline 0.001 -13"><span class='ocrx_word' id='word_1_184' title='bbox 181 1441 362 1488; x_wconf 87' lang='lat' dir='ltr'><strong>recipiant,</strong></span> <span class='ocrx_word' id='word_1_185' title='bbox 394 1446 429 1475; x_wconf 90' lang='lat' dir='ltr'><strong>et</strong></span> <span class='ocrx_word' id='word_1_186' title='bbox 459 1439 569 1474; x_wconf 88' lang='lat' dir='ltr'><strong>solum</strong></span> <span class='ocrx_word' id='word_1_187' title='bbox 589 1440 709 1474; x_wconf 89' lang='lat' dir='ltr'><strong>Deum</strong></span> <span class='ocrx_word' id='word_1_188' title='bbox 727 1452 790 1486; x_wconf 89' lang='lat' dir='ltr'><strong>pre</strong></span> <span class='ocrx_word' id='word_1_189' title='bbox 809 1439 917 1474; x_wconf 88' lang='lat' dir='ltr'><strong>oculis</strong></span> <span class='ocrx_word' id='word_1_190' title='bbox 936 1440 1115 1481; x_wconf 83' lang='lat' dir='ltr'><strong>habentes,</strong></span> <span class='ocrx_word' id='word_1_191' title='bbox 1136 1440 1233 1474; x_wconf 92' lang='lat' dir='ltr'><strong>omni</strong></span> <span class='ocrx_word' id='word_1_192' title='bbox 1251 1440 1377 1475; x_wconf 88' lang='lat' dir='ltr'><strong>timore</strong></span> <span class='ocrx_word' id='word_1_193' title='bbox 1396 1447 1457 1476; x_wconf 89' lang='lat' dir='ltr'><strong>aut</strong></span> <span class='ocrx_word' id='word_1_194' title='bbox 1474 1442 1593 1477; x_wconf 86' lang='lat' dir='ltr'><strong>favore</strong></span> <span class='ocrx_word' id='word_1_195' title='bbox 1612 1443 1669 1477; x_wconf 91' lang='lat' dir='ltr'><strong>de-</strong></span> 
     </span>
     <span class='ocr_line' id='line_1_22' title="bbox 181 1495 1671 1545; baseline 0.001 -14"><span class='ocrx_word' id='word_1_196' title='bbox 181 1495 308 1545; x_wconf 89' lang='lat' dir='ltr'><strong>pofitis,</strong></span> <span class='ocrx_word' id='word_1_197' title='bbox 329 1495 548 1531; x_wconf 74' lang='lat' dir='ltr'><strong>ecclesiarum</strong></span> <span class='ocrx_word' id='word_1_198' title='bbox 567 1495 856 1530; x_wconf 82' lang='lat' dir='ltr'><strong>indemnitatibus</strong></span> <span class='ocrx_word' id='word_1_199' title='bbox 867 1496 1062 1537; x_wconf 88' lang='lat' dir='ltr'><strong>consulant,</strong></span> <span class='ocrx_word' id='word_1_200' title='bbox 1081 1509 1147 1531; x_wconf 90' lang='lat' dir='ltr'><strong>nec</strong></span> <span class='ocrx_word' id='word_1_201' title='bbox 1165 1496 1202 1530; x_wconf 89' lang='lat' dir='ltr'><strong>in</strong></span> <span class='ocrx_word' id='word_1_202' title='bbox 1220 1495 1384 1532; x_wconf 81' lang='lat' dir='ltr'><strong>lesionem</strong></span> <span class='ocrx_word' id='word_1_203' title='bbox 1403 1503 1464 1532; x_wconf 89' lang='lat' dir='ltr'><strong>aut</strong></span> <span class='ocrx_word' id='word_1_204' title='bbox 1482 1498 1671 1534; x_wconf 86' lang='lat' dir='ltr'><strong>detrimen-</strong></span> 
     </span>
     <span class='ocr_line' id='line_1_23' title="bbox 181 1552 1671 1602; baseline 0.001 -14"><span class='ocrx_word' id='word_1_205' title='bbox 181 1559 257 1588; x_wconf 91' lang='lat' dir='ltr'><strong>tum</strong></span> <span class='ocrx_word' id='word_1_206' title='bbox 272 1565 392 1588; x_wconf 87' lang='lat' dir='ltr'><strong>earum</strong></span> <span class='ocrx_word' id='word_1_207' title='bbox 408 1553 589 1587; x_wconf 87' lang='lat' dir='ltr'><strong>decretum</strong></span> <span class='ocrx_word' id='word_1_208' title='bbox 601 1552 867 1598; x_wconf 88' lang='lat' dir='ltr'><strong>quomodolibet</strong></span> <span class='ocrx_word' id='word_1_209' title='bbox 880 1553 1120 1602; x_wconf 87' lang='lat' dir='ltr'><strong>interponant.</strong></span> <span class='ocrx_word' id='word_1_210' title='bbox 1148 1554 1184 1589; x_wconf 85' lang='lat' dir='ltr'><strong>Si</strong></span> <span class='ocrx_word' id='word_1_211' title='bbox 1199 1555 1274 1601; x_wconf 91' lang='lat' dir='ltr'><strong>quis</strong></span> <span class='ocrx_word' id='word_1_212' title='bbox 1288 1561 1406 1590; x_wconf 88' lang='lat' dir='ltr'><strong>autem</strong></span> <span class='ocrx_word' id='word_1_213' title='bbox 1422 1555 1671 1591; x_wconf 74' lang='lat' dir='ltr'><strong>conimiflarius</strong></span> 
     </span>
     <span class='ocr_line' id='line_1_24' title="bbox 182 1607 1669 1657; baseline 0.003 -12"><span class='ocrx_word' id='word_1_214' title='bbox 182 1616 244 1645; x_wconf 85' lang='lat' dir='ltr'><strong>aut</strong></span> <span class='ocrx_word' id='word_1_215' title='bbox 257 1610 448 1656; x_wconf 83' lang='lat' dir='ltr'><strong>delegatus,</strong></span> <span class='ocrx_word' id='word_1_216' title='bbox 458 1608 667 1644; x_wconf 89' lang='lat' dir='ltr'><strong>conscientie</strong></span> <span class='ocrx_word' id='word_1_217' title='bbox 679 1607 737 1643; x_wconf 70' lang='lat' dir='ltr'><strong>fiie</strong></span> <span class='ocrx_word' id='word_1_218' title='bbox 748 1609 927 1657; x_wconf 78' lang='lat' dir='ltr'><strong>prodigus,</strong></span> <span class='ocrx_word' id='word_1_219' title='bbox 936 1611 972 1645; x_wconf 90' lang='lat' dir='ltr'><strong>in</strong></span> <span class='ocrx_word' id='word_1_220' title='bbox 983 1624 1174 1657; x_wconf 85' lang='lat' dir='ltr'><strong>gravamen</strong></span> <span class='ocrx_word' id='word_1_221' title='bbox 1182 1617 1242 1646; x_wconf 90' lang='lat' dir='ltr'><strong>aut</strong></span> <span class='ocrx_word' id='word_1_222' title='bbox 1254 1612 1505 1647; x_wconf 86' lang='lat' dir='ltr'><strong>detrimentum</strong></span> <span class='ocrx_word' id='word_1_223' title='bbox 1519 1613 1669 1654; x_wconf 79' lang='lat' dir='ltr'><strong>ecclesie,</strong></span> 
     </span>
     <span class='ocr_line' id='line_1_25' title="bbox 183 1664 1671 1714; baseline 0.003 -13"><span class='ocrx_word' id='word_1_224' title='bbox 183 1679 246 1714; x_wconf 90' lang='lat' dir='ltr'><strong>per</strong></span> <span class='ocrx_word' id='word_1_225' title='bbox 263 1667 422 1714; x_wconf 85' lang='lat' dir='ltr'><strong>gratiam,</strong></span> <span class='ocrx_word' id='word_1_226' title='bbox 443 1667 606 1701; x_wconf 89' lang='lat' dir='ltr'><strong>timorem</strong></span> <span class='ocrx_word' id='word_1_227' title='bbox 625 1666 682 1700; x_wconf 91' lang='lat' dir='ltr'><strong>vel</strong></span> <span class='ocrx_word' id='word_1_228' title='bbox 700 1664 829 1706; x_wconf 83' lang='lat' dir='ltr'><strong>sordeS,</strong></span> <span class='ocrx_word' id='word_1_229' title='bbox 862 1667 1066 1702; x_wconf 88' lang='lat' dir='ltr'><strong>alienationi</strong></span> <span class='ocrx_word' id='word_1_230' title='bbox 1085 1667 1307 1710; x_wconf 84' lang='lat' dir='ltr'><strong>consenserit,</strong></span> <span class='ocrx_word' id='word_1_231' title='bbox 1337 1674 1397 1704; x_wconf 89' lang='lat' dir='ltr'><strong>aut</strong></span> <span class='ocrx_word' id='word_1_232' title='bbox 1416 1670 1596 1705; x_wconf 86' lang='lat' dir='ltr'><strong>decretum</strong></span> <span class='ocrx_word' id='word_1_233' title='bbox 1615 1672 1671 1706; x_wconf 87' lang='lat' dir='ltr'><strong>vel</strong></span> 
     </span>
     <span class='ocr_line' id='line_1_26' title="bbox 183 1721 1672 1773; baseline 0.003 -15"><span class='ocrx_word' id='word_1_234' title='bbox 183 1723 432 1758; x_wconf 61' lang='lat' dir='ltr'><strong>auctoritatem</strong></span> <span class='ocrx_word' id='word_1_235' title='bbox 451 1721 711 1769; x_wconf 86' lang='lat' dir='ltr'><strong>interposuerit,</strong></span> <span class='ocrx_word' id='word_1_236' title='bbox 731 1722 876 1757; x_wconf 79' lang='lat' dir='ltr'><strong>inferior</strong></span> <span class='ocrx_word' id='word_1_237' title='bbox 903 1725 1044 1770; x_wconf 85' lang='lat' dir='ltr'><strong>quidem</strong></span> <span class='ocrx_word' id='word_1_238' title='bbox 1063 1725 1225 1773; x_wconf 90' lang='lat' dir='ltr'><strong>episcopo</strong></span> <span class='ocrx_word' id='word_1_239' title='bbox 1243 1724 1452 1761; x_wconf 88' lang='lat' dir='ltr'><strong>sententiam</strong></span> <span class='ocrx_word' id='word_1_240' title='bbox 1472 1740 1672 1762; x_wconf 80' lang='lat' dir='ltr'><strong>excommu-</strong></span> 
     </span>
     <span class='ocr_line' id='line_1_27' title="bbox 185 1778 1673 1831; baseline 0.003 -17"><span class='ocrx_word' id='word_1_241' title='bbox 185 1779 371 1814; x_wconf 87' lang='lat' dir='ltr'><strong>nicationis</strong></span> <span class='ocrx_word' id='word_1_242' title='bbox 388 1779 556 1820; x_wconf 88' lang='lat' dir='ltr'><strong>incurrat,</strong></span> <span class='ocrx_word' id='word_1_243' title='bbox 577 1778 757 1826; x_wconf 84' lang='lat' dir='ltr'><strong>episcopus</strong></span> <span class='ocrx_word' id='word_1_244' title='bbox 774 1792 859 1814; x_wconf 88' lang='lat' dir='ltr'><strong>vero</strong></span> <span class='ocrx_word' id='word_1_245' title='bbox 886 1786 948 1815; x_wconf 89' lang='lat' dir='ltr'><strong>aut</strong></span> <span class='ocrx_word' id='word_1_246' title='bbox 978 1781 1135 1829; x_wconf 88' lang='lat' dir='ltr'><strong>superior</strong></span> <span class='ocrx_word' id='word_1_247' title='bbox 1165 1782 1207 1816; x_wconf 89' lang='lat' dir='ltr'><strong>ab</strong></span> <span class='ocrx_word' id='word_1_248' title='bbox 1239 1783 1447 1818; x_wconf 86' lang='lat' dir='ltr'><strong>executione</strong></span> <span class='ocrx_word' id='word_1_249' title='bbox 1476 1783 1581 1818; x_wconf 91' lang='lat' dir='ltr'><strong>officii</strong></span> <span class='ocrx_word' id='word_1_250' title='bbox 1610 1797 1673 1831; x_wconf 87' lang='lat' dir='ltr'><strong>per</strong></span> 
     </span>
     <span class='ocr_line' id='line_1_28' title="bbox 185 1834 1671 1882; baseline 0.004 -13"><span class='ocrx_word' id='word_1_251' title='bbox 185 1848 319 1870; x_wconf 87' lang='lat' dir='ltr'><strong>annum</strong></span> <span class='ocrx_word' id='word_1_252' title='bbox 350 1836 490 1870; x_wconf 86' lang='lat' dir='ltr'><strong>noverit</strong></span> <span class='ocrx_word' id='word_1_253' title='bbox 518 1835 551 1870; x_wconf 89' lang='lat' dir='ltr'><strong>se</strong></span> <span class='ocrx_word' id='word_1_254' title='bbox 582 1834 792 1882; x_wconf 87' lang='lat' dir='ltr'><strong>suspensum,</strong></span> <span class='ocrx_word' id='word_1_255' title='bbox 822 1837 865 1871; x_wconf 88' lang='lat' dir='ltr'><strong>ad</strong></span> <span class='ocrx_word' id='word_1_256' title='bbox 884 1838 1146 1872; x_wconf 87' lang='lat' dir='ltr'><strong>extimationem</strong></span> <span class='ocrx_word' id='word_1_257' title='bbox 1179 1838 1382 1874; x_wconf 87' lang='lat' dir='ltr'><strong>detrimenti</strong></span> <span class='ocrx_word' id='word_1_258' title='bbox 1408 1838 1547 1874; x_wconf 85' lang='lat' dir='ltr'><strong>ecclefie</strong></span> <span class='ocrx_word' id='word_1_259' title='bbox 1574 1840 1671 1880; x_wconf 88' lang='lat' dir='ltr'><strong>illati,</strong></span> 
     </span>
     <span class='ocr_line' id='line_1_29' title="bbox 187 1891 1673 1942; baseline 0.004 -17"><span class='ocrx_word' id='word_1_260' title='bbox 187 1892 436 1926; x_wconf 89' lang='lat' dir='ltr'><strong>nichilominus</strong></span> <span class='ocrx_word' id='word_1_261' title='bbox 454 1892 742 1926; x_wconf 90' lang='lat' dir='ltr'><strong>condemnandus</strong></span> <span class='ocrx_word' id='word_1_262' title='bbox 759 1891 907 1928; x_wconf 89' lang='lat' dir='ltr'><strong>sciturus</strong></span> <span class='ocrx_word' id='word_1_263' title='bbox 933 1894 1029 1940; x_wconf 91' lang='lat' dir='ltr'><strong>quod</strong></span> <span class='ocrx_word' id='word_1_264' title='bbox 1046 1893 1069 1927; x_wconf 91' lang='lat' dir='ltr'>fi</span> <span class='ocrx_word' id='word_1_265' title='bbox 1086 1893 1302 1942; x_wconf 78' lang='lat' dir='ltr'><strong>suspensione</strong></span> <span class='ocrx_word' id='word_1_266' title='bbox 1330 1895 1480 1930; x_wconf 86' lang='lat' dir='ltr'><strong>durante</strong></span> <span class='ocrx_word' id='word_1_267' title='bbox 1498 1897 1673 1931; x_wconf 87' lang='lat' dir='ltr'><strong>damnabi-</strong></span> 
     </span>
     <span class='ocr_line' id='line_1_30' title="bbox 188 1946 1671 1998; baseline 0.003 -16"><span class='ocrx_word' id='word_1_268' title='bbox 188 1948 269 1983; x_wconf 90' lang='lat' dir='ltr'><strong>liter</strong></span> <span class='ocrx_word' id='word_1_269' title='bbox 286 1947 319 1982; x_wconf 90' lang='lat' dir='ltr'><strong>se</strong></span> <span class='ocrx_word' id='word_1_270' title='bbox 338 1946 514 1994; x_wconf 76' lang='lat' dir='ltr'><strong>ingesserit</strong></span> <span class='ocrx_word' id='word_1_271' title='bbox 532 1948 568 1982; x_wconf 91' lang='lat' dir='ltr'><strong>in</strong></span> <span class='ocrx_word' id='word_1_272' title='bbox 583 1948 719 1988; x_wconf 86' lang='lat' dir='ltr'><strong>divinis,</strong></span> <span class='ocrx_word' id='word_1_273' title='bbox 736 1948 1003 1995; x_wconf 86' lang='lat' dir='ltr'><strong>irregularitatis</strong></span> <span class='ocrx_word' id='word_1_274' title='bbox 1020 1950 1146 1997; x_wconf 87' lang='lat' dir='ltr'><strong>laqueo</strong></span> <span class='ocrx_word' id='word_1_275' title='bbox 1164 1950 1198 1985; x_wconf 89' lang='lat' dir='ltr'><strong>se</strong></span> <span class='ocrx_word' id='word_1_276' title='bbox 1216 1951 1378 1992; x_wconf 86' lang='lat' dir='ltr'><strong>involvit,</strong></span> <span class='ocrx_word' id='word_1_277' title='bbox 1396 1965 1417 1985; x_wconf 89' lang='lat' dir='ltr'><strong>a</strong></span> <span class='ocrx_word' id='word_1_278' title='bbox 1433 1965 1503 1998; x_wconf 87' lang='lat' dir='ltr'><strong>quo</strong></span> <span class='ocrx_word' id='word_1_279' title='bbox 1522 1965 1595 1986; x_wconf 89' lang='lat' dir='ltr'><strong>non</strong></span> <span class='ocrx_word' id='word_1_280' title='bbox 1612 1953 1671 1987; x_wconf 87' lang='lat' dir='ltr'><strong>nifi</strong></span> 
     </span>
     <span class='ocr_line' id='line_1_31' title="bbox 188 2003 1674 2053; baseline 0.003 -15"><span class='ocrx_word' id='word_1_281' title='bbox 188 2017 252 2052; x_wconf 88' lang='lat' dir='ltr'><strong>per</strong></span> <span class='ocrx_word' id='word_1_282' title='bbox 269 2003 442 2045; x_wconf 89' lang='lat' dir='ltr'><strong>summum</strong></span> <span class='ocrx_word' id='word_1_283' title='bbox 462 2004 670 2038; x_wconf 88' lang='lat' dir='ltr'><strong>Pontificem</strong></span> <span class='ocrx_word' id='word_1_284' title='bbox 688 2005 819 2051; x_wconf 89' lang='lat' dir='ltr'><strong>poterit</strong></span> <span class='ocrx_word' id='word_1_285' title='bbox 838 2005 989 2040; x_wconf 87' lang='lat' dir='ltr'><strong>liberari.</strong></span> <span class='ocrx_word' id='word_1_286' title='bbox 1043 2007 1079 2041; x_wconf 83' lang='lat' dir='ltr'><strong>Is</strong></span> <span class='ocrx_word' id='word_1_287' title='bbox 1096 2020 1182 2042; x_wconf 84' lang='lat' dir='ltr'><strong>vero</strong></span> <span class='ocrx_word' id='word_1_288' title='bbox 1208 2008 1265 2053; x_wconf 91' lang='lat' dir='ltr'><strong>qui</strong></span> <span class='ocrx_word' id='word_1_289' title='bbox 1299 2008 1380 2042; x_wconf 91' lang='lat' dir='ltr'><strong>dolo</strong></span> <span class='ocrx_word' id='word_1_290' title='bbox 1399 2008 1455 2043; x_wconf 88' lang='lat' dir='ltr'><strong>vel</strong></span> <span class='ocrx_word' id='word_1_291' title='bbox 1473 2009 1595 2043; x_wconf 88' lang='lat' dir='ltr'><strong>fraude</strong></span> <span class='ocrx_word' id='word_1_292' title='bbox 1613 2016 1674 2044; x_wconf 83' lang='lat' dir='ltr'><strong>aut</strong></span> 
     </span>
     <span class='ocr_line' id='line_1_32' title="bbox 189 2060 1674 2111; baseline 0.003 -16"><span class='ocrx_word' id='word_1_293' title='bbox 189 2060 338 2096; x_wconf 86' lang='lat' dir='ltr'><strong>scienter</strong></span> <span class='ocrx_word' id='word_1_294' title='bbox 366 2061 403 2094; x_wconf 90' lang='lat' dir='ltr'><strong>in</strong></span> <span class='ocrx_word' id='word_1_295' title='bbox 432 2060 683 2095; x_wconf 89' lang='lat' dir='ltr'><strong>detrimentum</strong></span> <span class='ocrx_word' id='word_1_296' title='bbox 715 2061 933 2097; x_wconf 89' lang='lat' dir='ltr'><strong>ecclesiarum</strong></span> <span class='ocrx_word' id='word_1_297' title='bbox 952 2063 1200 2097; x_wconf 88' lang='lat' dir='ltr'><strong>alienationem</strong></span> <span class='ocrx_word' id='word_1_298' title='bbox 1227 2064 1303 2098; x_wconf 88' lang='lat' dir='ltr'><strong>fieri</strong></span> <span class='ocrx_word' id='word_1_299' title='bbox 1329 2065 1582 2111; x_wconf 87' lang='lat' dir='ltr'><strong>procuraverit,</strong></span> <span class='ocrx_word' id='word_1_300' title='bbox 1614 2073 1674 2100; x_wconf 84' lang='lat' dir='ltr'><strong>aut</strong></span> 
     </span>
     <span class='ocr_line' id='line_1_33' title="bbox 191 2115 1674 2164; baseline 0.005 -15"><span class='ocrx_word' id='word_1_301' title='bbox 191 2129 253 2164; x_wconf 89' lang='lat' dir='ltr'><strong>per</strong></span> <span class='ocrx_word' id='word_1_302' title='bbox 270 2115 388 2151; x_wconf 90' lang='lat' dir='ltr'><strong>sordes</strong></span> <span class='ocrx_word' id='word_1_303' title='bbox 406 2116 463 2151; x_wconf 88' lang='lat' dir='ltr'><strong>vel</strong></span> <span class='ocrx_word' id='word_1_304' title='bbox 480 2115 737 2164; x_wconf 88' lang='lat' dir='ltr'><strong>impreffionem</strong></span> <span class='ocrx_word' id='word_1_305' title='bbox 755 2118 975 2153; x_wconf 88' lang='lat' dir='ltr'><strong>alienationis</strong></span> <span class='ocrx_word' id='word_1_306' title='bbox 1002 2119 1183 2154; x_wconf 84' lang='lat' dir='ltr'><strong>decretum</strong></span> <span class='ocrx_word' id='word_1_307' title='bbox 1210 2119 1404 2161; x_wconf 86' lang='lat' dir='ltr'><strong>extorserit,</strong></span> <span class='ocrx_word' id='word_1_308' title='bbox 1432 2119 1575 2156; x_wconf 81' lang='lat' dir='ltr'><strong>similem</strong></span> <span class='ocrx_word' id='word_1_309' title='bbox 1600 2121 1674 2156; x_wconf 41' lang='lat' dir='ltr'><strong>sen*</strong></span> 
     </span>
     <span class='ocr_line' id='line_1_34' title="bbox 191 2172 1674 2223; baseline 0.004 -17"><span class='ocrx_word' id='word_1_310' title='bbox 191 2172 338 2217; x_wconf 86' lang='lat' dir='ltr'><strong>tentiam</strong></span> <span class='ocrx_word' id='word_1_311' title='bbox 357 2173 728 2208; x_wconf 80' lang='lat' dir='ltr'><strong>excommunicationis</strong></span> <span class='ocrx_word' id='word_1_312' title='bbox 745 2173 913 2216; x_wconf 86' lang='lat' dir='ltr'><strong>incurrat,</strong></span> <span class='ocrx_word' id='word_1_313' title='bbox 941 2188 961 2210; x_wconf 89' lang='lat' dir='ltr'><strong>a</strong></span> <span class='ocrx_word' id='word_1_314' title='bbox 986 2188 1054 2222; x_wconf 89' lang='lat' dir='ltr'><strong>qua</strong></span> <span class='ocrx_word' id='word_1_315' title='bbox 1079 2188 1152 2209; x_wconf 90' lang='lat' dir='ltr'><strong>non</strong></span> <span class='ocrx_word' id='word_1_316' title='bbox 1170 2175 1231 2209; x_wconf 90' lang='lat' dir='ltr'><strong>nifi</strong></span> <span class='ocrx_word' id='word_1_317' title='bbox 1249 2189 1311 2223; x_wconf 87' lang='lat' dir='ltr'><strong>pei·</strong></span> <span class='ocrx_word' id='word_1_318' title='bbox 1331 2176 1534 2212; x_wconf 87' lang='lat' dir='ltr'><strong>Romanum</strong></span> <span class='ocrx_word' id='word_1_319' title='bbox 1555 2177 1674 2212; x_wconf 90' lang='lat' dir='ltr'><strong>Ponti-</strong></span> 
     </span>
     <span class='ocr_line' id='line_1_35' title="bbox 191 2222 1673 2275; baseline 0.004 -13"><span class='ocrx_word' id='word_1_320' title='bbox 191 2228 291 2263; x_wconf 90' lang='lat' dir='ltr'><strong>ficem</strong></span> <span class='ocrx_word' id='word_1_321' title='bbox 312 2227 440 2263; x_wconf 88' lang='lat' dir='ltr'><strong>absolvi</strong></span> <span class='ocrx_word' id='word_1_322' title='bbox 459 2227 581 2275; x_wconf 81' lang='lat' dir='ltr'><strong>poflit3</strong></span> <span class='ocrx_word' id='word_1_323' title='bbox 611 2229 654 2263; x_wconf 91' lang='lat' dir='ltr'><strong>ad</strong></span> <span class='ocrx_word' id='word_1_324' title='bbox 672 2222 926 2264; x_wconf 85' lang='lat' dir='ltr'><strong>restitutionem</strong></span> <span class='ocrx_word' id='word_1_325' title='bbox 943 2231 1191 2266; x_wconf 89' lang='lat' dir='ltr'><strong>nichilominus</strong></span> <span class='ocrx_word' id='word_1_326' title='bbox 1209 2245 1327 2266; x_wconf 87' lang='lat' dir='ltr'><strong>rerum</strong></span> <span class='ocrx_word' id='word_1_327' title='bbox 1346 2232 1575 2268; x_wconf 88' lang='lat' dir='ltr'><strong>alienatarum</strong></span> <span class='ocrx_word' id='word_1_328' title='bbox 1594 2247 1673 2269; x_wconf 87' lang='lat' dir='ltr'><strong>cuni</strong></span> 
     </span>
     <span class='ocr_line' id='line_1_36' title="bbox 192 2284 1674 2332; baseline 0.005 -14"><span class='ocrx_word' id='word_1_329' title='bbox 192 2284 376 2325; x_wconf 64' lang='lat' dir='ltr'><strong>fructibus,</strong></span> <span class='ocrx_word' id='word_1_330' title='bbox 397 2284 678 2331; x_wconf 89' lang='lat' dir='ltr'><strong>quandocunque</strong></span> <span class='ocrx_word' id='word_1_331' title='bbox 694 2285 737 2320; x_wconf 91' lang='lat' dir='ltr'><strong>de</strong></span> <span class='ocrx_word' id='word_1_332' title='bbox 748 2285 914 2332; x_wconf 83' lang='lat' dir='ltr'><strong>premiflis</strong></span> <span class='ocrx_word' id='word_1_333' title='bbox 926 2287 1126 2328; x_wconf 89' lang='lat' dir='ltr'><strong>constiterit,</strong></span> <span class='ocrx_word' id='word_1_334' title='bbox 1147 2288 1446 2324; x_wconf 85' lang='lat' dir='ltr'><strong>condemnandus.</strong></span> <span class='ocrx_word' id='word_1_335' title='bbox 1498 2289 1674 2325; x_wconf 80' lang='lat' dir='ltr'><strong>Volumus</strong></span> 
     </span>
     <span class='ocr_line' id='line_1_37' title="bbox 193 2341 1673 2391; baseline 0.005 -16"><span class='ocrx_word' id='word_1_336' title='bbox 193 2346 310 2376; x_wconf 81' lang='lat' dir='ltr'><strong>autem</strong></span> <span class='ocrx_word' id='word_1_337' title='bbox 328 2341 423 2387; x_wconf 87' lang='lat' dir='ltr'><strong>quod</strong></span> <span class='ocrx_word' id='word_1_338' title='bbox 442 2341 593 2389; x_wconf 84' lang='lat' dir='ltr'><strong>delegati</strong></span> <span class='ocrx_word' id='word_1_339' title='bbox 622 2347 657 2377; x_wconf 90' lang='lat' dir='ltr'><strong>et</strong></span> <span class='ocrx_word' id='word_1_340' title='bbox 688 2341 907 2377; x_wconf 83' lang='lat' dir='ltr'><strong>commiffarii</strong></span> <span class='ocrx_word' id='word_1_341' title='bbox 925 2343 1075 2390; x_wconf 64' lang='lat' dir='ltr'><strong>predicti</strong></span> <span class='ocrx_word' id='word_1_342' title='bbox 1104 2344 1146 2379; x_wconf 91' lang='lat' dir='ltr'><strong>de</strong></span> <span class='ocrx_word' id='word_1_343' title='bbox 1173 2345 1271 2391; x_wconf 88' lang='lat' dir='ltr'><strong>penis</strong></span> <span class='ocrx_word' id='word_1_344' title='bbox 1289 2345 1542 2381; x_wconf 85' lang='lat' dir='ltr'><strong>constitutionis</strong></span> <span class='ocrx_word' id='word_1_345' title='bbox 1560 2347 1673 2382; x_wconf 83' lang='lat' dir='ltr'><strong>nostre</strong></span> 
     </span>
    </p>
   </div>
  </div>
 </body>
</html>
