1839 2652
167 274 214 304 50
568 267 880 303 REGISTRUM
909 267 1244 303 MONASTERII

171 364 373 400 universitas
390 364 501 399 vestra
519 377 573 398 me
591 370 725 410 gratam
745 369 779 398 et
798 369 908 397 ratam
926 364 1053 398 habere
1072 364 1296 398 donationem
1328 370 1363 398 et
1391 362 1641 400 conceffionem

172 434 256 467 quas
273 421 452 468 predictus
472 419 650 454 Henricus
667 424 766 466 pater
780 432 889 459 meus,
904 419 941 453 in
952 419 1042 465 legia
1054 419 1220 466 potestate
1239 419 1298 454 sua
1315 425 1350 454 et
1367 419 1470 466 plena
1487 420 1642 461 sanitate,

172 477 254 511 fecit
273 476 392 510 domui
405 476 447 510 de
460 472 607 509 Paffelet
622 481 656 510 et
670 475 847 509 monachis
865 475 993 509 ibidem
1012 475 1093 510 Deo
1105 474 1343 516 servientibus,
1362 488 1425 522 per
1443 475 1644 511 consensum

174 540 209 566 et
226 531 393 566 afl'ensum
406 531 484 572 mei,
497 531 635 565 heredis
646 530 706 572 sui,
721 537 755 565 et
767 531 915 565 aliorum
930 532 1121 565 amicorum
1136 530 1287 572 suorum,
1308 532 1351 566 de
1369 531 1502 566 duabus
1519 530 1646 566 scilicet

175 588 362 622 carrucatis
376 592 469 621 terre
483 587 518 620 in
535 587 672 621 Penuld
683 599 767 632 quas
785 586 958 622 Walterus
971 587 1063 622 filius
1079 587 1198 628 Alani,
1215 587 1376 621 dominus
1387 587 1466 621 suus
1485 593 1519 621 et
1538 600 1645 628 meus,

177 644 272 678 dedit
290 644 321 678 ei
347 657 412 691 pro
442 643 581 678 servitio
609 642 681 677 suo.
734 643 901 678 Concedo
932 643 1035 678 etiam
1065 643 1259 690 predi&am
1289 649 1418 678 terram
1442 643 1648 690 supradictis

177 700 366 740 monachis,
395 706 429 735 et
446 700 510 734 hac
527 699 678 747 presenti
697 705 792 734 carta
808 712 885 734 mea
902 699 996 733 illam
1025 699 1072 733 eis
1091 699 1272 740 confirmo,
1302 699 1445 733 liberam
1464 705 1499 733 et
1516 698 1649 733 absolu-

177 762 248 790 tam
267 757 405 803 penitus
423 757 466 790 de
484 768 539 790 me
558 761 592 790 et
611 756 653 790 de
672 756 832 790 omnibus
849 755 1034 790 heredibus
1052 755 1136 789 meis
1154 756 1422 802 imperpetuum,
1442 768 1521 789 cum
1540 755 1648 789 omni-

179 813 243 846 bus
260 812 476 847 libertatibus
490 825 574 858 quas
588 817 683 846 carta
697 812 830 846 domini
849 812 991 846 Walteri
1005 812 1094 859 patri
1109 825 1187 846 meo
1203 813 1357 853 donavit,
1377 818 1411 847 et
1430 818 1525 846 carta
1541 813 1648 859 patris

181 868 249 902 mei
267 867 342 915 ipfis
360 867 537 902 monachis
555 866 739 910 conceffit;
770 867 816 902 Et
834 880 878 902 ne
897 881 962 915 ego
981 869 1035 903 vel
1064 868 1186 914 aliquis
1204 869 1373 903 heredum
1391 880 1550 902 meorum
1568 868 1650 902 huic

182 925 388 959 conceflioni
408 931 441 960 et
460 925 716 959 confirmationi
734 937 810 958 mee
829 925 1016 970 aliquando
1035 925 1203 958 innovare
1221 923 1331 971 poffit,
1353 937 1470 959 coram
1491 923 1649 958 Roberto

184 980 286 1021 Croc,
316 987 349 1015 et
367 981 439 1015 filio
457 980 517 1015 suo
537 981 667 1021 Alano,
696 986 731 1014 et
758 980 912 1014 Radulfo
932 986 966 1014 et
985 980 1082 1014 Luca
1100 981 1296 1027 capellanis,
1325 987 1359 1015 et
1387 981 1541 1015 Radulfo
1561 981 1649 1015 Rus-

183 1036 254 1078 sell,
283 1043 317 1072 et
338 1037 484 1071 Matheo
503 1037 575 1070 filio
594 1036 665 1077 suo,
695 1035 876 1075 Brelmild,
905 1042 939 1070 et
957 1037 1074 1071 multis
1092 1037 1262 1077 fidelibus,
1291 1037 1439 1077 affidavi,
1471 1042 1505 1071 et
1531 1049 1647 1070 coram

183 1095 268 1134 aliis,
287 1095 389 1128 tactis
406 1091 639 1132 sacrosanctis,
654 1092 784 1139 juravi,
810 1093 903 1138 quod
923 1105 986 1126 nec
1005 1105 1069 1138 ego
1089 1105 1151 1126 nec
1170 1093 1292 1138 aliquis
1310 1093 1477 1127 heredum
1490 1105 1649 1127 meorum

185 1151 333 1196 aliquam
352 1150 634 1184 reclamationem
653 1154 775 1182 contra
792 1148 880 1182 hanc
898 1147 1093 1195 presentem
1123 1147 1375 1182 concellionem
1405 1154 1440 1182 et
1470 1149 1651 1182 confirma-

185 1208 315 1241 tionem
334 1206 492 1253 predicte
510 1210 603 1239 terre
621 1205 878 1252 imperpetuum
896 1204 1071 1238 faciemus.
1125 1203 1205 1237 Hiis
1223 1203 1362 1238 testibus
1378 1203 1534 1237 lValtero
1553 1203 1652 1237 Glas-

184 1261 302 1307 guenfi
321 1261 492 1308 episcopo,
513 1261 632 1294 Alano
652 1260 694 1294 de
711 1259 1030 1305 Montegrininum,
1060 1259 1121 1304 [de
1143 1259 1454 1305 Montegumeri?]
1484 1259 1648 1293 VVilelmo

186 1318 228 1352 de
244 1317 448 1364 Lindesayc,
471 1317 629 1351 Roberto
642 1316 684 1350 de
701 1315 804 1355 Croc,
833 1322 867 1349 et
881 1316 952 1349 filio
971 1314 1031 1349 suo
1045 1314 1174 1355 Alano,
1202 1315 1365 1350 Johanne
1381 1314 1461 1355 Ose,
1493 1315 1649 1349 Henrico

187 1374 229 1408 de
244 1373 346 1414 Nel'e,
376 1374 528 1420 Symone
548 1373 618 1406 filio
635 1371 805 1412 Bertolof3
835 1378 869 1406 et
888 1371 1006 1405 multis
1024 1371 1108 1405 aliis.

188 1542 295 1576 Carta
312 1541 427 1587 quiete
446 1540 661 1574 clamationis
680 1540 722 1574 de
742 1539 770 1573 F
773 1540 873 1573 ulton
890 1552 953 1586 per
971 1539 1149 1573 dominum
1172 1539 1370 1573 Antonium
1389 1539 1546 1574 militem.

190 1651 428 1688 OMNIBUS
454 1652 515 1686 has
532 1652 664 1686 litteras
682 1650 803 1685 visuris
826 1651 882 1685 vel
909 1650 1089 1691 audituris,
1110 1651 1271 1685 dominus
1287 1651 1467 1685 Antonius
1485 1651 1654 1685 Lunibar-

188 1709 252 1744 dus
270 1709 368 1743 miles
385 1708 529 1743 salutem
548 1708 583 1741 in
603 1707 760 1741 Domino
779 1705 1033 1754 sempiternam.
1085 1706 1236 1742 Noverit
1253 1706 1454 1742 univerfitas
1472 1707 1582 1742 vestra
1599 1721 1653 1742 me

188 1765 392 1806 conceffiffe‚
421 1764 546 1800 dediffe
565 1770 599 1799 et
617 1765 681 1798 hac
698 1763 848 1810 presenti
866 1762 990 1810 scripto
1009 1764 1164 1809 quietum
1184 1762 1338 1798 clamaffe
1357 1764 1499 1798 domino
1525 1764 1655 1798 Abbati

189 1828 223 1856 et
242 1821 431 1856 conventui
450 1821 492 1855 de
511 1818 657 1854 Pafl'elet
674 1825 786 1853 totum
800 1819 859 1865 jus
877 1819 971 1865 quod
989 1819 1092 1853 michi
1118 1820 1284 1866 competit
1312 1818 1371 1854 seu
1405 1820 1583 1867 competiit
1600 1820 1655 1854 vel

190 1882 388 1924 competere
406 1876 535 1923 poterit
553 1876 588 1909 in
606 1875 792 1922 posterum,
813 1875 849 1908 in
867 1879 942 1908 tota
958 1879 1052 1908 terra
1070 1875 1112 1909 de
1131 1874 1160 1908 F
1163 1875 1274 1915 ulton,
1303 1887 1382 1909 cum
1401 1876 1562 1910 omnibus
1578 1888 1653 1923 per-

189 1934 345 1968 tinentiis
362 1932 440 1973 suis,
469 1933 556 1967 etin
574 1944 692 1966 annuo
709 1931 850 1966 redditu
879 1936 1029 1976 quatuor
1056 1943 1251 1965 marcarum
1277 1945 1361 1977 quas
1391 1932 1434 1966 de
1465 1934 1654 1967 camerario

192 1990 385 2024 eorundem
404 1989 583 2036 percipere
594 1986 757 2022 consuevi
774 1987 965 2026 annuatim,
981 1992 1125 2033 propter
1143 1987 1315 2033 quandam
1330 1988 1477 2034 pecunie
1489 1988 1655 2023 summam

190 2059 292 2092 quam
311 2045 459 2093 predicti
480 2043 599 2078 Abbas
626 2048 660 2078 et
689 2048 882 2077 conventus
908 2041 952 2075 ad
981 2041 1175 2076 instantiam
1206 2056 1349 2090 precum
1380 2057 1536 2078 mearum
1554 2045 1658 2078 michi

191 2102 372 2136 soluerunt
384 2114 445 2148 pre
463 2100 633 2140 manibus,
649 2099 693 2133 ad
707 2098 993 2133 exonerationem
1011 2099 1209 2134 debitorum
1227 2113 1398 2135 meorum.
1438 2101 1558 2142 Quare
1576 2101 1657 2135 volo

192 2164 226 2192 et
244 2157 398 2191 concedo
417 2156 511 2202 quod
528 2155 677 2202 predicti
693 2154 811 2189 Abbas
829 2159 863 2188 et
881 2160 1074 2189 conventus
1091 2157 1369 2202 prenominatam
1389 2162 1517 2191 terram
1536 2170 1657 2191 eorum

193 2214 235 2247 de
255 2212 283 2246 F
286 2212 385 2246 ulton
415 2212 556 2259 pacifice
584 2216 738 2250 teneant,
766 2210 915 2244 habeant
942 2216 975 2244 et
1004 2210 1196 2258 possideant
1226 2212 1268 2246 ‹le
1300 2218 1428 2253 cetero,
1467 2213 1535 2247 line
1563 2215 1657 2247 omni

194 2268 400 2315 calumpnia,
421 2267 682 2315 perturbatione
704 2266 760 2300 vel
786 2265 950 2306 molestia,
979 2279 1021 2301 ex
1047 2273 1146 2314 parte
1173 2280 1251 2302 mea
1281 2268 1337 2302 vel
1355 2268 1500 2316 alicujus
1517 2269 1659 2303 alterius

193 2325 334 2359 nomine
353 2324 432 2365 mei,
452 2330 485 2358 et
504 2337 524 2358 a
540 2322 711 2358 solutione
729 2322 836 2357 annui
854 2322 1010 2357 redditus
1021 2324 1258 2370 predictarum
1277 2330 1426 2370 quatuor
1440 2325 1658 2360 marcharum
