1839 2652
727 268 798 303 DE
826 267 1095 303 PASSELET.
1580 268 1646 298 281

169 364 391 401 conservator
409 365 564 400 extiterit
592 364 632 400 fit
660 378 728 412 pax
758 364 906 399 Domini
936 363 1042 398 nostri
1058 362 1142 399 Jesu
1161 361 1298 402 Christi,
1333 366 1503 407 quatenus
1530 366 1565 395 et
1590 360 1645 394 hic

167 422 323 457 fruetum
339 421 431 456 bone
450 421 598 456 aetionis
615 422 783 468 percipiat
813 426 848 455 et
876 420 968 468 apud
987 419 1179 454 distrieimm
1200 418 1354 465 judicem
1374 417 1507 464 premia
1524 421 1644 451 eterne

166 478 259 524 pacis
276 478 443 512 inveniat.
496 477 626 518 Amen,
649 477 778 518 Amen,
802 477 930 511 Amen.
984 475 1119 509 Datum
1138 474 1304 509 Valentie
1322 487 1385 521 per
1403 485 1525 507 manus
1545 472 1645 507 Chri-

166 532 288 580 sogoni
321 533 438 568 san&e
476 533 637 568 Romane
672 532 810 567 ecclefie
841 532 978 566 diaconi
1007 531 1190 565 cardinalis
1221 536 1255 565 et
1285 529 1549 569 bibliothecarii,
1585 529 1644 562 viii

169 589 347 624 Kalendas
377 589 511 629 Martii,
543 589 738 623 indstffione
768 589 839 629 xiii,
875 588 1124 622 incarnationis
1159 587 1348 621 Dominiee
1383 598 1476 620 anno
1511 583 1645 619 millefi-

166 658 224 680 mo
255 644 439 680 centefimo
469 644 640 685 vicefimo,
672 645 894 691 pontificatus
922 649 1039 677 autem
1068 643 1201 677 domini
1234 642 1363 677 Calixti
1389 640 1530 676 secundi
1555 653 1644 688 pape

165 714 261 735 anno,
276 700 439 736 secundo.
493 700 630 741 Quibus
648 700 787 746 quidem
807 700 931 734 litteris
949 698 1142 746 apostolicis
1160 698 1259 733 nobis
1287 704 1327 732 ut
1354 697 1569 745 premittitur
1587 709 1644 730 ex-

164 757 281 792 hibitis
295 763 330 792 et
344 756 490 797 ostenfis‚
505 756 604 790 nobis
616 762 656 790 ut
668 756 845 790 ordinario
862 756 945 790 ville
958 761 993 790 et
1004 754 1144 790 diocefis
1157 753 1358 794 ParifienfiS,
1376 767 1419 788 ex
1432 759 1530 801 parte
1543 751 1643 799 ipfius

166 814 298 848 domini
318 812 466 847 Abbatis
485 811 731 852 Cluniacenfis‚
760 811 820 845 suo
851 817 885 846 et
913 812 998 846 dieu
1025 811 1157 845 ordinis
1176 809 1412 845 Cluniacenfis
1430 808 1641 848 nominibus,

165 870 231 904 fuit
248 870 426 904 humiliter
444 868 671 916 supplicatum
701 874 741 902 ut
772 881 850 902 cum
868 869 1043 915 predifihis
1061 868 1194 901 litteras
1211 866 1412 914 apostolicas
1438 878 1499 912 per
1525 865 1643 912 plures

165 932 200 960 et
217 924 366 960 diversas
384 938 423 959 ac
440 931 592 959 remotas
610 925 711 959 valde
729 929 855 971 partes
887 924 1048 970 exigente
1067 922 1168 969 ipfius
1194 927 1229 957 et
1256 922 1387 956 ordinis
1407 920 1643 956 Cluniacenfis

164 980 458 1028 singulariumque
475 979 700 1028 personarum
720 979 872 1027 ejusdem
901 980 1051 1014 utilitate
1069 978 1128 1013 seu
1146 976 1353 1018 neceffitate‚
1386 977 1511 1011 habeat
1528 977 1641 1012 facere

164 1037 296 1084 portari
313 1049 352 1071 ac
371 1037 474 1071 etiam
492 1036 672 1083 publicari,
692 1042 727 1070 et
743 1037 780 1070 in
798 1036 978 1083 portandis
996 1035 1054 1070 seu
1073 1034 1251 1069 mittendis
1270 1033 1395 1068 eisdem
1415 1033 1642 1079 originalibus

163 1093 300 1134 litteris,
312 1097 457 1140 propter
471 1093 606 1127 viarum
620 1092 785 1139 pericula,
797 1091 951 1126 incursus
963 1091 1171 1138 predonum,
1180 1095 1373 1138 raptorum,
1386 1089 1444 1124 seu
1457 1090 1641 1124 fluminum

164 1149 314 1196 impetus
341 1148 400 1183 seu
418 1149 503 1183 alios
521 1148 616 1184 casus
633 1149 796 1184 fortuitos
825 1154 859 1183 et
889 1146 1110 1195 periculosos,
1139 1146 1240 1194 super
1266 1146 1472 1193 perditione,
1494 1145 1642 1180 destruc-

164 1206 260 1239 tione
277 1204 336 1239 seu
354 1202 530 1239 amiflione
548 1204 709 1251 ipsarum,
741 1218 780 1239 ac
799 1205 900 1239 etiam
920 1209 1064 1251 propter
1082 1203 1347 1237 vetustationem
1379 1202 1581 1241 earundem,
1602 1202 1641 1235 ti-

165 1266 258 1295 meat
274 1260 333 1295 fibi
364 1266 399 1296 et
429 1261 525 1295 ἀίἇὶο
551 1260 667 1295 ordini
685 1260 904 1295 Cluniacenfi
930 1259 1217 1306 singulariterque
1235 1257 1389 1306 personis
1415 1257 1578 1304 ejusdem,
1608 1264 1642 1291 et

165 1329 238 1351 non
256 1317 430 1352 immerito
444 1317 609 1351 formidet
626 1329 752 1362 magna
764 1322 799 1350 et
813 1316 946 1351 diversa
959 1316 1114 1363 pericula
1124 1316 1322 1362 provenire,
1342 1320 1513 1361 quatenus
1528 1314 1640 1348 eidem

166 1374 208 1408 de
227 1379 404 1420 oportuno
423 1373 578 1408 remedio
596 1373 832 1421 providentes,
853 1372 980 1407 eisdem
998 1372 1122 1406 litteris
1148 1371 1351 1418 apostolicis,
1383 1370 1478 1417 prius
1497 1382 1559 1417 per
1576 1383 1641 1403 nos

165 1428 250 1469 vifis,
282 1429 429 1476 palpatis
447 1434 482 1463 et
500 1429 687 1476 diligenter
705 1429 920 1470 examinatis,
951 1429 1176 1475 dignaremur
1202 1441 1258 1462 eas
1284 1441 1327 1462 ex
1353 1425 1458 1461 caufis
1475 1427 1641 1473 predi6fis

164 1485 330 1520 mandare
348 1486 558 1520 auGtoritate
577 1485 752 1520 ordinaria
779 1484 979 1532 exemplari,
1012 1490 1046 1519 et
1076 1496 1138 1531 per
1164 1483 1388 1518 tabellionem
1406 1483 1585 1530 publicum
1604 1483 1639 1516 in

164 1542 311 1576 formam
330 1542 504 1589 publicam
524 1547 559 1576 et
576 1541 636 1576 sub
654 1541 762 1588 figillo
782 1542 877 1576 curie
897 1541 1089 1576 Parifienfis
1106 1542 1228 1587 redigi,
1256 1547 1296 1575 ut
1322 1553 1384 1588 per
1402 1541 1466 1575 hee
1485 1539 1554 1586 ipsa
1571 1553 1641 1574 em-

163 1597 274 1644 plaria
303 1598 448 1632 eandem
478 1598 726 1632 au&oritaten1
755 1604 789 1632 et
816 1598 1016 1632 firmitatem
1047 1586 1087 1632 ut
1117 1596 1187 1644 ipsa
1217 1597 1400 1643 originalia
1427 1596 1638 1630 obtinerent.

163 1652 239 1687 Nos
258 1666 341 1688 vero
359 1654 580 1688 attendentes
597 1653 882 1701 supplicationem
901 1654 1070 1701 prefatam
1098 1652 1164 1688 effe
1191 1654 1377 1688 consonam
1396 1653 1534 1693 rationi,
1564 1665 1640 1700 pre-

164 1710 241 1744 fatis
258 1710 382 1745 litteris
411 1710 605 1757 apostolicis
634 1723 696 1758 per
714 1723 778 1745 nos
796 1724 875 1745 cum
894 1710 1075 1756 diligentia
1092 1710 1187 1757 prius
1207 1708 1291 1750 vifis,
1323 1709 1469 1756 palpatis
1496 1714 1530 1743 et
1562 1721 1639 1742 exa-

163 1766 312 1806 minatis,
343 1765 456 1812 eisque
474 1766 713 1800 indubitanter
731 1767 877 1813 repertis
895 1766 997 1806 veris,
1026 1766 1182 1812 integris,
1212 1778 1284 1799 non
1303 1765 1445 1805 viciatis,
1474 1777 1547 1799 non
1565 1778 1640 1799 cor-

164 1822 286 1868 ruptis,
305 1834 371 1857 nec
388 1822 423 1856 in
442 1822 558 1868 aliqua
573 1821 624 1856 sui
641 1828 740 1869 parte
758 1821 933 1870 suspefitis,
954 1820 1040 1868 ipsas
1057 1821 1190 1856 litteras
1208 1821 1420 1868 apostolicas,
1443 1820 1541 1855 cause
1560 1834 1639 1867 cog-

163 1877 298 1911 nitione
315 1877 417 1924 super
434 1878 499 1912 hec
517 1878 739 1925 precedente,
759 1878 1001 1913 mandavimus
1020 1884 1054 1913 et
1072 1878 1216 1912 fecimus
1234 1878 1444 1912 auftoritate
1464 1878 1640 1911 ordinaria

163 1939 198 1967 et
225 1932 286 1967 sub
314 1931 424 1979 figillo
453 1934 547 1968 curie
566 1934 678 1968 nostre
698 1933 888 1969 Parifienfis
914 1947 977 1981 per
996 1934 1235 1969 Guillermum
1257 1934 1445 1981 Marpaudi
1464 1934 1637 1968 notarium

163 1988 342 2035 publicum
361 1988 615 2036 infrascriptum
634 1988 871 2037 sollempniter
889 1991 1078 2038 exemplari
1106 1996 1141 2025 et
1167 1991 1203 2024 in
1231 1991 1378 2024 formam
1396 1989 1570 2036 publicam
1589 2003 1640 2023 re-

164 2044 234 2091 diga·
250 2059 259 2087 5
287 2045 380 2091 quod
399 2045 538 2090 quidem
557 2046 735 2093 exemplar
753 2046 898 2081 eandem
918 2052 958 2080 ut
975 2047 1190 2093 premittitur
1218 2046 1462 2080 a11&oritatem
1483 2050 1517 2079 et
1535 2045 1640 2079 firmi-

163 2106 271 2134 tatem
289 2106 494 2147 perpetuam
513 2113 575 2147 per
593 2101 657 2135 hec
674 2106 714 2135 ut
731 2101 801 2148 ipsa
819 2102 1003 2148 originalia
1020 2104 1178 2138 obtinere
1198 2103 1415 2137 decrevimus
1432 2102 1640 2136 auctoritate

164 2156 340 2190 ordinaria
356 2157 392 2189 in
410 2156 474 2190 hiis
492 2156 635 2203 scriptis.
689 2157 733 2191 In
751 2170 899 2203 quorum
920 2159 1076 2193 omnium
1095 2159 1329 2193 testimonium
1355 2157 1531 2204 presentes
1549 2157 1641 2192 litte-

163 2225 218 2246 ras
235 2225 298 2259 per
317 2212 450 2247 dietum
477 2213 653 2247 notarium
682 2213 860 2260 publicum
886 2213 984 2248 scribi
1015 2220 1050 2248 et
1079 2215 1115 2248 in
1145 2214 1316 2261 publicam
1349 2214 1495 2248 formam
1527 2214 1637 2260 redigi

163 2268 403 2303 mandavimus
421 2274 456 2302 et
473 2266 582 2314 figillo
601 2269 695 2303 curie
716 2267 906 2303 Parifienfis
924 2282 995 2304 una
1013 2282 1091 2304 cum
1121 2268 1217 2316 figno
1236 2275 1270 2304 et
1288 2268 1534 2317 subscriptione
1553 2270 1637 2303 diaeffi

163 2323 289 2358 notarii
307 2323 451 2360 fecimus
468 2323 676 2372 appenfione
695 2325 834 2359 muniri.
888 2325 983 2359 AEta
1012 2324 1091 2360 sunt
1120 2325 1185 2360 hec
1204 2324 1336 2360 Parifiis
1367 2338 1460 2361 anno
1490 2325 1636 2359 Domini

865 2384 888 2416 Q
907 2392 930 2415 N
