1870 2683
170 253 193 283 4
769 246 802 279 A
809 245 1048 280 PPENDIX.

171 350 206 380 et
222 344 471 378 inhabitatores
498 341 690 375 nostrarum
719 347 891 375 terrarum
912 347 945 375 et
963 339 1216 388 pofl‘eflionum,
1238 354 1353 376 coram
1373 343 1643 392 quibuscumque

162 399 339 447 judicibus
356 397 589 444 spiritualibus
617 402 651 431 et
678 397 928 443 temporalibus
957 397 1133 430 attachiati
1164 396 1221 431 seu
1250 397 1403 432 arrestati
1430 399 1569 440 fuerint,
1599 402 1643 435 ad

167 454 396 502 previlegium
416 458 450 486 et
468 452 663 486 libertatem
681 452 795 487 nostre
813 452 1004 498 regalitatis
1018 452 1233 498 replegiandi
1248 459 1282 487 et
1297 453 1498 494 reducendi,
1515 457 1643 490 cautio-

169 522 317 555 nemque
337 509 379 542 de
397 508 566 542 colleraclt
585 521 648 554 pro
661 507 792 554 justitia
809 509 964 555 partibus
982 509 1275 554 conquerentibus
1302 510 1391 543 infra
1413 510 1502 555 juris
1526 513 1643 545 termi-

168 579 250 600 num
279 564 493 598 ministrandi
512 570 546 598 et
572 564 784 604 inveniendi,
813 564 917 598 dandi
936 571 970 599 et
988 564 1181 612 prestandi:
1237 564 1463 599 Relervando
1491 566 1590 600 nobis
1608 573 1642 601 et

167 619 411 656 liiccefforibus
429 620 551 654 nostris
569 620 754 654 antedictis
773 619 975 666 potestatem
994 622 1199 656 nominandi
1218 627 1252 656 et
1270 622 1410 656 creandi
1430 629 1464 656 et
1481 623 1639 663 faciendi,

166 677 362 716 ordinandi,
390 675 624 716 substituendi,
654 676 857 722 imponendi
876 682 910 710 et
928 677 1133 711 removendi
1160 683 1194 711 et
1216 677 1329 725 jurari
1347 678 1506 719 faciendi,
1537 679 1642 726 depu-

165 740 254 768 tatos
272 746 382 768 unum
400 733 457 767 vel
475 732 603 779 plures,
631 732 890 772 indfflatorem,
917 733 1093 773 clericum,
1114 732 1323 779 serjandum,
1344 741 1587 769 coronatorem
1607 742 1641 770 et

164 790 248 824 alios
267 790 450 824 officiarios
462 788 649 835 justiciarie
669 788 903 834 quoscunque,
923 790 1084 834 quotiens
1097 789 1197 823 nobis
1211 794 1246 824 et
1256 788 1500 824 succefl'oribus
1518 791 1640 826 nostris

165 859 251 892 opus
268 845 374 879 fuerit
392 844 513 885 visum,
537 851 571 879 et
588 844 800 890 generaliter
819 845 936 879 onmia
953 845 1020 879 alia
1037 850 1071 879 et
1089 843 1221 891 fingula
1238 846 1383 892 gerendi
1403 852 1436 880 et
1455 848 1639 881 exercendi

164 915 230 947 que
249 902 292 935 ad
311 901 463 935 officium
482 901 680 947 predictum
700 901 735 934 in
754 899 919 946 prelniflis
937 899 996 934 seu
1013 899 1110 934 fimili
1137 901 1180 934 de
1205 901 1287 947 jure
1306 901 1361 935 vel
1388 902 1638 937 consuetudine

164 958 262 1002 regni
282 956 471 991 dinoscitur
489 957 675 1003 pertinere,
705 957 807 990 etiam
825 955 848 989 fi
867 957 1068 990 mandatum
1097 957 1212 1003 exigat
1239 958 1347 1003 magis
1372 956 1516 1004 speciale
1535 972 1637 1005 quain

163 1013 377 1061 presentibus
404 1013 450 1047 est
477 1011 692 1060 expressum:
750 1012 959 1046 Tenendum
991 1018 1025 1046 et
1051 1012 1248 1047 habendum
1276 1018 1390 1047 totum
1409 1020 1444 1048 et
1461 1015 1636 1060 integrum

162 1071 360 1117 predictum
379 1069 744 1115 officiumjusticiarie,
773 1068 942 1103 balleatus
971 1069 1128 1102 omnium
1159 1074 1193 1102 et
1222 1068 1433 1114 fingularum
1464 1075 1635 1105 terrarum

162 1126 355 1160 nostrarum
375 1131 409 1159 et
426 1124 668 1172 polsessionum
688 1130 722 1159 et
740 1125 935 1158 tenentium
951 1130 986 1158 et
1004 1125 1266 1158 tenendriarum
1282 1125 1537 1160 antedictarum
1557 1139 1634 1161 cum

161 1182 391 1228 pertinentiis,
421 1187 455 1215 et
480 1194 544 1227 pro
571 1180 739 1227 stipendio
769 1180 853 1214 diffi
882 1179 985 1213 officii
1016 1186 1087 1214 tres
1105 1180 1237 1213 celdras
1255 1181 1443 1221 avenatiee,
1472 1194 1511 1215 ac
1533 1183 1635 1216 etiam

162 1250 283 1272 omnes
301 1243 336 1271 et
353 1237 500 1283 lingulas
519 1237 693 1283 predictas
712 1236 941 1281 quadraginta
958 1242 1029 1269 tres
1043 1235 1203 1269 solidatas
1221 1242 1256 1270 et
1274 1242 1423 1282 quatuor
1443 1237 1636 1271 denariatas

161 1299 334 1327 terrarum
354 1292 550 1326 nostrarum
570 1293 612 1326 de
632 1292 729 1326 Glen
746 1298 886 1325 vocatas
904 1291 947 1325 ll'e
965 1291 1134 1331 Loclzez'd,
1170 1304 1248 1325 cum
1269 1292 1430 1326 omnibus
1449 1298 1482 1326 et
1497 1291 1636 1339 singulis

161 1349 387 1389 libertatibus,
416 1347 729 1387 commoditatibus,
756 1348 919 1394 proficuis
938 1353 972 1381 et
990 1346 1195 1381 ailiamentis
1214 1354 1248 1381 et
1260 1347 1357 1393 justis
1376 1347 1441 1382 suis
1460 1349 1635 1395 pertinen-

160 1405 215 1438 tiis
233 1405 276 1438 ad
294 1405 466 1451 prefatum
487 1404 638 1437 officium
659 1409 692 1437 et
711 1403 753 1436 ad
772 1403 946 1449 predictas
964 1409 1073 1437 terras
1099 1402 1332 1449 spectantibus
1359 1403 1415 1438 [eu
1437 1404 1527 1451 juste
1546 1405 1636 1451 spec-

160 1467 233 1494 tare
251 1460 446 1494 valentibus
465 1459 730 1505 quomodolibet
756 1460 791 1492 111
819 1459 988 1499 futurum,
1017 1459 1135 1499 libere,
1158 1459 1284 1505 quiete,
1305 1459 1471 1506 plenarie,
1499 1461 1634 1506 integre

159 1517 364 1556 honorifice,
393 1516 480 1550 bene
500 1522 533 1550 et
553 1517 587 1549 in
606 1528 699 1562 pace,
729 1514 796 1549 sine
815 1515 929 1561 aliquo
950 1515 1210 1561 impedimento,
1239 1516 1472 1555 revocatione,
1499 1521 1634 1549 contra-

159 1573 313 1606 dictione
340 1579 400 1606 aut
431 1572 605 1606 obstaculo
634 1573 783 1618 aliquali.
838 1571 984 1617 Insuper
1003 1571 1165 1605 volumus
1194 1571 1288 1616 quod
1319 1571 1433 1604 (11ὅ1115
1463 1571 1631 1617 magister,

159 1629 304 1663 heredes
322 1628 371 1662 sui
391 1635 425 1662 et
442 1627 648 1662 succeffores
666 1641 729 1662 1105
749 1627 921 1661 1101110111»
940 1625 1144 1661 succeffores
1163 1633 1197 1661 et
1216 1626 1460 1660 monasterium
1479 1627 1632 1661 nostrum

157 1685 373 1718 antedictum
406 1685 501 1718 omni
533 1691 690 1731 tempore
709 1685 828 1718 futuro
856 1683 1045 1717 defendant
1075 1688 1109 1716 et
1137 1688 1339 1722 extremam,
1370 1684 1528 1717 exactam
1559 1683 1633 1716 dili·

156 1742 309 1787 gentiam
329 1741 456 1774 faciant
474 1746 514 1774 ut
531 1740 653 1786 finguli
672 1745 831 1773 tenentes
850 1746 884 1773 et
903 1744 1128 1786 occupatores
1144 1739 1298 1772 omnium
1315 1745 1486 1772 terrarum
1503 1751 1633 1773 annua-

157 1798 216 1830 tim
247 1796 447 1843 persolvant
476 1797 678 1836 camerario,
707 1796 904 1842 granatario
936 1794 993 1828 seu
1024 1795 1158 1828 sellario
1187 1795 1271 1828 dicti
1290 1793 1395 1827 nostri
1423 1794 1629 1834 monasterii,

157 1866 276 1886 eorum
309 1854 436 1892 firmas,
465 1853 620 1899 proficua
640 1858 673 1885 et
693 1852 844 1891 devoria,
878 1857 911 1884 et
930 1850 1023 1896 quod
1043 1848 1291 1884 intromiffores
1309 1851 1465 1883 011111111111
1484 1850 1630 1884 decima-

155 1921 232 1943 rum
263 1908 455 1954 garbalium
475 1908 599 1954 prefati
619 1907 813 1941 monasterii
832 1905 984 1940 similiter
1002 1906 1181 1939 annuatim
1202 1918 1322 1939 eorum
1348 1905 1454 1952 justas
1482 1906 1630 1939 decimas

153 1965 311 2011 garbales
329 1964 548 2011 persolvant3
579 1971 612 1998 et
633 1977 696 2010 pro
715 1964 841 1997 eisdem
873 1962 895 1996 11
926 1974 1012 2008 opus
1043 1962 1147 1994 fuerit
1178 1961 1383 2007 distringant
1413 1967 1447 1995 et
1478 1962 1521 1994 ad
1551 1961 1629 1995 usus

154 2020 286 2054 nostros
320 2021 459 2055 realiter
477 2026 512 2054 et
531 2033 607 2054 cum
628 2020 754 2053 effoeta
786 2019 952 2052 inducant
984 2023 1017 2051 et
1044 2018 1258 2064 important;
1294 2023 1329 2051 et
1355 2018 1447 2062 quod
1475 2030 1537 2050 nos
1555 2017 1629 2051 nol'-

153 2076 290 2123 trosque
309 2074 513 2110 succeflores
535 2082 568 2110 et
588 2075 829 2109 monasterium
851 2074 1068 2108 antedictum
1094 2080 1154 2106 aut
1180 2072 1313 2106 nostros
1343 2078 1513 2113 tenentes,
1543 2073 1628 2107 alios

152 2132 284 2167 nostros
302 2133 441 2173 amicos,
475 2132 749 2177 confimguineos
781 2137 814 2164 et
842 2130 1038 2168 familiares,
1069 2141 1147 2162 cum
1181 2141 1302 2162 eorum
1329 2129 1457 2168 amicis,
1487 2128 1627 2163 consan-

151 2188 298 2233 guineis,
327 2188 426 2222 bouis
445 2194 479 2222 et
497 2187 720 2221 allistentibus
748 2192 869 2220 contra
897 2198 1016 2219 omnes
1047 2185 1212 2219 invadere
1243 2190 1410 2219 conantes
1438 2185 1626 2219 defendant

150 2243 193 2276 ad
212 2243 369 2277 exactam
390 2244 617 2288 diligentiam.
673 2242 834 2281 Necnon,
864 2241 939 2275 casu
969 2241 1080 2287 (quod
1098 2240 1198 2286 abfit)
1222 2241 1316 2287 quod
1347 2241 1431 2274 dieti
1460 2240 1626 2287 Magister

150 2305 183 2334 et
203 2297 250 2332 sui
270 2298 416 2341 heredes
435 2305 469 2333 et
488 2297 693 2333 succefl'ores
713 2299 845 2332 dietum
871 2297 1126 2336 monasterium,
1157 2310 1221 2331 nos
1247 2295 1444 2343 nostrosque
1463 2293 1624 2331 succeffo-
