1870 2683
187 295 259 326 428
591 286 907 322 REGISTRUM
934 285 1273 321 MONASTERII

190 385 420 425 elemosinam,
450 385 497 418 ita
514 383 633 423 libere,
661 383 788 428 quiete,
816 382 972 429 plenarie
1003 387 1038 416 et
1067 382 1259 416 honorifice
1276 381 1360 417 ficut
1389 387 1485 417 carta
1511 383 1662 429 predicti

192 441 357 476 Duncani
375 440 456 473 inde
474 438 611 485 plenius
638 438 799 472 confecta
824 437 951 472 eisdem
980 437 1158 471 monachis
1183 437 1273 485 juste
1303 437 1457 478 testatur,
1484 438 1578 472 lalvo
1596 438 1664 473 ser-

189 497 274 530 vitio
292 495 418 529 nostro.
473 493 633 528 Testibus
655 493 860 528 Alexandro
879 491 1037 540 episcopo
1058 492 1283 533 Moravienli,
1314 493 1475 540 Philippo
1508 494 1551 528 de
1584 493 1666 528 Mu-

190 552 284 598 bray,
314 551 458 596 Rogero
478 549 630 589 Avenel‚
659 549 779 583 David
809 548 995 588 Marscall’,
1025 548 1191 583 WVilelmo
1219 549 1262 583 de
1282 548 1476 595 Lyndesay,
1499 548 1665 583 Wilelmo

190 608 232 642 de
252 606 355 646 Mar',
385 606 502 639 Adam
521 606 564 640 de
582 605 719 651 Logan‚
746 605 840 652 apud
870 604 1055 651 Edinburg
1072 603 1231 639 vicefimo
1260 605 1383 652 quinto
1416 605 1471 639 die
1502 604 1663 651 Augusti,

189 674 282 697 anno
300 662 400 708 regni
420 661 553 695 domini
574 661 684 707 Regis
701 661 797 695 xxii0.

190 832 421 867 Confirmatio
440 829 658 866 ecclefiarum
677 830 721 864 de
739 829 940 876 Turnbery‚
961 829 1104 877 Cragyn
1123 835 1158 865 et
1176 830 1219 865 de
1238 830 1392 878 Dalyell.

189 942 551 979 INNOCENTIUS
578 941 756 988 episcopus
774 940 891 975 servus
910 939 1089 975 servorum
1119 941 1190 976 Dei
1221 942 1358 976 dilectis
1388 941 1467 975 filiis
1496 941 1610 975 Priori
1629 948 1663 976 et

186 999 377 1034 conventui
395 998 438 1032 de
459 996 614 1037 Paffelet,
645 996 879 1032 Cluniacenfis
898 997 1040 1037 ordinis,
1070 996 1217 1032 salutem
1248 1003 1283 1032 et
1310 997 1530 1044 apostolicam
1559 997 1663 1032 bene-

187 1055 389 1090 dictionem.
443 1053 539 1088 Solet
558 1065 713 1087 annuere
731 1051 827 1086 sedes
845 1052 1028 1099 apostolica
1044 1053 1109 1099 piis
1126 1053 1227 1093 votis,
1249 1059 1283 1087 et
1300 1052 1449 1087 honestis
1467 1053 1662 1099 petentium

186 1111 346 1158 precibus
362 1111 518 1144 favorem
536 1108 746 1143 benevolum
766 1108 947 1155 impertiri.
999 1107 1197 1155 Eapropter
1215 1108 1335 1142 dileffi
1360 1108 1396 1142 in
1424 1108 1582 1142 Domino
1600 1108 1663 1142 filii

185 1166 304 1201 vestris
316 1166 414 1213 justis
431 1165 718 1212 postulationibus
735 1170 836 1210 grato
855 1169 1103 1198 concurrentes
1121 1161 1264 1204 affensu,
1280 1162 1532 1198 conceffionem
1559 1176 1661 1209 quam

185 1222 277 1256 bone
295 1222 462 1256 memorie
481 1221 661 1256 Jocelinus
681 1218 902 1266 Glasguenfis
921 1218 1098 1266 episcopus
1124 1225 1159 1253 et
1186 1220 1335 1254 dilectus
1352 1220 1443 1253 filius
1462 1219 1663 1254 Florentius

188 1277 365 1324 quondam
397 1275 618 1322 Glasguenfis
649 1276 792 1315 electus,
829 1275 912 1309 dum
944 1287 1061 1309 curam
1091 1280 1231 1321 gereret
1262 1274 1400 1309 ecclefie
1429 1273 1661 1321 Glasguenfis,

185 1333 287 1380 super
305 1331 452 1367 ecclesus
471 1332 513 1365 de
533 1331 733 1378 Turnbery,
762 1331 804 1364 de
824 1330 967 1377 Cragyn
993 1336 1028 1364 et
1058 1330 1101 1364 de
1133 1330 1286 1377 Dalyell,
1315 1343 1394 1365 cum
1413 1331 1565 1371 decimis,
1585 1331 1662 1365 red-

186 1389 314 1423 djtibus
332 1394 367 1422 et
384 1386 644 1435 poffeffionibus
662 1386 739 1427 suis,
769 1392 804 1421 et
831 1399 934 1433 quam
956 1385 1093 1420 Alanus
1110 1386 1202 1420 filius
1222 1386 1369 1420 Walteri
1387 1386 1488 1433 super
1506 1392 1601 1420 terra
1618 1386 1661 1420 de

187 1444 408 1484 Moniabroc‚
437 1449 472 1478 et
492 1443 670 1477 Henrieus
689 1443 731 1476 de
751 1442 880 1477 Sancto
901 1442 1060 1477 Mart-ino
1086 1441 1187 1490 super
1217 1444 1350 1478 duabus
1368 1444 1537 1478 carucatis
1555 1449 1659 1484 terre,

185 1500 392 1534 monasterio
411 1499 534 1539 vestro,
563 1499 607 1532 ad
634 1498 916 1532 sustentationem
934 1498 1091 1538 vestram,
1120 1498 1293 1546 hospitum
1311 1499 1504 1535 vestrorum
1522 1505 1557 1534 et
1578 1512 1661 1546 pau-

184 1569 321 1604 perum,
341 1554 453 1590 feciffe
473 1555 649 1595 dicuntur,
677 1553 761 1588 ficut
778 1554 834 1601 pie
853 1568 892 1589 ac
910 1556 1055 1602 provide
1073 1556 1166 1590 facta
1183 1556 1239 1597 est,
1268 1562 1302 1591 et
1332 1557 1370 1590 in
1398 1569 1520 1590 eorum
1540 1561 1661 1590 auten-

185 1612 261 1646 ticis
280 1612 406 1646 dicitur
425 1611 610 1650 contineri,
624 1610 834 1644 auctoritate
849 1610 1032 1657 apostolica
1045 1612 1292 1646 confirmamus
1310 1617 1344 1646 et
1361 1610 1528 1658 presentis
1545 1610 1661 1658 scripti

184 1667 380 1714 patrocinio
399 1666 667 1701 communimus.
719 1665 820 1700 Nulli
839 1678 923 1711 ergo
942 1667 1086 1701 omnino
1104 1667 1287 1701 hominum
1318 1668 1419 1702 liceat
1449 1668 1538 1702 hanc
1567 1668 1662 1715 pagi-

185 1735 267 1757 nam
285 1722 399 1756 nostre
419 1721 693 1756 confirmationis
710 1721 901 1767 infringere
920 1722 975 1756 vel
1005 1723 1035 1756 ei
1060 1722 1144 1757 ausu
1171 1724 1357 1757 temerario
1388 1723 1573 1757 contraire.
1624 1722 1660 1757 Si

186 1779 261 1824 quis
279 1784 396 1812 autem
414 1778 480 1811 hoc
498 1782 705 1823 attemptare
731 1775 984 1823 presumpserit,
1016 1778 1293 1824 indignationem
1313 1779 1561 1825 omnipotentis
1589 1777 1661 1813 Dei

186 1840 221 1868 et
238 1834 419 1868 beatorum
441 1833 535 1867 Petri
555 1838 590 1867 et
609 1833 709 1867 Pauli
721 1831 955 1879 apostolorum
975 1833 1048 1880 ejus
1062 1833 1094 1868 se
1106 1835 1245 1868 noverit
1258 1834 1489 1870 incursurum.
1524 1833 1660 1869 Datum

187 1889 354 1924 Laterani
374 1889 494 1924 Idibus
516 1888 605 1924 Maii
622 1888 845 1935 pontificatus
862 1888 968 1923 nostri
986 1902 1079 1923 anno
1098 1890 1244 1925 decimo.

183 2057 233 2092 Ut
251 2057 339 2092 nulli
357 2057 526 2092 seculares
543 2057 633 2092 infra
650 2056 744 2104 septa
760 2056 956 2092 monasterii
981 2063 1102 2093 tenere
1127 2058 1255 2106 placita
1284 2058 1340 2094 vel
1370 2060 1660 2105 congregationes

183 2112 437 2159 [presumant]

185 2221 427 2258 CLEMENS
447 2223 624 2271 episcopus
641 2223 758 2259 servus
775 2224 954 2259 servorum
973 2224 1044 2259 Dei
1063 2224 1198 2259 dilectis
1215 2225 1294 2259 filiis
1313 2225 1445 2260 Abbati
1458 2230 1494 2260 et
1507 2237 1657 2260 conven-

183 2278 233 2311 tui
247 2278 441 2312 monasterii
460 2280 502 2313 de
522 2277 679 2320 Paffelet‚
701 2278 935 2315 Cluniacenfis
947 2280 1089 2320 ordinis,
1111 2280 1331 2327 Glasguenfis
1344 2279 1494 2322 diocesis,
1513 2280 1656 2314 salutem

186 2338 220 2367 et
237 2332 455 2380 apostolicam
473 2335 765 2370 benedictionem.
818 2335 1006 2371 Defideriis
1023 2335 1142 2371 vestris
1171 2336 1207 2370 in
1237 2336 1301 2370 hiis
1331 2336 1458 2371 affectu
1482 2334 1654 2370 benevolo
