1839 2652
717 277 789 313 DE
817 276 969 312 PASSE
976 276 1086 312 LET.
1548 281 1616 312 103

140 374 329 421 quemlibet
347 373 511 415 nostrum,
531 379 602 409 tam
620 374 665 409 ad
682 373 891 409 solutionem
909 374 1056 421 pecunie
1074 372 1261 421 prescripte
1286 372 1492 413 faciendam,
1520 386 1623 419 quam

140 431 184 465 ad
202 429 479 465 observationem
497 430 600 478 hujus
626 429 742 478 scripti
774 431 810 465 in
840 430 996 477 quolibet
1020 430 1178 470 articulo,
1208 443 1271 477 per
1289 430 1527 464 omnimodam
1546 441 1624 464 cen-

140 485 254 521 suram
273 485 540 527 ecclefiasticam,
560 486 782 534 compellere,
803 499 846 521 ex
863 485 934 520 sola
952 486 1167 533 inspeetione
1185 486 1289 533 hujus
1303 485 1534 526 instrumenti,
1554 483 1623 520 fine

140 541 284 577 alterius
302 541 400 576 cause
420 543 631 589 cognitione,
664 542 763 576 nullo
792 543 978 589 impetrato
997 542 1052 577 vel
1070 542 1302 589 proponendo
1321 541 1476 576 obstante
1495 542 1550 576 vel
1567 554 1625 576 va-

141 598 260 632 lituro.
314 598 359 632 In
377 598 475 645 cujus
501 598 552 632 rei
578 598 813 632 testimonium
840 597 978 644 presens
1005 597 1169 644 scriptum
1195 596 1305 643 figillo
1334 610 1424 638 meo,
1456 611 1528 631 una
1545 610 1624 632 cum

141 652 252 700 figillo
270 654 478 688 venerabilis
506 654 612 700 patris
632 654 764 687 domini
794 654 942 687 Roberti
972 653 1041 687 Dei
1071 654 1184 699 gratia
1215 653 1363 700 episcopi
1391 652 1623 700 Glasguenfis,

141 709 206 744 feci
224 709 392 744 roborari.
446 709 526 743 Hiis
540 709 690 749 testibus,
707 709 850 743 domino
862 709 885 745 J
888 709 1036 748 ohanne,
1059 713 1093 742 et
1109 708 1328 749 Alexandro,
1349 709 1512 743 fratribus
1526 710 1622 750 meis,

143 766 292 800 dominis
311 765 475 800 lVilelmo
494 770 529 800 et
548 765 664 799 Bricio
683 765 869 811 capellanis
888 766 930 799 de
950 764 1107 805 Paffelet,
1128 765 1150 800 J
1154 766 1291 800 ohanne
1311 766 1406 800 dic'to
1423 766 1527 802 Pride
1545 768 1625 802 bur-

141 820 235 869 gensi
254 822 296 856 de
317 822 466 863 Renfru,
488 821 606 856 Alano
626 821 668 856 de
688 821 831 862 Fulton,
855 821 1019 855 Wilehno
1039 821 1081 855 de
1103 821 1223 862 Knok,
1244 827 1278 856 et
1296 822 1381 856 aliis.

143 991 251 1026 Carta
269 990 467 1024 donationis
484 989 543 1024 sex
561 1002 757 1024 marcarum
775 989 884 1023 annui
901 988 1058 1023 redditus
1074 1001 1136 1035 per
1151 988 1369 1024 Herbertum
1383 989 1425 1024 de
1441 989 1624 1026 Maxwell.

144 1102 384 1139 OMNIBUS
411 1103 472 1136 has
489 1103 623 1137 litteras
642 1101 764 1137 visuris
782 1101 838 1136 vel
866 1101 1036 1136 audituris
1057 1100 1256 1135 Herbertus
1275 1101 1318 1136 de
1339 1101 1511 1136 Maxwell
1529 1103 1627 1137 miles

143 1158 288 1194 sahltem
307 1160 343 1193 111
363 1159 533 1193 Domino.
586 1159 737 1194 Noverit
762 1156 966 1193 universitas
984 1157 1094 1192 vestra
1119 1170 1175 1191 me
1205 1156 1343 1198 dedisse,
1373 1157 1566 1193 concessifl'e
1594 1166 1628 1194 et

144 1216 209 1250 hac
225 1215 378 1263 presenti
396 1221 491 1250 carta
508 1229 586 1250 mea
616 1214 833 1250 confirmasse
860 1214 942 1248 Deo
974 1220 1009 1248 et
1037 1212 1187 1259 gloriose
1206 1214 1349 1260 Virgini
1381 1213 1498 1249 Marie
1525 1216 1627 1250 matri

145 1270 215 1312 sue,
242 1285 307 1319 pro
326 1271 434 1306 salute
453 1272 567 1306 anime
585 1285 661 1306 mee
685 1278 719 1306 et
744 1272 940 1306 animarum
958 1269 1213 1304 antecefforum
1232 1283 1391 1305 meorum
1411 1276 1445 1305 et
1463 1271 1627 1306 sueceffo-

145 1341 235 1368 rum,
255 1327 314 1362 sex
331 1341 464 1362 marcas
481 1328 616 1374 argenti
636 1328 744 1362 annui
763 1328 920 1362 redditus
940 1326 982 1361 de
1005 1326 1234 1373 proventibus
1254 1327 1538 1362 molendinorum
1557 1341 1628 1363 me-

146 1397 248 1418 orum
267 1384 310 1418 de
329 1383 488 1418 Mernes’
510 1384 546 1418 in
564 1384 593 1418 le
614 1383 762 1424 Aldton,
789 1384 846 1418 vel
870 1385 912 1419 de
930 1384 1158 1432 proventibus
1175 1384 1324 1418 aliorum
1342 1385 1628 1420 molendinorum

146 1452 306 1474 meorum
325 1440 368 1474 de
385 1438 543 1474 BIerneP
558 1440 601 1474 ‹le
619 1439 742 1486 quibus
761 1440 884 1475 melius
903 1446 938 1475 et
956 1441 1057 1475 citius
1069 1441 1162 1475 (116ὶο
1181 1439 1239 1475 sex
1257 1453 1372 1475 marce
1391 1441 1499 1475 annui
1514 1442 1629 1475 reddi-

146 1502 201 1530 tus
220 1496 329 1530 levari
347 1501 525 1542 poterunt,
553 1496 804 1543 percipiendas,
833 1497 877 1530 ad
908 1497 1076 1531 terminos
1094 1497 1152 1542 qui
1171 1496 1347 1536 l'ecuntur,
1376 1497 1539 1531 videlicet
1557 1503 1627 1532 tres

146 1564 279 1586 marcas
297 1552 339 1586 ad
357 1551 479 1586 festum
499 1551 720 1586 Pentecostes
739 1557 773 1585 et
791 1557 862 1586 tres
880 1565 1012 1587 marcas
1038 1553 1082 1586 ad
1113 1552 1235 1586 festum
1265 1552 1385 1586 Sancti
1417 1552 1566 1586 Martini
1593 1554 1629 1587 111

146 1608 330 1655 hyempme
347 1621 355 1642 ε
385 1607 574 1642 Tenendas
593 1613 627 1642 et
645 1607 823 1642 habendas
841 1608 949 1643 libere
968 1614 1002 1643 et
1020 1609 1161 1656 pacifice
1181 1614 1215 1643 et
1233 1609 1360 1655 quiete,
1390 1609 1425 1642 in
1443 1622 1568 1656 puram
1595 1616 1629 1644 et

147 1670 351 1712 perpetuam
380 1663 612 1705 elemofinam‚
641 1663 765 1711 absque
797 1666 893 1700 omni
922 1665 1062 1700 servitio
1092 1666 1249 1706 seculari,
1279 1666 1463 1701 exactione
1490 1666 1545 1700 vel
1573 1667 1630 1701 de-

148 1721 286 1761 manda,
301 1734 366 1769 pro
384 1720 630 1755 sustentatione
648 1722 860 1756 invenienda
878 1724 1015 1758 cuidam
1035 1724 1214 1771 capellano
1233 1724 1289 1770 qui
1306 1724 1486 1758 annuatim
1505 1724 1630 1771 imper-

148 1782 293 1824 petuum
313 1777 501 1812 celebrabit
519 1777 638 1811 divina
668 1777 703 1811 111
721 1778 892 1812 honorem
911 1779 1010 1814 beate
1029 1780 1187 1826 Virginis
1206 1779 1323 1814 Marie
1342 1780 1377 1813 in
1396 1779 1537 1814 ecclesla
1554 1793 1630 1827 par-

149 1833 267 1869 rochie
286 1835 328 1869 ‹le
348 1834 518 1875 Mernes',
548 1848 611 1881 pro
629 1835 716 1869 vivis
745 1840 779 1869 et
806 1835 991 1870 (10111116115.
1044 1836 1091 1870 Et
1121 1836 1214 1875 volo,
1243 1836 1398 1869 concedo
1429 1841 1464 1870 et
1492 1836 1629 1876 ordino,

150 1891 244 1937 quod
262 1891 423 1937 quotiens
441 1891 652 1938 capellanus,
681 1891 740 1937 qui
766 1891 810 1925 ad
840 1890 1038 1937 hujusmodi
1067 1891 1220 1926 officium
1252 1892 1497 1937 exequendum
1524 1892 1629 1925 fuerit

152 1947 348 1994 deputatus,
365 1946 499 1981 cefl'erit
511 1947 566 1981 vel
586 1945 776 1987 decesserit,
797 1947 913 1981 licebit
932 1948 1015 1981 mihi
1035 1953 1068 1982 et
1088 1947 1273 1981 heredibus
1291 1948 1376 1981 meis
1395 1947 1501 1980 alium
1518 1947 1628 1994 capel-

152 2003 272 2037 lanum
300 2003 379 2037 loco
410 2002 511 2050 ipfius
537 2002 750 2043 substituere,
779 2002 972 2049 irrequifito
1001 2002 1168 2037 consensu
1200 2002 1371 2036 dioceiani
1390 2008 1424 2036 et
1451 2002 1630 2048 cujussibet

151 2058 295 2093 alterius
308 2058 436 2105 judicis
455 2058 667 2093 ecclefiastiCi
685 2059 741 2093 vel
759 2059 931 2099 secularis,
959 2072 1023 2106 pro
1052 2059 1150 2092 libito
1169 2057 1283 2092 nostre
1302 2057 1503 2097 voluntatis,
1524 2063 1631 2104 prout

153 2114 343 2149 viderimus
361 2115 524 2160 expedire
544 2117 616 2159 [et]
635 2115 744 2161 magis
762 2114 952 2149 secundum
972 2115 1168 2148 Dominum
1193 2119 1227 2147 et
1251 2112 1464 2147 honestatem
1492 2112 1630 2147 ecclesie

153 2170 259 2205 fuerit
277 2175 503 2216 oportunum.
555 2170 736 2205 Predifihzs
755 2171 980 2205 donationem
1013 2176 1047 2205 et
1076 2167 1328 2204 concessionem
1347 2182 1412 2215 ego
1432 2174 1466 2203 et
1484 2169 1630 2204 heredes

155 2226 224 2261 mei
243 2225 556 2266 manutenebimus,
575 2226 889 2266 warantizabimus,
918 2225 1189 2272 acquietabimus
1208 2230 1242 2258 et
1261 2224 1487 2259 defendemus
1505 2225 1631 2272 imper-

156 2286 312 2328 petuum,
342 2286 465 2315 contra
482 2293 603 2316 omnes
626 2281 785 2316 homines
812 2287 846 2316 et
876 2282 1031 2321 feminas,
1059 2286 1099 2315 ut
1117 2279 1316 2327 premifl'um
1345 2280 1413 2323 est3
1443 2285 1478 2315 et
1495 2281 1539 2315 ad
1564 2281 1631 2315 hoc

156 2337 319 2373 volumus
338 2337 483 2384 obligari
500 2350 563 2384 per
580 2335 767 2384 presentes.
819 2337 900 2372 Hiis
919 2336 1058 2372 testibus
1077 2336 1220 2372 domino
1234 2336 1316 2371 Ada
1334 2337 1473 2372 rectore
1491 2336 1629 2372 ecclefie
