1839 2652
717 261 787 295 DE
820 259 1090 296 PASSELET.
1577 265 1648 295 ⁶245

162 356 288 403 scripto
307 357 352 391 est
370 356 560 404 appensum
579 357 671 404 apud
692 357 846 405 Pass'elay
858 358 981 404 quinto
1001 358 1056 392 die
1075 356 1197 392 menfis
1211 357 1233 393 J
1236 357 1369 391 anuarii
1388 369 1481 391 anno
1497 356 1646 390 Domini

163 412 341 448 millesnno
359 412 700 460 quadringentesimo
718 415 835 448 tertio.

162 582 344 616 Sententia
360 582 430 616 lata
446 581 515 617 five
532 582 802 617 instrumentum
820 595 883 630 per
902 582 1113 630 Episcopum
1134 582 1408 629 Glasgwensem,
1429 588 1552 617 contra
1574 583 1645 617 Ro-

161 636 298 671 bertum
317 637 430 685 Boyd,
449 638 552 685 super
571 637 711 673 ecclelia
729 639 771 673 de
792 637 948 685 Largyff.

159 748 327 784 JAMES
354 750 396 784 be
415 751 473 785 the
491 763 594 796 grace
624 750 665 784 of
691 750 775 785 God
793 750 890 797 kyng
908 750 948 784 of
961 750 1088 785 Scottis
1106 750 1159 785 till
1188 763 1254 785 our
1283 751 1379 786 lovid
1399 751 1537 786 Robert
1555 750 1646 788 Boid

160 807 200 841 of
214 806 380 854 Tynuald
396 814 579 853 gretynge.
631 806 661 840 F
663 805 873 841 oralsmekill
892 819 927 840 as
947 819 999 841 we
1018 819 1056 840 ar
1075 807 1233 841 informit
1247 807 1322 841 that
1338 808 1406 854 yhe
1421 808 1521 842 adres
1539 808 1645 855 yhow

159 862 240 897 tobe
258 868 293 896 at
311 862 370 896 the
393 862 494 909 Kyrk
513 862 554 896 of
567 861 720 909 Largyff
730 875 777 896 on
796 862 825 896 F
826 863 924 909 riday
943 869 1145 904 nextocum,
1166 863 1251 898 with
1270 877 1290 897 a
1309 864 1498 898 multitude
1517 864 1557 898 of
1578 877 1644 899 our

158 917 329 965 liegeffin
347 918 441 964 feyre
461 918 501 952 of
528 931 631 958 were,
662 919 698 952 in
726 918 857 965 hurtyn
875 919 946 953 and
972 919 1064 954 scath
1092 920 1133 953 of
1158 933 1224 954 our
1251 920 1378 955 devote
1405 926 1566 955 oratours
1584 921 1643 956 the

159 974 281 1009 Abbot
299 974 368 1008 and
394 979 546 1008 convent
577 974 617 1008 of
643 973 808 1021 Paffelay,
840 974 976 1022 brekyn
1005 975 1045 1010 of
1070 989 1136 1010 our
1167 989 1249 1022 crya
1279 976 1348 1010 and
1375 976 1484 1010 offens
1512 977 1552 1011 of
1578 990 1644 1011 our

158 1030 319 1065 maiestie.
372 1029 451 1065 Our
471 1030 541 1064 will
561 1030 587 1064 is
605 1030 674 1064 and
693 1030 823 1077 straitly
842 1044 896 1065 we
915 1031 1043 1078 charge
1061 1032 1156 1079 yhou
1175 1032 1230 1078 gif
1250 1032 1277 1066 it
1294 1031 1354 1066 sua
1371 1032 1414 1067 be
1432 1033 1507 1067 that
1524 1046 1568 1080 ye
1587 1033 1644 1068 de—

156 1085 208 1121 fist
224 1086 345 1121 tharof
367 1086 437 1120 and
455 1086 535 1120 mak
553 1099 599 1120 na
615 1086 676 1133 syk
693 1086 851 1133 gaderin,
882 1087 998 1134 undyr
1017 1088 1063 1122 all
1092 1088 1151 1122 the
1182 1087 1267 1122 hiest
1296 1101 1410 1136 payue
1428 1090 1498 1123 and
1516 1090 1643 1137 charge

156 1156 199 1190 ye
218 1156 296 1190 may
314 1143 439 1190 inryne
457 1155 568 1189 agane
587 1155 673 1177 oure
692 1142 853 1183 maiestie,
884 1143 954 1177 and
971 1143 1026 1189 gif
1048 1157 1091 1190 ye
1109 1144 1186 1178 haif
1207 1144 1314 1179 ochut
1333 1157 1461 1191 aganes
1480 1159 1545 1180 our
1572 1145 1644 1181 said

157 1205 330 1240 oratours,
362 1198 485 1233 folond
502 1199 619 1232 thame
650 1211 686 1232 as
716 1198 783 1233 law
812 1199 896 1233 Will.
949 1199 1096 1247 Gifwyn
1125 1200 1238 1248 vndyr
1269 1214 1335 1235 our
1362 1214 1474 1249 pryue
1504 1201 1577 1237 seill
1608 1209 1642 1237 at

159 1255 370 1303 Edinburgh
388 1256 448 1290 the
467 1255 564 1290 xxiiii
583 1255 648 1303 day
667 1255 707 1289 of
721 1255 847 1302 Aprile
866 1255 936 1290 and
955 1256 995 1290 of
1009 1269 1095 1291 oure
1114 1269 1222 1303 regne
1240 1257 1313 1291 xiiii
1331 1258 1446 1304 yhers.

208 1368 265 1403 IN
284 1368 377 1403 DEI
397 1368 612 1403 NOMINE
628 1368 758 1403 Amen.
788 1367 937 1402 Dudum
953 1381 1071 1403 coram
1086 1369 1185 1404 nobis
1198 1369 1364 1405 Wilelmo
1378 1370 1450 1405 Dei
1464 1377 1498 1406 et
1509 1372 1641 1419 aposto-

157 1425 223 1460 lice
243 1424 330 1459 sedis
348 1425 461 1471 gratia
479 1424 638 1472 episcopo
657 1423 873 1471 Glasgwenfi
892 1425 928 1458 in
940 1425 1076 1472 judicio
1096 1427 1378 1473 comparentibus
1396 1428 1585 1463 venerabili
1606 1429 1642 1463 in

157 1481 295 1516 Christo
313 1487 412 1529 patre
431 1482 575 1516 domino
594 1481 734 1515 Thoma
751 1479 971 1528 permiflione
992 1481 1110 1516 divina
1127 1482 1249 1517 abbate
1269 1483 1465 1518 monasterii
1493 1485 1536 1519 (le
1564 1485 1642 1519 Pas-

156 1538 263 1573 seleto
281 1539 402 1573 actore
421 1551 464 1573 ex
481 1551 562 1579 una,
597 1544 631 1572 et
661 1538 769 1572 nobili
788 1538 864 1572 viro
886 1537 1046 1572 Roberto
1078 1538 1180 1585 Boyd
1210 1539 1253 1574 de
1285 1538 1461 1586 Tynwald
1482 1539 1642 1576 scutifero

157 1607 218 1629 reo
235 1595 391 1642 partibus
422 1608 465 1629 ex
495 1594 616 1635 altera,
648 1595 828 1641 predictus
847 1594 1009 1628 dominus
1030 1594 1149 1628 Abbas
1166 1595 1347 1642 proposuit
1366 1602 1489 1631 contra
1508 1597 1642 1632 dictum

159 1651 358 1685 Robertum
376 1651 470 1697 quod
488 1650 558 1698 ipse
580 1650 760 1685 Robertus
778 1650 953 1698 prefatum
973 1651 1150 1686 Abbatem
1180 1652 1217 1686 in
1246 1652 1420 1687 fructibus
1439 1652 1578 1689 ecclefie
1598 1654 1641 1689 de

158 1707 311 1756 Largyfl'
321 1709 364 1743 ad
382 1707 490 1756 ipsum
512 1708 688 1743 Abbatem
717 1714 752 1743 et
782 1713 995 1742 conventum
1023 1708 1280 1754 pertinentibus
1306 1709 1454 1744 vexabat
1473 1715 1507 1744 et
1525 1716 1640 1751 vexat,

157 1765 383 1812 perturbabat
413 1771 447 1799 et
477 1765 670 1812 perturbat,
708 1763 796 1812 ipsos
829 1764 966 1799 fructus
998 1764 1121 1811 injuste
1152 1765 1354 1812 recipiendo
1385 1771 1419 1800 et
1451 1766 1642 1801 detinendo

159 1826 283 1855 contra
300 1821 519 1855 voluntatem
538 1826 572 1855 et
590 1821 767 1855 licentiam
785 1820 938 1868 iplorum
958 1820 1107 1855 Abbatis
1141 1826 1175 1855 et
1204 1827 1398 1856 conventus
1416 1835 1424 1856 :
1460 1835 1567 1868 quare
1585 1836 1643 1870 pe-

158 1877 212 1911 tiit
230 1877 322 1911 idem
342 1877 504 1911 dominus
522 1877 638 1911 Abbas
655 1877 854 1923 predictum
875 1877 1073 1911 Robertum
1094 1877 1194 1924 Boyd
1222 1878 1386 1925 compelli
1418 1879 1461 1913 ad
1489 1878 1643 1914 desisten-

158 1933 242 1967 dum
260 1933 399 1979 penitus
419 1938 454 1967 et
472 1933 615 1966 omnino
634 1932 676 1966 ab
695 1933 925 1979 occupatione
957 1939 991 1967 et
1019 1934 1220 1981 receptione
1252 1934 1429 1969 dictorum
1447 1935 1640 1975 fructuum,

159 2001 297 2023 necnon
316 1989 360 2022 ad
378 1987 657 2023 satisfaciendum
677 1989 772 2023 (116ὶο
792 1989 935 2024 domiuo
956 1989 1087 2024 Abbati
1106 2003 1170 2037 pro
1190 1990 1292 2024 diffis
1309 1990 1483 2025 fruffibus
1500 2003 1564 2037 per
1590 1992 1638 2038 ip-

159 2043 231 2079 sum
253 2045 450 2079 Robertum
469 2045 627 2092 receptiS‚
653 2051 687 2079 et
705 2044 794 2092 ipsos
811 2045 947 2080 fructus
965 2046 1121 2093 plenarie
1139 2044 1337 2093 persolvere
1358 2045 1488 2080 Abbati
1508 2052 1542 2080 et
1560 2059 1641 2081 con-

160 2102 281 2135 ventui
299 2100 546 2148 suprascriptis.
598 2101 711 2147 Super
729 2114 797 2147 qua
813 2102 954 2148 quidem
981 2103 1151 2149 petitione
1178 2102 1239 2136 lite
1266 2101 1455 2136 contestata
1485 2107 1520 2136 et
1544 2102 1641 2149 jura-

159 2163 279 2191 mento
311 2157 508 2204 calumpnie
538 2156 678 2204 prestito
707 2170 824 2192 coram
843 2158 1100 2193 venerabilibus
1129 2158 1211 2192 viris
1241 2157 1402 2204 magistro
1432 2157 1572 2193 Thoma
1598 2159 1640 2194 de

161 2213 331 2260 Myrtone
350 2214 482 2248 decano
501 2219 536 2247 et
554 2213 706 2260 capitulo
725 2213 864 2248 ecclesie
883 2214 996 2248 nostre
1011 2212 1255 2260 Glasgwenfis,
1277 2212 1398 2247 nostris
1410 2214 1445 2247 in
1460 2214 1524 2249 hac
1541 2221 1640 2262 parte

160 2268 406 2310 commifl'ariis,
425 2268 673 2316 productisque
692 2269 773 2303 hinc
791 2269 871 2303 inde
890 2269 1092 2315 quibusdam
1112 2269 1305 2309 evidenti'ffi,
1322 2269 1446 2304 litteris
1466 2276 1499 2305 et
1517 2271 1639 2306 instru-

160 2327 295 2367 mentis,
328 2338 468 2361 necnon
485 2325 625 2360 testibus
643 2324 744 2373 super
761 2324 928 2373 premiffis
946 2324 1100 2361 fimiliter
1117 2338 1181 2373 pro
1211 2330 1358 2372 utraque
1376 2331 1474 2373 parte
1493 2327 1638 2374 diligen-
