<?xml version="1.0" encoding="UTF-8"?>
<!DOCTYPE html PUBLIC "-//W3C//DTD XHTML 1.0 Transitional//EN"
    "http://www.w3.org/TR/xhtml1/DTD/xhtml1-transitional.dtd">
<html xmlns="http://www.w3.org/1999/xhtml" xml:lang="en" lang="en">
 <head>
  <title>
</title>
<meta http-equiv="Content-Type" content="text/html;charset=utf-8" />
  <meta name='ocr-system' content='tesseract 3.04.00' />
  <meta name='ocr-capabilities' content='ocr_page ocr_carea ocr_par ocr_line ocrx_word'/>
</head>
<body>
  <div class='ocr_page' id='page_1' title='image "./registrummonaste00mait_0405.png"; bbox 0 0 1870 2683; ppageno 0'>
   <div class='ocr_carea' id='block_1_1' title="bbox 748 267 1671 305">
    <p class='ocr_par' dir='ltr' id='par_1_1' title="bbox 748 267 1671 305">
     <span class='ocr_line' id='line_1_1' title="bbox 748 267 1671 305; baseline 0.002 -3"><span class='ocrx_word' id='word_1_1' title='bbox 748 267 817 303; x_wconf 88' lang='lat' dir='ltr'>DE</span> <span class='ocrx_word' id='word_1_2' title='bbox 846 267 1115 303; x_wconf 86' lang='lat' dir='ltr'><strong>PASSELET.</strong></span> <span class='ocrx_word' id='word_1_3' title='bbox 1601 272 1671 305; x_wconf 72' lang='lat'>345</span> 
     </span>
    </p>
   </div>
   <div class='ocr_carea' id='block_1_2' title="bbox 176 363 1665 2327">
    <p class='ocr_par' dir='ltr' id='par_1_2' title="bbox 176 363 1665 2327">
     <span class='ocr_line' id='line_1_2' title="bbox 189 363 1665 412; baseline 0.001 -12"><span class='ocrx_word' id='word_1_4' title='bbox 189 365 272 400; x_wconf 88' lang='lat' dir='ltr'>dere</span> <span class='ocrx_word' id='word_1_5' title='bbox 284 363 394 411; x_wconf 83' lang='lat' dir='ltr'>poflit,</span> <span class='ocrx_word' id='word_1_6' title='bbox 415 370 450 399; x_wconf 87' lang='lat' dir='ltr'>et</span> <span class='ocrx_word' id='word_1_7' title='bbox 468 365 594 400; x_wconf 83' lang='lat' dir='ltr'>exinde</span> <span class='ocrx_word' id='word_1_8' title='bbox 606 364 834 412; x_wconf 85' lang='lat' dir='ltr'>dispendium,</span> <span class='ocrx_word' id='word_1_9' title='bbox 848 365 1026 412; x_wconf 63' lang='lat' dir='ltr'>jacturam</span> <span class='ocrx_word' id='word_1_10' title='bbox 1045 371 1080 399; x_wconf 89' lang='lat' dir='ltr'>et</span> <span class='ocrx_word' id='word_1_11' title='bbox 1097 363 1261 400; x_wconf 75' lang='lat' dir='ltr'>lesionem</span> <span class='ocrx_word' id='word_1_12' title='bbox 1279 377 1352 400; x_wconf 84' lang='lat' dir='ltr'>non</span> <span class='ocrx_word' id='word_1_13' title='bbox 1366 366 1538 401; x_wconf 81' lang='lat' dir='ltr'>modicam</span> <span class='ocrx_word' id='word_1_14' title='bbox 1551 367 1665 402; x_wconf 88' lang='lat' dir='ltr'>incur-</span> 
     </span>
     <span class='ocr_line' id='line_1_3' title="bbox 188 421 1664 468; baseline 0.002 -12"><span class='ocrx_word' id='word_1_15' title='bbox 188 434 276 461; x_wconf 84' lang='lat' dir='ltr'>rere,</span> <span class='ocrx_word' id='word_1_16' title='bbox 297 421 399 456; x_wconf 60' lang='lat' dir='ltr'>dictis</span> <span class='ocrx_word' id='word_1_17' title='bbox 417 421 541 456; x_wconf 86' lang='lat' dir='ltr'>litteris</span> <span class='ocrx_word' id='word_1_18' title='bbox 559 421 697 468; x_wconf 83' lang='lat' dir='ltr'>ereptis,</span> <span class='ocrx_word' id='word_1_19' title='bbox 717 421 872 468; x_wconf 87' lang='lat' dir='ltr'>perditis,</span> <span class='ocrx_word' id='word_1_20' title='bbox 901 421 1094 462; x_wconf 65' lang='lat' dir='ltr'>destructis,</span> <span class='ocrx_word' id='word_1_21' title='bbox 1122 421 1290 456; x_wconf 80' lang='lat' dir='ltr'>balneatis</span> <span class='ocrx_word' id='word_1_22' title='bbox 1308 422 1364 457; x_wconf 91' lang='lat' dir='ltr'>vel</span> <span class='ocrx_word' id='word_1_23' title='bbox 1382 421 1516 458; x_wconf 86' lang='lat' dir='ltr'>amissis.</span> <span class='ocrx_word' id='word_1_24' title='bbox 1569 424 1664 466; x_wconf 83' lang='lat' dir='ltr'>Qua-</span> 
     </span>
     <span class='ocr_line' id='line_1_4' title="bbox 188 475 1665 523; baseline 0.002 -11"><span class='ocrx_word' id='word_1_25' title='bbox 188 490 266 512; x_wconf 87' lang='lat' dir='ltr'>rum</span> <span class='ocrx_word' id='word_1_26' title='bbox 284 477 480 512; x_wconf 85' lang='lat' dir='ltr'>litterarum</span> <span class='ocrx_word' id='word_1_27' title='bbox 499 483 639 513; x_wconf 77' lang='lat' dir='ltr'>tenores</span> <span class='ocrx_word' id='word_1_28' title='bbox 656 475 837 512; x_wconf 87' lang='lat' dir='ltr'>succefiive</span> <span class='ocrx_word' id='word_1_29' title='bbox 854 477 946 511; x_wconf 82' lang='lat' dir='ltr'>infra</span> <span class='ocrx_word' id='word_1_30' title='bbox 962 476 1155 523; x_wconf 75' lang='lat' dir='ltr'>lequuntur</span> <span class='ocrx_word' id='word_1_31' title='bbox 1187 478 1230 512; x_wconf 90' lang='lat' dir='ltr'>de</span> <span class='ocrx_word' id='word_1_32' title='bbox 1260 478 1368 513; x_wconf 88' lang='lat' dir='ltr'>verbo</span> <span class='ocrx_word' id='word_1_33' title='bbox 1395 478 1439 512; x_wconf 81' lang='lat' dir='ltr'>ad</span> <span class='ocrx_word' id='word_1_34' title='bbox 1464 479 1611 515; x_wconf 88' lang='lat' dir='ltr'>verbum</span> <span class='ocrx_word' id='word_1_35' title='bbox 1630 487 1665 516; x_wconf 91' lang='lat' dir='ltr'>et</span> 
     </span>
     <span class='ocr_line' id='line_1_5' title="bbox 186 532 1665 580; baseline 0.002 -12"><span class='ocrx_word' id='word_1_36' title='bbox 186 534 265 569; x_wconf 86' lang='lat' dir='ltr'>sunt</span> <span class='ocrx_word' id='word_1_37' title='bbox 282 534 380 568; x_wconf 80' lang='lat' dir='ltr'>tales.</span> <span class='ocrx_word' id='word_1_38' title='bbox 432 533 745 569; x_wconf 87' lang='lat' dir='ltr'><strong>GREGORIUS</strong></span> <span class='ocrx_word' id='word_1_39' title='bbox 765 533 943 580; x_wconf 84' lang='lat' dir='ltr'>episcopus</span> <span class='ocrx_word' id='word_1_40' title='bbox 973 532 1091 568; x_wconf 90' lang='lat' dir='ltr'>servus</span> <span class='ocrx_word' id='word_1_41' title='bbox 1118 533 1299 568; x_wconf 89' lang='lat' dir='ltr'>servorum</span> <span class='ocrx_word' id='word_1_42' title='bbox 1329 534 1399 568; x_wconf 90' lang='lat' dir='ltr'>Dei</span> <span class='ocrx_word' id='word_1_43' title='bbox 1431 535 1568 570; x_wconf 69' lang='lat' dir='ltr'>dilectis</span> <span class='ocrx_word' id='word_1_44' title='bbox 1586 536 1665 571; x_wconf 84' lang='lat' dir='ltr'>filiis</span> 
     </span>
     <span class='ocr_line' id='line_1_6' title="bbox 188 587 1664 639; baseline 0.002 -15"><span class='ocrx_word' id='word_1_45' title='bbox 188 590 320 625; x_wconf 79' lang='lat' dir='ltr'>Abbati</span> <span class='ocrx_word' id='word_1_46' title='bbox 337 596 373 624; x_wconf 88' lang='lat' dir='ltr'>et</span> <span class='ocrx_word' id='word_1_47' title='bbox 390 590 580 625; x_wconf 84' lang='lat' dir='ltr'>conventui</span> <span class='ocrx_word' id='word_1_48' title='bbox 600 590 642 623; x_wconf 88' lang='lat' dir='ltr'>de</span> <span class='ocrx_word' id='word_1_49' title='bbox 662 587 845 629; x_wconf 78' lang='lat' dir='ltr'>Paffeleth‚</span> <span class='ocrx_word' id='word_1_50' title='bbox 872 588 1108 624; x_wconf 86' lang='lat' dir='ltr'>Cluniacenfis</span> <span class='ocrx_word' id='word_1_51' title='bbox 1127 590 1269 630; x_wconf 85' lang='lat' dir='ltr'>ordinis,</span> <span class='ocrx_word' id='word_1_52' title='bbox 1290 589 1434 625; x_wconf 83' lang='lat' dir='ltr'>salutem</span> <span class='ocrx_word' id='word_1_53' title='bbox 1453 596 1488 625; x_wconf 88' lang='lat' dir='ltr'>et</span> <span class='ocrx_word' id='word_1_54' title='bbox 1506 592 1664 639; x_wconf 82' lang='lat' dir='ltr'>apostoli-</span> 
     </span>
     <span class='ocr_line' id='line_1_7' title="bbox 186 644 1663 692; baseline 0.003 -12"><span class='ocrx_word' id='word_1_55' title='bbox 186 659 261 680; x_wconf 83' lang='lat' dir='ltr'>cam</span> <span class='ocrx_word' id='word_1_56' title='bbox 279 646 575 680; x_wconf 64' lang='lat' dir='ltr'>benedififionem.</span> <span class='ocrx_word' id='word_1_57' title='bbox 628 645 680 679; x_wconf 86' lang='lat' dir='ltr'>Ea</span> <span class='ocrx_word' id='word_1_58' title='bbox 705 658 772 690; x_wconf 93' lang='lat' dir='ltr'>que</span> <span class='ocrx_word' id='word_1_59' title='bbox 793 645 927 692; x_wconf 84' lang='lat' dir='ltr'>judicio</span> <span class='ocrx_word' id='word_1_60' title='bbox 947 645 1002 678; x_wconf 92' lang='lat' dir='ltr'>vel</span> <span class='ocrx_word' id='word_1_61' title='bbox 1021 644 1210 679; x_wconf 84' lang='lat' dir='ltr'>concordia</span> <span class='ocrx_word' id='word_1_62' title='bbox 1235 646 1469 680; x_wconf 72' lang='lat' dir='ltr'>terminantur</span> <span class='ocrx_word' id='word_1_63' title='bbox 1487 647 1588 682; x_wconf 89' lang='lat' dir='ltr'>firma</span> <span class='ocrx_word' id='word_1_64' title='bbox 1606 649 1663 684; x_wconf 89' lang='lat' dir='ltr'>de-</span> 
     </span>
     <span class='ocr_line' id='line_1_8' title="bbox 185 700 1662 749; baseline 0.002 -13"><span class='ocrx_word' id='word_1_65' title='bbox 185 703 269 736; x_wconf 89' lang='lat' dir='ltr'>bent</span> <span class='ocrx_word' id='word_1_66' title='bbox 287 707 321 735; x_wconf 94' lang='lat' dir='ltr'>et</span> <span class='ocrx_word' id='word_1_67' title='bbox 339 701 471 735; x_wconf 83' lang='lat' dir='ltr'>illibata</span> <span class='ocrx_word' id='word_1_68' title='bbox 488 700 676 747; x_wconf 87' lang='lat' dir='ltr'>perfistere,</span> <span class='ocrx_word' id='word_1_69' title='bbox 695 707 730 734; x_wconf 85' lang='lat' dir='ltr'>et</span> <span class='ocrx_word' id='word_1_70' title='bbox 748 713 792 735; x_wconf 89' lang='grc'>110</span> <span class='ocrx_word' id='word_1_71' title='bbox 810 701 846 734; x_wconf 92' lang='grc'>111</span> <span class='ocrx_word' id='word_1_72' title='bbox 865 700 1015 734; x_wconf 85' lang='lat' dir='ltr'>recidive</span> <span class='ocrx_word' id='word_1_73' title='bbox 1035 701 1271 735; x_wconf 85' lang='lat' dir='ltr'>contentionis</span> <span class='ocrx_word' id='word_1_74' title='bbox 1288 700 1488 749; x_wconf 87' lang='lat' dir='ltr'>scrupulum</span> <span class='ocrx_word' id='word_1_75' title='bbox 1507 704 1662 739; x_wconf 88' lang='lat' dir='ltr'>relaban-</span> 
     </span>
     <span class='ocr_line' id='line_1_9' title="bbox 182 755 1663 804; baseline 0.003 -12"><span class='ocrx_word' id='word_1_76' title='bbox 182 764 252 798; x_wconf 82' lang='lat' dir='ltr'>tur,</span> <span class='ocrx_word' id='word_1_77' title='bbox 281 757 467 804; x_wconf 85' lang='lat' dir='ltr'>apostolico</span> <span class='ocrx_word' id='word_1_78' title='bbox 487 757 651 791; x_wconf 89' lang='lat' dir='ltr'>convenit</span> <span class='ocrx_word' id='word_1_79' title='bbox 681 755 828 803; x_wconf 81' lang='lat' dir='ltr'>presidio</span> <span class='ocrx_word' id='word_1_80' title='bbox 859 757 1079 790; x_wconf 88' lang='lat' dir='ltr'>communiri.</span> <span class='ocrx_word' id='word_1_81' title='bbox 1133 757 1223 791; x_wconf 88' lang='lat' dir='ltr'>Sane</span> <span class='ocrx_word' id='word_1_82' title='bbox 1253 759 1418 804; x_wconf 66' lang='lat' dir='ltr'>porrecta</span> <span class='ocrx_word' id='word_1_83' title='bbox 1435 759 1534 794; x_wconf 83' lang='lat' dir='ltr'>nobis</span> <span class='ocrx_word' id='word_1_84' title='bbox 1552 762 1663 796; x_wconf 84' lang='lat' dir='ltr'>vestra</span> 
     </span>
     <span class='ocr_line' id='line_1_10' title="bbox 182 812 1661 861; baseline 0.004 -13"><span class='ocrx_word' id='word_1_85' title='bbox 182 815 305 861; x_wconf 88' lang='lat' dir='ltr'>petitio</span> <span class='ocrx_word' id='word_1_86' title='bbox 324 812 525 848; x_wconf 86' lang='lat' dir='ltr'>continebat</span> <span class='ocrx_word' id='word_1_87' title='bbox 543 813 638 858; x_wconf 86' lang='lat' dir='ltr'>quod</span> <span class='ocrx_word' id='word_1_88' title='bbox 655 826 734 849; x_wconf 88' lang='lat' dir='ltr'>cum</span> <span class='ocrx_word' id='word_1_89' title='bbox 753 813 844 847; x_wconf 86' lang='lat' dir='ltr'>inter</span> <span class='ocrx_word' id='word_1_90' title='bbox 862 825 924 847; x_wconf 76' lang='lat' dir='ltr'>vos</span> <span class='ocrx_word' id='word_1_91' title='bbox 942 826 985 847; x_wconf 79' lang='lat' dir='ltr'>ex</span> <span class='ocrx_word' id='word_1_92' title='bbox 1002 820 1100 860; x_wconf 86' lang='lat' dir='ltr'>parte</span> <span class='ocrx_word' id='word_1_93' title='bbox 1125 827 1197 849; x_wconf 85' lang='lat' dir='ltr'>una</span> <span class='ocrx_word' id='word_1_94' title='bbox 1214 821 1249 849; x_wconf 92' lang='lat' dir='ltr'>et</span> <span class='ocrx_word' id='word_1_95' title='bbox 1266 816 1501 852; x_wconf 88' lang='lat' dir='ltr'>venerabilem</span> <span class='ocrx_word' id='word_1_96' title='bbox 1519 818 1661 854; x_wconf 89' lang='lat' dir='ltr'>fratrem</span> 
     </span>
     <span class='ocr_line' id='line_1_11' title="bbox 183 868 1663 916; baseline 0.004 -12"><span class='ocrx_word' id='word_1_97' title='bbox 183 870 337 904; x_wconf 88' lang='lat' dir='ltr'>nostrum</span> <span class='ocrx_word' id='word_1_98' title='bbox 357 868 566 916; x_wconf 86' lang='lat' dir='ltr'>Episcopum</span> <span class='ocrx_word' id='word_1_99' title='bbox 587 868 839 915; x_wconf 81' lang='lat' dir='ltr'>Glasgueusem</span> <span class='ocrx_word' id='word_1_100' title='bbox 858 882 900 903; x_wconf 85' lang='lat' dir='ltr'>ex</span> <span class='ocrx_word' id='word_1_101' title='bbox 919 869 1039 909; x_wconf 82' lang='lat' dir='ltr'>altera,</span> <span class='ocrx_word' id='word_1_102' title='bbox 1067 869 1169 916; x_wconf 87' lang='lat' dir='ltr'>super</span> <span class='ocrx_word' id='word_1_103' title='bbox 1187 871 1365 905; x_wconf 81' lang='lat' dir='ltr'>taxatione</span> <span class='ocrx_word' id='word_1_104' title='bbox 1383 873 1590 909; x_wconf 80' lang='lat' dir='ltr'>vicariarum</span> <span class='ocrx_word' id='word_1_105' title='bbox 1610 889 1663 910; x_wconf 87' lang='lat' dir='ltr'>ec-</span> 
     </span>
     <span class='ocr_line' id='line_1_12' title="bbox 183 924 1661 971; baseline 0.003 -10"><span class='ocrx_word' id='word_1_106' title='bbox 183 925 361 961; x_wconf 81' lang='lat' dir='ltr'>clefiarum</span> <span class='ocrx_word' id='word_1_107' title='bbox 378 937 463 971; x_wconf 86' lang='lat' dir='ltr'>quas</span> <span class='ocrx_word' id='word_1_108' title='bbox 479 924 613 959; x_wconf 85' lang='lat' dir='ltr'>habetis</span> <span class='ocrx_word' id='word_1_109' title='bbox 639 925 676 958; x_wconf 87' lang='lat' dir='ltr'>in</span> <span class='ocrx_word' id='word_1_110' title='bbox 707 924 831 959; x_wconf 86' lang='lat' dir='ltr'>diocefi</span> <span class='ocrx_word' id='word_1_111' title='bbox 849 924 1055 971; x_wconf 81' lang='lat' dir='ltr'>Glasguenfi</span> <span class='ocrx_word' id='word_1_112' title='bbox 1072 926 1203 971; x_wconf 85' lang='lat' dir='ltr'>questio</span> <span class='ocrx_word' id='word_1_113' title='bbox 1221 925 1336 961; x_wconf 85' lang='lat' dir='ltr'>fuiffet</span> <span class='ocrx_word' id='word_1_114' title='bbox 1354 934 1487 969; x_wconf 80' lang='lat' dir='ltr'>exorta,</span> <span class='ocrx_word' id='word_1_115' title='bbox 1519 932 1661 966; x_wconf 84' lang='lat' dir='ltr'>tandem</span> 
     </span>
     <span class='ocr_line' id='line_1_13' title="bbox 182 980 1661 1031; baseline 0.003 -14"><span class='ocrx_word' id='word_1_116' title='bbox 182 985 218 1017; x_wconf 88' lang='lat' dir='ltr'>in</span> <span class='ocrx_word' id='word_1_117' title='bbox 237 983 488 1017; x_wconf 76' lang='lat' dir='ltr'>Precentorem</span> <span class='ocrx_word' id='word_1_118' title='bbox 507 980 759 1027; x_wconf 78' lang='lat' dir='ltr'>Glasguensem</span> <span class='ocrx_word' id='word_1_119' title='bbox 779 986 813 1015; x_wconf 89' lang='lat' dir='ltr'>et</span> <span class='ocrx_word' id='word_1_120' title='bbox 830 980 909 1015; x_wconf 81' lang='lat' dir='ltr'>suos</span> <span class='ocrx_word' id='word_1_121' title='bbox 927 981 1079 1028; x_wconf 82' lang='lat' dir='ltr'>collegas</span> <span class='ocrx_word' id='word_1_122' title='bbox 1095 982 1162 1016; x_wconf 85' lang='lat' dir='ltr'>suit</span> <span class='ocrx_word' id='word_1_123' title='bbox 1179 995 1199 1016; x_wconf 91' lang='lat' dir='ltr'>a</span> <span class='ocrx_word' id='word_1_124' title='bbox 1216 983 1372 1029; x_wconf 84' lang='lat' dir='ltr'>partibus</span> <span class='ocrx_word' id='word_1_125' title='bbox 1390 989 1554 1031; x_wconf 86' lang='lat' dir='ltr'>tanquam</span> <span class='ocrx_word' id='word_1_126' title='bbox 1573 988 1661 1022; x_wconf 89' lang='lat' dir='ltr'>arbi-</span> 
     </span>
     <span class='ocr_line' id='line_1_14' title="bbox 181 1035 1659 1090; baseline 0.004 -17"><span class='ocrx_word' id='word_1_127' title='bbox 181 1046 254 1073; x_wconf 88' lang='lat' dir='ltr'>tros</span> <span class='ocrx_word' id='word_1_128' title='bbox 272 1038 494 1074; x_wconf 87' lang='lat' dir='ltr'>concorditer</span> <span class='ocrx_word' id='word_1_129' title='bbox 513 1035 807 1085; x_wconf 86' lang='lat' dir='ltr'>compromiffiun,</span> <span class='ocrx_word' id='word_1_130' title='bbox 828 1038 888 1083; x_wconf 89' lang='lat' dir='ltr'>qui</span> <span class='ocrx_word' id='word_1_131' title='bbox 906 1050 1036 1083; x_wconf 90' lang='lat' dir='ltr'>equum</span> <span class='ocrx_word' id='word_1_132' title='bbox 1053 1038 1215 1077; x_wconf 88' lang='lat' dir='ltr'>tulerunt</span> <span class='ocrx_word' id='word_1_133' title='bbox 1231 1039 1414 1075; x_wconf 81' lang='lat' dir='ltr'>arbitrium</span> <span class='ocrx_word' id='word_1_134' title='bbox 1429 1041 1520 1076; x_wconf 89' lang='lat' dir='ltr'>inter</span> <span class='ocrx_word' id='word_1_135' title='bbox 1532 1050 1659 1090; x_wconf 85' lang='lat' dir='ltr'>partes,</span> 
     </span>
     <span class='ocr_line' id='line_1_15' title="bbox 180 1093 1661 1146; baseline 0.003 -16"><span class='ocrx_word' id='word_1_136' title='bbox 180 1096 279 1141; x_wconf 76' lang='lat' dir='ltr'>quod</span> <span class='ocrx_word' id='word_1_137' title='bbox 292 1094 480 1142; x_wconf 85' lang='lat' dir='ltr'>apostolico</span> <span class='ocrx_word' id='word_1_138' title='bbox 498 1093 639 1141; x_wconf 87' lang='lat' dir='ltr'>petiistis</span> <span class='ocrx_word' id='word_1_139' title='bbox 657 1094 852 1128; x_wconf 84' lang='lat' dir='ltr'>munimine</span> <span class='ocrx_word' id='word_1_140' title='bbox 870 1093 1039 1128; x_wconf 84' lang='lat' dir='ltr'>roborari.</span> <span class='ocrx_word' id='word_1_141' title='bbox 1091 1094 1167 1128; x_wconf 79' lang='lat' dir='ltr'>Nos</span> <span class='ocrx_word' id='word_1_142' title='bbox 1185 1095 1292 1141; x_wconf 81' lang='lat' dir='ltr'>igitur</span> <span class='ocrx_word' id='word_1_143' title='bbox 1306 1095 1424 1130; x_wconf 78' lang='lat' dir='ltr'>vestris</span> <span class='ocrx_word' id='word_1_144' title='bbox 1436 1097 1535 1143; x_wconf 87' lang='lat' dir='ltr'>justis</span> <span class='ocrx_word' id='word_1_145' title='bbox 1552 1102 1661 1146; x_wconf 87' lang='lat' dir='ltr'>preci-</span> 
     </span>
     <span class='ocr_line' id='line_1_16' title="bbox 181 1149 1659 1203; baseline 0.003 -17"><span class='ocrx_word' id='word_1_146' title='bbox 181 1153 244 1186; x_wconf 92' lang='lat' dir='ltr'>bus</span> <span class='ocrx_word' id='word_1_147' title='bbox 261 1151 429 1191; x_wconf 86' lang='lat' dir='ltr'>inclinati,</span> <span class='ocrx_word' id='word_1_148' title='bbox 450 1151 632 1185; x_wconf 79' lang='lat' dir='ltr'>arbitrium</span> <span class='ocrx_word' id='word_1_149' title='bbox 652 1149 760 1197; x_wconf 88' lang='lat' dir='ltr'>ipsum</span> <span class='ocrx_word' id='word_1_150' title='bbox 774 1149 858 1184; x_wconf 88' lang='lat' dir='ltr'>ficut</span> <span class='ocrx_word' id='word_1_151' title='bbox 876 1150 924 1184; x_wconf 85' lang='lat' dir='ltr'>est</span> <span class='ocrx_word' id='word_1_152' title='bbox 941 1163 1069 1196; x_wconf 89' lang='lat' dir='ltr'>equum</span> <span class='ocrx_word' id='word_1_153' title='bbox 1089 1156 1123 1185; x_wconf 87' lang='lat' dir='ltr'>ct</span> <span class='ocrx_word' id='word_1_154' title='bbox 1142 1164 1162 1185; x_wconf 85' lang='lat' dir='ltr'>a</span> <span class='ocrx_word' id='word_1_155' title='bbox 1178 1151 1335 1198; x_wconf 79' lang='lat' dir='ltr'>partibus</span> <span class='ocrx_word' id='word_1_156' title='bbox 1345 1152 1467 1199; x_wconf 87' lang='lat' dir='ltr'>sponte</span> <span class='ocrx_word' id='word_1_157' title='bbox 1479 1162 1659 1203; x_wconf 87' lang='lat' dir='ltr'>receptum</span> 
     </span>
     <span class='ocr_line' id='line_1_17' title="bbox 180 1206 1660 1252; baseline 0.003 -10"><span class='ocrx_word' id='word_1_158' title='bbox 180 1214 215 1242; x_wconf 92' lang='lat' dir='ltr'>et</span> <span class='ocrx_word' id='word_1_159' title='bbox 245 1209 282 1242; x_wconf 89' lang='lat' dir='ltr'>in</span> <span class='ocrx_word' id='word_1_160' title='bbox 309 1208 434 1242; x_wconf 85' lang='lat' dir='ltr'>litteris</span> <span class='ocrx_word' id='word_1_161' title='bbox 463 1207 658 1242; x_wconf 85' lang='lat' dir='ltr'>eorundem</span> <span class='ocrx_word' id='word_1_162' title='bbox 688 1206 900 1240; x_wconf 84' lang='lat' dir='ltr'>arbitrorum</span> <span class='ocrx_word' id='word_1_163' title='bbox 930 1206 1068 1252; x_wconf 78' lang='lat' dir='ltr'>plenius</span> <span class='ocrx_word' id='word_1_164' title='bbox 1086 1207 1214 1241; x_wconf 88' lang='lat' dir='ltr'>dicitur</span> <span class='ocrx_word' id='word_1_165' title='bbox 1232 1209 1416 1250; x_wconf 80' lang='lat' dir='ltr'>contineri,</span> <span class='ocrx_word' id='word_1_166' title='bbox 1450 1211 1660 1247; x_wconf 74' lang='lat' dir='ltr'>auctoritate</span> 
     </span>
     <span class='ocr_line' id='line_1_18' title="bbox 178 1261 1658 1311; baseline 0.002 -12"><span class='ocrx_word' id='word_1_167' title='bbox 178 1264 365 1311; x_wconf 81' lang='lat' dir='ltr'>apostolica</span> <span class='ocrx_word' id='word_1_168' title='bbox 382 1264 631 1298; x_wconf 75' lang='lat' dir='ltr'>confirmamus</span> <span class='ocrx_word' id='word_1_169' title='bbox 649 1268 684 1297; x_wconf 91' lang='lat' dir='ltr'>et</span> <span class='ocrx_word' id='word_1_170' title='bbox 701 1261 870 1309; x_wconf 84' lang='lat' dir='ltr'>presentis</span> <span class='ocrx_word' id='word_1_171' title='bbox 888 1261 1003 1308; x_wconf 84' lang='lat' dir='ltr'>scripti</span> <span class='ocrx_word' id='word_1_172' title='bbox 1021 1263 1217 1309; x_wconf 88' lang='lat' dir='ltr'>patrocinio</span> <span class='ocrx_word' id='word_1_173' title='bbox 1236 1266 1506 1300; x_wconf 87' lang='lat' dir='ltr'>communimus.</span> <span class='ocrx_word' id='word_1_174' title='bbox 1558 1268 1658 1302; x_wconf 82' lang='lat' dir='ltr'>Nulli</span> 
     </span>
     <span class='ocr_line' id='line_1_19' title="bbox 179 1319 1658 1371; baseline 0.003 -16"><span class='ocrx_word' id='word_1_175' title='bbox 179 1334 264 1367; x_wconf 81' lang='lat' dir='ltr'>ergo</span> <span class='ocrx_word' id='word_1_176' title='bbox 283 1320 428 1355; x_wconf 90' lang='lat' dir='ltr'>omnino</span> <span class='ocrx_word' id='word_1_177' title='bbox 448 1319 633 1353; x_wconf 83' lang='lat' dir='ltr'>hominum</span> <span class='ocrx_word' id='word_1_178' title='bbox 649 1319 751 1352; x_wconf 84' lang='lat' dir='ltr'>liceat</span> <span class='ocrx_word' id='word_1_179' title='bbox 768 1319 857 1353; x_wconf 80' lang='lat' dir='ltr'>hanc</span> <span class='ocrx_word' id='word_1_180' title='bbox 875 1320 1038 1365; x_wconf 80' lang='lat' dir='ltr'>pagiuam</span> <span class='ocrx_word' id='word_1_181' title='bbox 1049 1320 1163 1354; x_wconf 82' lang='lat' dir='ltr'>nostre</span> <span class='ocrx_word' id='word_1_182' title='bbox 1178 1322 1454 1357; x_wconf 84' lang='lat' dir='ltr'>confirmationis</span> <span class='ocrx_word' id='word_1_183' title='bbox 1467 1324 1658 1371; x_wconf 81' lang='lat' dir='ltr'>infringere</span> 
     </span>
     <span class='ocr_line' id='line_1_20' title="bbox 178 1375 1658 1429; baseline 0.003 -18"><span class='ocrx_word' id='word_1_184' title='bbox 178 1377 235 1411; x_wconf 86' lang='lat' dir='ltr'>vel</span> <span class='ocrx_word' id='word_1_185' title='bbox 261 1377 294 1411; x_wconf 89' lang='lat' dir='ltr'>ei</span> <span class='ocrx_word' id='word_1_186' title='bbox 319 1376 403 1411; x_wconf 83' lang='lat' dir='ltr'>ausu</span> <span class='ocrx_word' id='word_1_187' title='bbox 421 1376 608 1410; x_wconf 82' lang='lat' dir='ltr'>temerario</span> <span class='ocrx_word' id='word_1_188' title='bbox 628 1375 813 1409; x_wconf 80' lang='lat' dir='ltr'>contraire.</span> <span class='ocrx_word' id='word_1_189' title='bbox 867 1376 903 1409; x_wconf 69' lang='lat' dir='ltr'>Si</span> <span class='ocrx_word' id='word_1_190' title='bbox 921 1376 997 1421; x_wconf 84' lang='lat' dir='ltr'>quis</span> <span class='ocrx_word' id='word_1_191' title='bbox 1014 1382 1132 1411; x_wconf 85' lang='lat' dir='ltr'>autem</span> <span class='ocrx_word' id='word_1_192' title='bbox 1159 1377 1226 1412; x_wconf 89' lang='lat' dir='ltr'>hoc</span> <span class='ocrx_word' id='word_1_193' title='bbox 1253 1384 1463 1426; x_wconf 75' lang='lat' dir='ltr'>attemptare</span> <span class='ocrx_word' id='word_1_194' title='bbox 1481 1380 1658 1429; x_wconf 80' lang='lat' dir='ltr'>presump-</span> 
     </span>
     <span class='ocr_line' id='line_1_21' title="bbox 178 1431 1658 1483; baseline 0.003 -16"><span class='ocrx_word' id='word_1_195' title='bbox 178 1433 268 1473; x_wconf 81' lang='lat' dir='ltr'>serit,</span> <span class='ocrx_word' id='word_1_196' title='bbox 288 1433 567 1479; x_wconf 84' lang='lat' dir='ltr'>indignationem</span> <span class='ocrx_word' id='word_1_197' title='bbox 586 1432 838 1478; x_wconf 69' lang='lat' dir='ltr'>omnipotentis</span> <span class='ocrx_word' id='word_1_198' title='bbox 857 1431 928 1466; x_wconf 90' lang='lat' dir='ltr'>Dei</span> <span class='ocrx_word' id='word_1_199' title='bbox 947 1438 981 1466; x_wconf 92' lang='lat' dir='ltr'>et</span> <span class='ocrx_word' id='word_1_200' title='bbox 1001 1432 1182 1468; x_wconf 87' lang='lat' dir='ltr'>beatorum</span> <span class='ocrx_word' id='word_1_201' title='bbox 1203 1434 1298 1468; x_wconf 85' lang='lat' dir='ltr'>Petri</span> <span class='ocrx_word' id='word_1_202' title='bbox 1317 1440 1351 1469; x_wconf 88' lang='lat' dir='ltr'>et</span> <span class='ocrx_word' id='word_1_203' title='bbox 1373 1435 1472 1470; x_wconf 80' lang='lat' dir='ltr'>Pauli</span> <span class='ocrx_word' id='word_1_204' title='bbox 1489 1437 1658 1483; x_wconf 86' lang='lat' dir='ltr'>apostolo-</span> 
     </span>
     <span class='ocr_line' id='line_1_22' title="bbox 178 1487 1657 1540; baseline 0.003 -17"><span class='ocrx_word' id='word_1_205' title='bbox 178 1502 257 1524; x_wconf 85' lang='lat' dir='ltr'>rum</span> <span class='ocrx_word' id='word_1_206' title='bbox 287 1488 361 1535; x_wconf 85' lang='lat' dir='ltr'>ejus</span> <span class='ocrx_word' id='word_1_207' title='bbox 392 1488 426 1523; x_wconf 76' lang='lat' dir='ltr'>le</span> <span class='ocrx_word' id='word_1_208' title='bbox 456 1488 596 1522; x_wconf 86' lang='lat' dir='ltr'>noverit</span> <span class='ocrx_word' id='word_1_209' title='bbox 623 1487 856 1522; x_wconf 81' lang='lat' dir='ltr'>incursurum.</span> <span class='ocrx_word' id='word_1_210' title='bbox 919 1488 1054 1523; x_wconf 84' lang='lat' dir='ltr'>Datum</span> <span class='ocrx_word' id='word_1_211' title='bbox 1083 1489 1212 1524; x_wconf 81' lang='lat' dir='ltr'>Perufii</span> <span class='ocrx_word' id='word_1_212' title='bbox 1240 1504 1263 1525; x_wconf 89' lang='lat' dir='ltr'>v</span> <span class='ocrx_word' id='word_1_213' title='bbox 1297 1491 1474 1526; x_wconf 81' lang='lat' dir='ltr'>Kalendas</span> <span class='ocrx_word' id='word_1_214' title='bbox 1502 1493 1657 1540; x_wconf 85' lang='lat' dir='ltr'>Septem-</span> 
     </span>
     <span class='ocr_line' id='line_1_23' title="bbox 177 1543 1657 1592; baseline 0.004 -13"><span class='ocrx_word' id='word_1_215' title='bbox 177 1545 258 1585; x_wconf 80' lang='lat' dir='ltr'>bris,</span> <span class='ocrx_word' id='word_1_216' title='bbox 285 1545 510 1592; x_wconf 82' lang='lat' dir='ltr'>pontificatus</span> <span class='ocrx_word' id='word_1_217' title='bbox 527 1543 633 1578; x_wconf 88' lang='lat' dir='ltr'>nostri</span> <span class='ocrx_word' id='word_1_218' title='bbox 651 1556 744 1578; x_wconf 84' lang='lat' dir='ltr'>anno</span> <span class='ocrx_word' id='word_1_219' title='bbox 762 1544 926 1578; x_wconf 83' lang='lat' dir='ltr'>secundo.</span> <span class='ocrx_word' id='word_1_220' title='bbox 980 1544 1145 1591; x_wconf 88' lang='lat' dir='ltr'>Sequitur</span> <span class='ocrx_word' id='word_1_221' title='bbox 1163 1546 1230 1580; x_wconf 86' lang='lat' dir='ltr'>alia</span> <span class='ocrx_word' id='word_1_222' title='bbox 1248 1546 1365 1581; x_wconf 85' lang='lat' dir='ltr'>littera</span> <span class='ocrx_word' id='word_1_223' title='bbox 1383 1549 1657 1585; x_wconf 78' lang='lat' dir='ltr'>confirmationis</span> 
     </span>
     <span class='ocr_line' id='line_1_24' title="bbox 178 1599 1657 1649; baseline 0.005 -15"><span class='ocrx_word' id='word_1_224' title='bbox 178 1600 375 1648; x_wconf 82' lang='lat' dir='ltr'>hujusmodi</span> <span class='ocrx_word' id='word_1_225' title='bbox 404 1599 466 1634; x_wconf 85' lang='lat' dir='ltr'>sub</span> <span class='ocrx_word' id='word_1_226' title='bbox 496 1601 560 1634; x_wconf 83' lang='lat' dir='ltr'>hac</span> <span class='ocrx_word' id='word_1_227' title='bbox 588 1600 715 1634; x_wconf 76' lang='lat' dir='ltr'>forma.</span> <span class='ocrx_word' id='word_1_228' title='bbox 769 1600 1013 1636; x_wconf 86' lang='lat' dir='ltr'>CLEMENS</span> <span class='ocrx_word' id='word_1_229' title='bbox 1040 1600 1218 1649; x_wconf 88' lang='lat' dir='ltr'>episcopus</span> <span class='ocrx_word' id='word_1_230' title='bbox 1244 1602 1361 1637; x_wconf 84' lang='lat' dir='ltr'>servus</span> <span class='ocrx_word' id='word_1_231' title='bbox 1387 1603 1565 1640; x_wconf 86' lang='lat' dir='ltr'>servorum</span> <span class='ocrx_word' id='word_1_232' title='bbox 1587 1606 1657 1641; x_wconf 90' lang='lat' dir='ltr'>Dei</span> 
     </span>
     <span class='ocr_line' id='line_1_25' title="bbox 178 1656 1656 1699; baseline 0.004 -8"><span class='ocrx_word' id='word_1_233' title='bbox 178 1657 314 1691; x_wconf 68' lang='lat' dir='ltr'>dile-stis</span> <span class='ocrx_word' id='word_1_234' title='bbox 331 1657 411 1691; x_wconf 88' lang='lat' dir='ltr'>filiis</span> <span class='ocrx_word' id='word_1_235' title='bbox 431 1656 561 1690; x_wconf 81' lang='lat' dir='ltr'>Abbati</span> <span class='ocrx_word' id='word_1_236' title='bbox 580 1662 615 1690; x_wconf 92' lang='lat' dir='ltr'>et</span> <span class='ocrx_word' id='word_1_237' title='bbox 633 1656 823 1690; x_wconf 83' lang='lat' dir='ltr'>conventui</span> <span class='ocrx_word' id='word_1_238' title='bbox 842 1656 1039 1692; x_wconf 80' lang='lat' dir='ltr'>monasterIi</span> <span class='ocrx_word' id='word_1_239' title='bbox 1057 1658 1100 1692; x_wconf 87' lang='lat' dir='ltr'>de</span> <span class='ocrx_word' id='word_1_240' title='bbox 1120 1656 1280 1699; x_wconf 78' lang='lat' dir='ltr'>Paffelet,</span> <span class='ocrx_word' id='word_1_241' title='bbox 1310 1659 1546 1696; x_wconf 87' lang='lat' dir='ltr'>Cluniacenfis</span> <span class='ocrx_word' id='word_1_242' title='bbox 1565 1663 1656 1696; x_wconf 86' lang='lat' dir='ltr'>ordi-</span> 
     </span>
     <span class='ocr_line' id='line_1_26' title="bbox 177 1711 1657 1760; baseline 0.005 -14"><span class='ocrx_word' id='word_1_243' title='bbox 177 1714 241 1754; x_wconf 87' lang='lat' dir='ltr'>nis,</span> <span class='ocrx_word' id='word_1_244' title='bbox 274 1711 497 1759; x_wconf 68' lang='lat' dir='ltr'>Glasguenfis</span> <span class='ocrx_word' id='word_1_245' title='bbox 515 1711 668 1753; x_wconf 89' lang='lat' dir='ltr'>diocefis,</span> <span class='ocrx_word' id='word_1_246' title='bbox 697 1711 841 1746; x_wconf 85' lang='lat' dir='ltr'>salutem</span> <span class='ocrx_word' id='word_1_247' title='bbox 870 1718 904 1747; x_wconf 89' lang='lat' dir='ltr'>et</span> <span class='ocrx_word' id='word_1_248' title='bbox 930 1712 1151 1760; x_wconf 83' lang='lat' dir='ltr'>apostolicam</span> <span class='ocrx_word' id='word_1_249' title='bbox 1170 1714 1463 1751; x_wconf 66' lang='lat' dir='ltr'>benedictionem.</span> <span class='ocrx_word' id='word_1_250' title='bbox 1517 1717 1657 1753; x_wconf 60' lang='grc' dir='ltr'><strong>11Ιο11115</strong></span> 
     </span>
     <span class='ocr_line' id='line_1_27' title="bbox 177 1768 1656 1818; baseline 0.004 -15"><span class='ocrx_word' id='word_1_251' title='bbox 177 1769 287 1803; x_wconf 85' lang='lat' dir='ltr'>vestre</span> <span class='ocrx_word' id='word_1_252' title='bbox 306 1769 503 1804; x_wconf 86' lang='lat' dir='ltr'>devotionis</span> <span class='ocrx_word' id='word_1_253' title='bbox 521 1769 720 1803; x_wconf 85' lang='lat' dir='ltr'>inducimur</span> <span class='ocrx_word' id='word_1_254' title='bbox 738 1774 778 1803; x_wconf 90' lang='lat' dir='ltr'>ut</span> <span class='ocrx_word' id='word_1_255' title='bbox 795 1782 857 1803; x_wconf 76' lang='lat' dir='ltr'>vos</span> <span class='ocrx_word' id='word_1_256' title='bbox 875 1769 935 1803; x_wconf 83' lang='lat' dir='ltr'>illa</span> <span class='ocrx_word' id='word_1_257' title='bbox 952 1768 1202 1816; x_wconf 88' lang='lat' dir='ltr'>prosequamur</span> <span class='ocrx_word' id='word_1_258' title='bbox 1219 1772 1332 1817; x_wconf 80' lang='lat' dir='ltr'>gratia</span> <span class='ocrx_word' id='word_1_259' title='bbox 1349 1785 1452 1818; x_wconf 84' lang='lat' dir='ltr'>quam</span> <span class='ocrx_word' id='word_1_260' title='bbox 1467 1773 1563 1808; x_wconf 80' lang='lat' dir='ltr'>vobis</span> <span class='ocrx_word' id='word_1_261' title='bbox 1580 1775 1656 1809; x_wconf 88' lang='lat' dir='ltr'>fore</span> 
     </span>
     <span class='ocr_line' id='line_1_28' title="bbox 178 1825 1657 1872; baseline 0.005 -13"><span class='ocrx_word' id='word_1_262' title='bbox 178 1825 419 1872; x_wconf 79' lang='lat' dir='ltr'>cognoscimus</span> <span class='ocrx_word' id='word_1_263' title='bbox 449 1831 671 1872; x_wconf 83' lang='lat' dir='ltr'>oportunam.</span> <span class='ocrx_word' id='word_1_264' title='bbox 725 1826 815 1860; x_wconf 86' lang='lat' dir='ltr'>Sane</span> <span class='ocrx_word' id='word_1_265' title='bbox 845 1826 967 1872; x_wconf 85' lang='lat' dir='ltr'>petitio</span> <span class='ocrx_word' id='word_1_266' title='bbox 998 1825 1109 1860; x_wconf 83' lang='lat' dir='ltr'>vestra</span> <span class='ocrx_word' id='word_1_267' title='bbox 1138 1827 1238 1861; x_wconf 90' lang='lat' dir='ltr'>nobis</span> <span class='ocrx_word' id='word_1_268' title='bbox 1273 1828 1426 1863; x_wconf 78' lang='lat' dir='ltr'>exhibita</span> <span class='ocrx_word' id='word_1_269' title='bbox 1456 1831 1657 1866; x_wconf 80' lang='lat' dir='ltr'>continebat</span> 
     </span>
     <span class='ocr_line' id='line_1_29' title="bbox 177 1881 1655 1935; baseline 0.005 -20"><span class='ocrx_word' id='word_1_270' title='bbox 177 1882 273 1927; x_wconf 88' lang='lat' dir='ltr'>quod</span> <span class='ocrx_word' id='word_1_271' title='bbox 290 1881 374 1916; x_wconf 87' lang='lat' dir='ltr'>olim</span> <span class='ocrx_word' id='word_1_272' title='bbox 392 1882 484 1915; x_wconf 88' lang='lat' dir='ltr'>inter</span> <span class='ocrx_word' id='word_1_273' title='bbox 503 1881 593 1915; x_wconf 89' lang='lat' dir='ltr'>bone</span> <span class='ocrx_word' id='word_1_274' title='bbox 612 1883 779 1916; x_wconf 87' lang='lat' dir='ltr'>memorie</span> <span class='ocrx_word' id='word_1_275' title='bbox 803 1882 996 1917; x_wconf 80' lang='lat' dir='ltr'>Walterum</span> <span class='ocrx_word' id='word_1_276' title='bbox 1016 1881 1266 1929; x_wconf 73' lang='lat' dir='ltr'>Glasgueniem</span> <span class='ocrx_word' id='word_1_277' title='bbox 1280 1883 1478 1932; x_wconf 85' lang='lat' dir='ltr'>episcopum</span> <span class='ocrx_word' id='word_1_278' title='bbox 1498 1900 1541 1921; x_wconf 78' lang='lat' dir='ltr'>ex</span> <span class='ocrx_word' id='word_1_279' title='bbox 1559 1894 1655 1935; x_wconf 82' lang='lat' dir='ltr'>parte</span> 
     </span>
     <span class='ocr_line' id='line_1_30' title="bbox 178 1937 1655 1983; baseline 0.005 -12"><span class='ocrx_word' id='word_1_280' title='bbox 178 1951 249 1972; x_wconf 84' lang='lat' dir='ltr'>una</span> <span class='ocrx_word' id='word_1_281' title='bbox 266 1944 300 1972; x_wconf 86' lang='lat' dir='ltr'>et</span> <span class='ocrx_word' id='word_1_282' title='bbox 317 1937 495 1983; x_wconf 85' lang='lat' dir='ltr'>quondam</span> <span class='ocrx_word' id='word_1_283' title='bbox 514 1937 736 1972; x_wconf 83' lang='lat' dir='ltr'>Guilelmum</span> <span class='ocrx_word' id='word_1_284' title='bbox 759 1938 935 1972; x_wconf 78' lang='lat' dir='ltr'>Abbatem</span> <span class='ocrx_word' id='word_1_285' title='bbox 954 1939 1151 1974; x_wconf 83' lang='lat' dir='ltr'>monasterii</span> <span class='ocrx_word' id='word_1_286' title='bbox 1169 1940 1270 1975; x_wconf 84' lang='lat' dir='ltr'>vestri</span> <span class='ocrx_word' id='word_1_287' title='bbox 1288 1955 1327 1975; x_wconf 80' lang='lat' dir='ltr'>ac</span> <span class='ocrx_word' id='word_1_288' title='bbox 1346 1955 1406 1977; x_wconf 85' lang='lat' dir='ltr'>vos</span> <span class='ocrx_word' id='word_1_289' title='bbox 1425 1944 1484 1977; x_wconf 85' lang='lat' dir='ltr'>filii</span> <span class='ocrx_word' id='word_1_290' title='bbox 1505 1957 1655 1979; x_wconf 83' lang='lat' dir='ltr'>conven-</span> 
     </span>
     <span class='ocr_line' id='line_1_31' title="bbox 178 1993 1654 2047; baseline 0.005 -20"><span class='ocrx_word' id='word_1_291' title='bbox 178 2001 233 2028; x_wconf 85' lang='lat' dir='ltr'>tus</span> <span class='ocrx_word' id='word_1_292' title='bbox 251 2007 294 2028; x_wconf 83' lang='lat' dir='ltr'>ex</span> <span class='ocrx_word' id='word_1_293' title='bbox 306 1994 426 2034; x_wconf 83' lang='lat' dir='ltr'>altera,</span> <span class='ocrx_word' id='word_1_294' title='bbox 446 1993 547 2040; x_wconf 87' lang='lat' dir='ltr'>super</span> <span class='ocrx_word' id='word_1_295' title='bbox 565 1995 743 2029; x_wconf 77' lang='lat' dir='ltr'>taxatione</span> <span class='ocrx_word' id='word_1_296' title='bbox 762 1995 968 2029; x_wconf 80' lang='lat' dir='ltr'>vicariarum</span> <span class='ocrx_word' id='word_1_297' title='bbox 982 1994 1201 2030; x_wconf 80' lang='lat' dir='ltr'>eccleliarum</span> <span class='ocrx_word' id='word_1_298' title='bbox 1221 1997 1265 2030; x_wconf 88' lang='lat' dir='ltr'>ad</span> <span class='ocrx_word' id='word_1_299' title='bbox 1283 1998 1525 2033; x_wconf 86' lang='lat' dir='ltr'>monasterium</span> <span class='ocrx_word' id='word_1_300' title='bbox 1546 2000 1654 2047; x_wconf 86' lang='lat' dir='ltr'>ipsum</span> 
     </span>
     <span class='ocr_line' id='line_1_32' title="bbox 177 2048 1655 2100; baseline 0.004 -15"><span class='ocrx_word' id='word_1_301' title='bbox 177 2050 420 2097; x_wconf 57' lang='lat' dir='ltr'>spectantium,</span> <span class='ocrx_word' id='word_1_302' title='bbox 451 2048 673 2096; x_wconf 74' lang='lat' dir='ltr'>Glasguenfis</span> <span class='ocrx_word' id='word_1_303' title='bbox 702 2049 852 2091; x_wconf 88' lang='lat' dir='ltr'>diocefis,</span> <span class='ocrx_word' id='word_1_304' title='bbox 886 2057 921 2085; x_wconf 89' lang='lat' dir='ltr'>et</span> <span class='ocrx_word' id='word_1_305' title='bbox 952 2050 1040 2085; x_wconf 81' lang='lat' dir='ltr'>statu</span> <span class='ocrx_word' id='word_1_306' title='bbox 1071 2051 1290 2086; x_wconf 76' lang='lat' dir='ltr'>ecclesiarum</span> <span class='ocrx_word' id='word_1_307' title='bbox 1316 2052 1477 2100; x_wconf 87' lang='lat' dir='ltr'>ipsarum,</span> <span class='ocrx_word' id='word_1_308' title='bbox 1510 2058 1655 2091; x_wconf 85' lang='lat' dir='ltr'>materia</span> 
     </span>
     <span class='ocr_line' id='line_1_33' title="bbox 177 2106 1655 2159; baseline 0.005 -19"><span class='ocrx_word' id='word_1_309' title='bbox 177 2106 362 2152; x_wconf 86' lang='lat' dir='ltr'>questionis</span> <span class='ocrx_word' id='word_1_310' title='bbox 382 2112 504 2140; x_wconf 81' lang='lat' dir='ltr'>exorta</span> <span class='ocrx_word' id='word_1_311' title='bbox 520 2120 529 2148; x_wconf 86' lang='lat'><em>3</em></span> <span class='ocrx_word' id='word_1_312' title='bbox 558 2107 701 2141; x_wconf 82' lang='lat' dir='ltr'>tandem</span> <span class='ocrx_word' id='word_1_313' title='bbox 719 2107 895 2152; x_wconf 83' lang='lat' dir='ltr'>quondam</span> <span class='ocrx_word' id='word_1_314' title='bbox 917 2106 1026 2153; x_wconf 79' lang='lat' dir='ltr'>Hugo</span> <span class='ocrx_word' id='word_1_315' title='bbox 1045 2108 1310 2142; x_wconf 81' lang='lat' dir='ltr'>archidiaconus</span> <span class='ocrx_word' id='word_1_316' title='bbox 1331 2109 1552 2156; x_wconf 81' lang='lat' dir='ltr'>Glasguenfis</span> <span class='ocrx_word' id='word_1_317' title='bbox 1571 2113 1655 2159; x_wconf 87' lang='lat' dir='ltr'>ejus-</span> 
     </span>
     <span class='ocr_line' id='line_1_34' title="bbox 177 2162 1655 2212; baseline 0.005 -15"><span class='ocrx_word' id='word_1_318' title='bbox 177 2175 245 2208; x_wconf 89' lang='lat' dir='ltr'>que</span> <span class='ocrx_word' id='word_1_319' title='bbox 263 2162 408 2208; x_wconf 77' lang='lat' dir='ltr'>college,</span> <span class='ocrx_word' id='word_1_320' title='bbox 437 2175 588 2208; x_wconf 88' lang='lat' dir='ltr'>quorum</span> <span class='ocrx_word' id='word_1_321' title='bbox 607 2163 820 2197; x_wconf 85' lang='lat' dir='ltr'>ordinationi</span> <span class='ocrx_word' id='word_1_322' title='bbox 838 2168 953 2209; x_wconf 87' lang='lat' dir='ltr'>partes</span> <span class='ocrx_word' id='word_1_323' title='bbox 970 2162 1031 2197; x_wconf 88' lang='lat' dir='ltr'>sub</span> <span class='ocrx_word' id='word_1_324' title='bbox 1050 2169 1145 2197; x_wconf 85' lang='lat' dir='ltr'>certa</span> <span class='ocrx_word' id='word_1_325' title='bbox 1168 2176 1260 2210; x_wconf 82' lang='lat' dir='ltr'>pena</span> <span class='ocrx_word' id='word_1_326' title='bbox 1276 2164 1310 2199; x_wconf 88' lang='lat' dir='ltr'>se</span> <span class='ocrx_word' id='word_1_327' title='bbox 1327 2164 1428 2212; x_wconf 89' lang='lat' dir='ltr'>super</span> <span class='ocrx_word' id='word_1_328' title='bbox 1447 2167 1513 2201; x_wconf 88' lang='lat' dir='ltr'>hoc</span> <span class='ocrx_word' id='word_1_329' title='bbox 1530 2168 1655 2204; x_wconf 81' lang='lat' dir='ltr'>submi-</span> 
     </span>
     <span class='ocr_line' id='line_1_35' title="bbox 176 2216 1654 2266; baseline 0.005 -13"><span class='ocrx_word' id='word_1_330' title='bbox 176 2218 308 2259; x_wconf 84' lang='lat' dir='ltr'>serunt,</span> <span class='ocrx_word' id='word_1_331' title='bbox 327 2218 364 2251; x_wconf 91' lang='lat' dir='ltr'>in</span> <span class='ocrx_word' id='word_1_332' title='bbox 379 2217 582 2264; x_wconf 82' lang='lat' dir='ltr'>quibusdam</span> <span class='ocrx_word' id='word_1_333' title='bbox 601 2216 819 2252; x_wconf 79' lang='lat' dir='ltr'>ecelefiarum</span> <span class='ocrx_word' id='word_1_334' title='bbox 837 2217 998 2265; x_wconf 85' lang='lat' dir='ltr'>ipsarum,</span> <span class='ocrx_word' id='word_1_335' title='bbox 1020 2217 1169 2266; x_wconf 81' lang='lat' dir='ltr'>pensatis</span> <span class='ocrx_word' id='word_1_336' title='bbox 1188 2232 1308 2255; x_wconf 86' lang='lat' dir='ltr'>earum</span> <span class='ocrx_word' id='word_1_337' title='bbox 1326 2221 1559 2265; x_wconf 86' lang='lat' dir='ltr'>facultatibus,</span> <span class='ocrx_word' id='word_1_338' title='bbox 1580 2226 1654 2260; x_wconf 89' lang='lat' dir='ltr'>dili-</span> 
     </span>
     <span class='ocr_line' id='line_1_36' title="bbox 177 2274 1652 2327; baseline 0.006 -19"><span class='ocrx_word' id='word_1_339' title='bbox 177 2280 302 2320; x_wconf 84' lang='lat' dir='ltr'>genter</span> <span class='ocrx_word' id='word_1_340' title='bbox 320 2280 530 2308; x_wconf 82' lang='lat' dir='ltr'>taxaverunt</span> <span class='ocrx_word' id='word_1_341' title='bbox 547 2279 733 2321; x_wconf 86' lang='lat' dir='ltr'>perpetuas</span> <span class='ocrx_word' id='word_1_342' title='bbox 748 2275 902 2314; x_wconf 84' lang='lat' dir='ltr'>vicarias,</span> <span class='ocrx_word' id='word_1_343' title='bbox 923 2280 957 2308; x_wconf 89' lang='lat' dir='ltr'>et</span> <span class='ocrx_word' id='word_1_344' title='bbox 975 2274 1240 2317; x_wconf 80' lang='lat' dir='ltr'>ordinaverunt,</span> <span class='ocrx_word' id='word_1_345' title='bbox 1261 2277 1304 2311; x_wconf 88' lang='lat' dir='ltr'>de</span> <span class='ocrx_word' id='word_1_346' title='bbox 1323 2276 1488 2313; x_wconf 87' lang='lat' dir='ltr'>consensu</span> <span class='ocrx_word' id='word_1_347' title='bbox 1502 2282 1652 2327; x_wconf 85' lang='lat' dir='ltr'>partium</span> 
     </span>
    </p>
   </div>
   <div class='ocr_carea' id='block_1_3' title="bbox 179 2329 1653 2388">
    <p class='ocr_par' dir='ltr' id='par_1_3' title="bbox 179 2329 1653 2388">
     <span class='ocr_line' id='line_1_37' title="bbox 179 2329 1653 2388; baseline 0.006 -24"><span class='ocrx_word' id='word_1_348' title='bbox 179 2336 214 2365; x_wconf 91' lang='lat' dir='ltr'>et</span> <span class='ocrx_word' id='word_1_349' title='bbox 232 2329 374 2377; x_wconf 82' lang='lat' dir='ltr'>capituli</span> <span class='ocrx_word' id='word_1_350' title='bbox 393 2329 625 2377; x_wconf 69' lang='lat' dir='ltr'>Glasguenfis,</span> <span class='ocrx_word' id='word_1_351' title='bbox 645 2330 740 2388; x_wconf 54' lang='lat' dir='ltr'>q¹l&lt;⁰d</span> <span class='ocrx_word' id='word_1_352' title='bbox 759 2330 879 2365; x_wconf 69' lang='lat' dir='ltr'>Sancti</span> <span class='ocrx_word' id='word_1_353' title='bbox 898 2329 1037 2364; x_wconf 83' lang='lat' dir='ltr'>Nicolai</span> <span class='ocrx_word' id='word_1_354' title='bbox 1056 2331 1099 2365; x_wconf 88' lang='lat' dir='ltr'>de</span> <span class='ocrx_word' id='word_1_355' title='bbox 1119 2330 1282 2368; x_wconf 89' lang='lat' dir='ltr'>Prestwic</span> <span class='ocrx_word' id='word_1_356' title='bbox 1300 2332 1424 2380; x_wconf 85' lang='lat' dir='ltr'>burg0‚</span> <span class='ocrx_word' id='word_1_357' title='bbox 1445 2335 1488 2371; x_wconf 90' lang='lat' dir='ltr'>de</span> <span class='ocrx_word' id='word_1_358' title='bbox 1507 2336 1653 2373; x_wconf 89' lang='lat' dir='ltr'>Nelston</span> 
     </span>
    </p>
   </div>
   <div class='ocr_carea' id='block_1_4' title="bbox 887 2389 951 2420">
    <p class='ocr_par' dir='ltr' id='par_1_4' title="bbox 887 2389 951 2420">
     <span class='ocr_line' id='line_1_38' title="bbox 887 2389 951 2420; baseline 0 0"><span class='ocrx_word' id='word_1_359' title='bbox 887 2389 951 2420; x_wconf 66' lang='lat' dir='ltr'>Qx</span> 
     </span>
    </p>
   </div>
  </div>
 </body>
</html>
