1839 2652
843 300 912 322 XXV

185 386 357 416 Alexander
370 395 447 426 papa
460 385 576 421 tertius,
597 385 634 415 de
648 384 795 415 erectione
808 383 990 420 monasterii,
1014 383 1052 413 fo.
1074 382 1203 414 cclxviii.
1223 383 1347 423 (1172)
1510 383 1544 411 Ρ.
1563 383 1622 412 430

186 456 424 486 Instrumentum
438 455 566 485 limitum
589 455 626 484 de
649 454 860 484 Caldorhauch
885 459 914 484 et
930 454 993 484 Bar
1008 453 1039 484 in
1056 453 1321 494 Lochquhyngok,
1349 453 1387 483 fo.
1406 452 1536 482 cclxviii.

146 506 272 546 (1509‚)
1561 503 1622 532 430

187 575 425 605 Instrumentum
439 574 531 604 annui
545 574 678 604 redditus
701 584 809 604 novem
824 574 985 604 solidorum
1003 578 1031 604 et
1046 574 1099 604 viii
1115 574 1305 604 denariorum
1319 583 1373 613 pro
1388 584 1449 603 una
1464 573 1537 602 roda

143 631 221 656 terre
231 626 350 665 jacente
364 625 395 654 in
409 625 500 664 longa
515 624 609 654 crofta
624 624 660 654 de
677 624 814 664 Glasgw,
837 624 875 654 fo.
893 623 1002 654 cclxix.
1028 625 1153 664 (1511‚)
1562 623 1619 651 431

186 695 279 724 Casta
297 694 383 724 Alani
399 694 535 724 Steward
550 694 587 724 de
603 694 775 724 Cardonald
786 694 823 724 de
834 704 894 724 uno
906 698 1074 724 tenemento
1091 694 1121 724 in
1138 695 1165 724 le
1182 694 1326 724 Stokwell
1342 694 1379 723 de
1396 694 1531 733 Glasgw‚

144 745 181 774 fo.
199 744 296 773 cclxx.
321 744 446 783 (1505‚)
1561 743 1623 771 433

187 812 362 842 Commissio
377 812 542 852 regalitatis
558 814 594 842 de
612 813 742 849 Paslet0‚
760 813 797 842 fo.
815 813 924 842 cclxxi.
952 814 1077 851 (1529)
1562 812 1623 841 435

187 1148 317 1189 [Citatio
333 1156 419 1186 super
436 1145 618 1185 Episcopum
635 1145 862 1186 Ghsguensem,
887 1146 924 1174 fo.
942 1145 1014 1183 272,
1562 1145 1623 1175 436

188 1217 401 1257 Subdelegatio
417 1215 541 1245 Abbatis
556 1215 593 1245 de
609 1216 723 1255 Cupro,
739 1215 777 1245 fo.
795 1214 867 1254 ⁶272,
1562 1216 1623 1245 436

187 1288 302 1317 Citatio
318 1297 405 1326 super
420 1287 564 1316 seculares
579 1296 727 1325 personas,
745 1286 782 1315 fo.
800 1286 872 1324 272,
1563 1286 1623 1324 437

189 1357 410 1397 Subdelegatio,
427 1357 465 1386 fo.
481 1356 554 1395 273,
1562 1359 1623 1386 438

189 1427 307 1457 Littera
323 1426 441 1456 licentie
457 1427 510 1456 sub
526 1426 714 1457 instrumenti
730 1427 834 1462 forma,
859 1426 897 1455 fo.
916 1426 1003 1466 273‚]
1560 1428 1620 1458 4:39
