<?xml version="1.0" encoding="UTF-8"?>
<!DOCTYPE html PUBLIC "-//W3C//DTD XHTML 1.0 Transitional//EN"
    "http://www.w3.org/TR/xhtml1/DTD/xhtml1-transitional.dtd">
<html xmlns="http://www.w3.org/1999/xhtml" xml:lang="en" lang="en">
 <head>
  <title>
</title>
<meta http-equiv="Content-Type" content="text/html;charset=utf-8" />
  <meta name='ocr-system' content='tesseract 3.04.00' />
  <meta name='ocr-capabilities' content='ocr_page ocr_carea ocr_par ocr_line ocrx_word'/>
</head>
<body>
  <div class='ocr_page' id='page_1' title='image "./registrummonaste00mait_0437.png"; bbox 0 0 1870 2683; ppageno 0'>
   <div class='ocr_carea' id='block_1_1' title="bbox 764 263 1699 309">
    <p class='ocr_par' dir='ltr' id='par_1_1' title="bbox 764 263 1699 309">
     <span class='ocr_line' id='line_1_1' title="bbox 764 263 1699 309; baseline 0.002 -10"><span class='ocrx_word' id='word_1_1' title='bbox 764 264 834 300; x_wconf 88' lang='lat' dir='ltr'><strong>DE</strong></span> <span class='ocrx_word' id='word_1_2' title='bbox 867 263 1136 300; x_wconf 88' lang='lat' dir='ltr'>PASSELET.</span> <span class='ocrx_word' id='word_1_3' title='bbox 1628 271 1699 309; x_wconf 88' lang='lat'><strong>377</strong></span> 
     </span>
    </p>
   </div>
   <div class='ocr_carea' id='block_1_2' title="bbox 198 356 1694 1961">
    <p class='ocr_par' dir='ltr' id='par_1_2' title="bbox 198 356 1694 1961">
     <span class='ocr_line' id='line_1_2' title="bbox 218 356 1693 409; baseline 0.004 -17"><span class='ocrx_word' id='word_1_4' title='bbox 218 356 363 394; x_wconf 82' lang='lat' dir='ltr'><strong>Walteri</strong></span> <span class='ocrx_word' id='word_1_5' title='bbox 381 360 444 394; x_wconf 88' lang='lat' dir='ltr'><strong>filii</strong></span> <span class='ocrx_word' id='word_1_6' title='bbox 465 359 608 396; x_wconf 47' lang='lat' dir='ltr'><strong>lValteri</strong></span> <span class='ocrx_word' id='word_1_7' title='bbox 629 361 734 396; x_wconf 81' lang='lat' dir='ltr'><strong>Ruhe</strong></span> <span class='ocrx_word' id='word_1_8' title='bbox 752 375 794 396; x_wconf 83' lang='lat' dir='ltr'><strong>ex</strong></span> <span class='ocrx_word' id='word_1_9' title='bbox 812 362 921 396; x_wconf 83' lang='lat' dir='ltr'><strong>altera</strong></span> <span class='ocrx_word' id='word_1_10' title='bbox 950 375 992 396; x_wconf 85' lang='lat' dir='ltr'><strong>ex</strong></span> <span class='ocrx_word' id='word_1_11' title='bbox 1020 362 1217 408; x_wconf 84' lang='lat' dir='ltr'>aquilonale</span> <span class='ocrx_word' id='word_1_12' title='bbox 1236 368 1344 409; x_wconf 87' lang='lat' dir='ltr'><strong>parte,</strong></span> <span class='ocrx_word' id='word_1_13' title='bbox 1377 362 1467 397; x_wconf 86' lang='lat' dir='ltr'><strong>inter</strong></span> <span class='ocrx_word' id='word_1_14' title='bbox 1486 363 1693 398; x_wconf 82' lang='lat' dir='ltr'><strong>cimiterium</strong></span> 
     </span>
     <span class='ocr_line' id='line_1_3' title="bbox 215 416 1694 465; baseline 0.003 -15"><span class='ocrx_word' id='word_1_15' title='bbox 215 416 354 451; x_wconf 71' lang='lat' dir='ltr'><strong>ecclesie</strong></span> <span class='ocrx_word' id='word_1_16' title='bbox 368 417 484 452; x_wconf 56' lang='lat' dir='ltr'><strong>saiicffe</strong></span> <span class='ocrx_word' id='word_1_17' title='bbox 506 418 621 453; x_wconf 88' lang='lat' dir='ltr'><strong>Marie</strong></span> <span class='ocrx_word' id='word_1_18' title='bbox 634 419 790 465; x_wconf 79' lang='lat' dir='ltr'><strong>Virginis</strong></span> <span class='ocrx_word' id='word_1_19' title='bbox 809 425 843 453; x_wconf 87' lang='lat' dir='ltr'><strong>et</strong></span> <span class='ocrx_word' id='word_1_20' title='bbox 861 432 982 465; x_wconf 83' lang='lat' dir='ltr'><strong>aquam</strong></span> <span class='ocrx_word' id='word_1_21' title='bbox 1003 419 1045 452; x_wconf 88' lang='lat' dir='ltr'><strong>de</strong></span> <span class='ocrx_word' id='word_1_22' title='bbox 1061 418 1165 458; x_wconf 85' lang='lat' dir='ltr'><strong>Clud‚</strong></span> <span class='ocrx_word' id='word_1_23' title='bbox 1186 419 1219 452; x_wconf 92' lang='lat' dir='ltr'><strong>in</strong></span> <span class='ocrx_word' id='word_1_24' title='bbox 1239 419 1397 464; x_wconf 64' lang='lat' dir='ltr'><strong>predicta</strong></span> <span class='ocrx_word' id='word_1_25' title='bbox 1417 419 1500 453; x_wconf 87' lang='lat' dir='ltr'><strong>villa</strong></span> <span class='ocrx_word' id='word_1_26' title='bbox 1518 419 1560 454; x_wconf 87' lang='lat' dir='ltr'><strong>de</strong></span> <span class='ocrx_word' id='word_1_27' title='bbox 1582 420 1694 454; x_wconf 86' lang='lat' dir='ltr'><strong>Ruth-</strong></span> 
     </span>
     <span class='ocr_line' id='line_1_4' title="bbox 213 471 1693 522; baseline 0.003 -16"><span class='ocrx_word' id='word_1_28' title='bbox 213 471 306 517; x_wconf 85' lang='lat' dir='ltr'><strong>glen,</strong></span> <span class='ocrx_word' id='word_1_29' title='bbox 317 486 418 518; x_wconf 83' lang='lat' dir='ltr'><strong>quam</strong></span> <span class='ocrx_word' id='word_1_30' title='bbox 431 474 571 519; x_wconf 88' lang='lat' dir='ltr'><strong>quidem</strong></span> <span class='ocrx_word' id='word_1_31' title='bbox 584 481 710 509; x_wconf 75' lang='lat' dir='ltr'><strong>terram</strong></span> <span class='ocrx_word' id='word_1_32' title='bbox 726 476 904 522; x_wconf 56' lang='lat' dir='ltr'><strong>predictus</strong></span> <span class='ocrx_word' id='word_1_33' title='bbox 915 475 1095 509; x_wconf 84' lang='lat' dir='ltr'><strong>Johannes</strong></span> <span class='ocrx_word' id='word_1_34' title='bbox 1110 475 1254 508; x_wconf 88' lang='lat' dir='ltr'><strong>maritus</strong></span> <span class='ocrx_word' id='word_1_35' title='bbox 1269 487 1365 508; x_wconf 88' lang='lat' dir='ltr'><strong>meus</strong></span> <span class='ocrx_word' id='word_1_36' title='bbox 1381 480 1415 509; x_wconf 89' lang='lat' dir='ltr'><strong>et</strong></span> <span class='ocrx_word' id='word_1_37' title='bbox 1427 488 1492 521; x_wconf 84' lang='lat' dir='ltr'><strong>ego</strong></span> <span class='ocrx_word' id='word_1_38' title='bbox 1507 475 1693 521; x_wconf 76' lang='lat' dir='ltr'><strong>aIIquando</strong></span> 
     </span>
     <span class='ocr_line' id='line_1_5' title="bbox 212 527 1693 577; baseline 0.003 -15"><span class='ocrx_word' id='word_1_39' title='bbox 212 527 421 574; x_wconf 85' lang='lat' dir='ltr'><strong>poffedimus</strong></span> <span class='ocrx_word' id='word_1_40' title='bbox 434 536 468 564; x_wconf 89' lang='lat' dir='ltr'><strong>et</strong></span> <span class='ocrx_word' id='word_1_41' title='bbox 483 531 584 564; x_wconf 66' lang='lat' dir='ltr'><strong>diffis</strong></span> <span class='ocrx_word' id='word_1_42' title='bbox 604 531 734 564; x_wconf 82' lang='lat' dir='ltr'><strong>Abbati</strong></span> <span class='ocrx_word' id='word_1_43' title='bbox 749 536 783 565; x_wconf 86' lang='lat' dir='ltr'><strong>et</strong></span> <span class='ocrx_word' id='word_1_44' title='bbox 798 531 987 564; x_wconf 85' lang='lat' dir='ltr'><strong>conventui</strong></span> <span class='ocrx_word' id='word_1_45' title='bbox 1006 543 1069 576; x_wconf 89' lang='lat' dir='ltr'><strong>pro</strong></span> <span class='ocrx_word' id='word_1_46' title='bbox 1088 542 1214 575; x_wconf 76' lang='lat' dir='ltr'><strong>magna</strong></span> <span class='ocrx_word' id='word_1_47' title='bbox 1231 536 1436 577; x_wconf 84' lang='lat' dir='ltr'><strong>paupertate</strong></span> <span class='ocrx_word' id='word_1_48' title='bbox 1451 537 1485 566; x_wconf 85' lang='lat' dir='ltr'><strong>et</strong></span> <span class='ocrx_word' id='word_1_49' title='bbox 1497 530 1693 567; x_wconf 86' lang='lat' dir='ltr'><strong>neceffitate</strong></span> 
     </span>
     <span class='ocr_line' id='line_1_6' title="bbox 212 584 1691 633; baseline 0.003 -16"><span class='ocrx_word' id='word_1_50' title='bbox 212 584 327 618; x_wconf 86' lang='lat' dir='ltr'><strong>nostra</strong></span> <span class='ocrx_word' id='word_1_51' title='bbox 345 586 576 626; x_wconf 76' lang='lat' dir='ltr'><strong>vendidimus,</strong></span> <span class='ocrx_word' id='word_1_52' title='bbox 611 586 772 620; x_wconf 86' lang='lat' dir='ltr'><strong>omnibus</strong></span> <span class='ocrx_word' id='word_1_53' title='bbox 803 586 877 620; x_wconf 84' lang='lat' dir='ltr'><strong>aliis</strong></span> <span class='ocrx_word' id='word_1_54' title='bbox 895 587 995 620; x_wconf 82' lang='lat' dir='ltr'><strong>terris</strong></span> <span class='ocrx_word' id='word_1_55' title='bbox 1014 585 1135 619; x_wconf 81' lang='lat' dir='ltr'><strong>nostris</strong></span> <span class='ocrx_word' id='word_1_56' title='bbox 1153 586 1248 633; x_wconf 83' lang='lat' dir='ltr'><strong>prius</strong></span> <span class='ocrx_word' id='word_1_57' title='bbox 1277 586 1435 633; x_wconf 82' lang='lat' dir='ltr'><strong>expositis</strong></span> <span class='ocrx_word' id='word_1_58' title='bbox 1466 593 1500 621; x_wconf 88' lang='lat' dir='ltr'><strong>et</strong></span> <span class='ocrx_word' id='word_1_59' title='bbox 1530 588 1691 622; x_wconf 85' lang='lat' dir='ltr'><strong>venditis.</strong></span> 
     </span>
     <span class='ocr_line' id='line_1_7' title="bbox 212 638 1693 689; baseline 0.004 -17"><span class='ocrx_word' id='word_1_60' title='bbox 212 638 259 673; x_wconf 81' lang='lat' dir='ltr'><strong>Et</strong></span> <span class='ocrx_word' id='word_1_61' title='bbox 276 653 340 686; x_wconf 85' lang='lat' dir='ltr'><strong>pro</strong></span> <span class='ocrx_word' id='word_1_62' title='bbox 360 640 423 674; x_wconf 82' lang='lat' dir='ltr'><strong>hac</strong></span> <span class='ocrx_word' id='word_1_63' title='bbox 441 643 718 681; x_wconf 80' lang='lat' dir='ltr'><strong>renunciatione,</strong></span> <span class='ocrx_word' id='word_1_64' title='bbox 751 640 966 675; x_wconf 83' lang='lat' dir='ltr'><strong>conceffione</strong></span> <span class='ocrx_word' id='word_1_65' title='bbox 986 647 1019 675; x_wconf 90' lang='lat' dir='ltr'><strong>et</strong></span> <span class='ocrx_word' id='word_1_66' title='bbox 1038 642 1154 687; x_wconf 84' lang='lat' dir='ltr'><strong>quieta</strong></span> <span class='ocrx_word' id='word_1_67' title='bbox 1180 642 1386 676; x_wconf 85' lang='lat' dir='ltr'><strong>clamatione</strong></span> <span class='ocrx_word' id='word_1_68' title='bbox 1406 643 1553 689; x_wconf 64' lang='lat' dir='ltr'><strong>pi&#39;edifflzi</strong></span> <span class='ocrx_word' id='word_1_69' title='bbox 1575 643 1693 678; x_wconf 85' lang='lat' dir='ltr'><strong>Abbas</strong></span> 
     </span>
     <span class='ocr_line' id='line_1_8' title="bbox 210 697 1691 736; baseline 0.004 -7"><span class='ocrx_word' id='word_1_70' title='bbox 210 700 245 728; x_wconf 86' lang='lat' dir='ltr'><strong>et</strong></span> <span class='ocrx_word' id='word_1_71' title='bbox 262 701 457 729; x_wconf 76' lang='lat' dir='ltr'><strong>conventus</strong></span> <span class='ocrx_word' id='word_1_72' title='bbox 475 697 559 730; x_wconf 88' lang='lat' dir='ltr'><strong>mihi</strong></span> <span class='ocrx_word' id='word_1_73' title='bbox 578 698 729 731; x_wconf 82' lang='lat' dir='ltr'><strong>caritatis</strong></span> <span class='ocrx_word' id='word_1_74' title='bbox 748 698 878 731; x_wconf 87' lang='lat' dir='ltr'><strong>iutuitu</strong></span> <span class='ocrx_word' id='word_1_75' title='bbox 910 697 1084 731; x_wconf 84' lang='lat' dir='ltr'><strong>dederunt</strong></span> <span class='ocrx_word' id='word_1_76' title='bbox 1114 703 1184 731; x_wconf 81' lang='lat' dir='ltr'><strong>tres</strong></span> <span class='ocrx_word' id='word_1_77' title='bbox 1215 698 1347 732; x_wconf 68' lang='lat' dir='ltr'><strong>coldras</strong></span> <span class='ocrx_word' id='word_1_78' title='bbox 1376 699 1486 734; x_wconf 75' lang='lat' dir='ltr'><strong>farine</strong></span> <span class='ocrx_word' id='word_1_79' title='bbox 1515 713 1624 735; x_wconf 85' lang='lat' dir='ltr'><strong>avene</strong></span> <span class='ocrx_word' id='word_1_80' title='bbox 1655 702 1691 736; x_wconf 89' lang='lat' dir='ltr'><strong>in</strong></span> 
     </span>
     <span class='ocr_line' id='line_1_9' title="bbox 209 751 1688 799; baseline 0.005 -15"><span class='ocrx_word' id='word_1_81' title='bbox 209 763 336 797; x_wconf 82' lang='lat' dir='ltr'><strong>magna</strong></span> <span class='ocrx_word' id='word_1_82' title='bbox 352 751 548 787; x_wconf 75' lang='lat' dir='ltr'><strong>necestitate</strong></span> <span class='ocrx_word' id='word_1_83' title='bbox 568 765 644 787; x_wconf 86' lang='lat' dir='ltr'><strong>mea</strong></span> <span class='ocrx_word' id='word_1_84' title='bbox 662 753 705 786; x_wconf 88' lang='lat' dir='ltr'><strong>ad</strong></span> <span class='ocrx_word' id='word_1_85' title='bbox 723 753 995 787; x_wconf 78' lang='lat' dir='ltr'><strong>sublevationem</strong></span> <span class='ocrx_word' id='word_1_86' title='bbox 1015 753 1131 799; x_wconf 86' lang='lat' dir='ltr'><strong>inopie</strong></span> <span class='ocrx_word' id='word_1_87' title='bbox 1151 766 1226 787; x_wconf 86' lang='lat' dir='ltr'><strong>mee</strong></span> <span class='ocrx_word' id='word_1_88' title='bbox 1255 759 1288 787; x_wconf 75' lang='lat' dir='ltr'><strong>et</strong></span> <span class='ocrx_word' id='word_1_89' title='bbox 1319 755 1486 789; x_wconf 75' lang='lat' dir='ltr'>heredum</span> <span class='ocrx_word' id='word_1_90' title='bbox 1518 769 1688 791; x_wconf 87' lang='lat' dir='ltr'><strong>meorum.</strong></span> 
     </span>
     <span class='ocr_line' id='line_1_10' title="bbox 208 805 1691 856; baseline 0.005 -16"><span class='ocrx_word' id='word_1_91' title='bbox 208 805 315 841; x_wconf 83' lang='lat' dir='ltr'><strong>Unde</strong></span> <span class='ocrx_word' id='word_1_92' title='bbox 334 807 416 841; x_wconf 86' lang='lat' dir='ltr'><strong>volo</strong></span> <span class='ocrx_word' id='word_1_93' title='bbox 435 814 469 841; x_wconf 90' lang='lat' dir='ltr'><strong>et</strong></span> <span class='ocrx_word' id='word_1_94' title='bbox 488 809 643 842; x_wconf 85' lang='lat' dir='ltr'><strong>concedo</strong></span> <span class='ocrx_word' id='word_1_95' title='bbox 670 822 733 855; x_wconf 90' lang='lat' dir='ltr'><strong>pro</strong></span> <span class='ocrx_word' id='word_1_96' title='bbox 752 821 808 842; x_wconf 89' lang='lat' dir='ltr'><strong>me</strong></span> <span class='ocrx_word' id='word_1_97' title='bbox 838 814 873 842; x_wconf 90' lang='lat' dir='ltr'><strong>et</strong></span> <span class='ocrx_word' id='word_1_98' title='bbox 905 808 1089 842; x_wconf 82' lang='lat' dir='ltr'><strong>heredibus</strong></span> <span class='ocrx_word' id='word_1_99' title='bbox 1107 810 1191 842; x_wconf 83' lang='lat' dir='ltr'><strong>meis</strong></span> <span class='ocrx_word' id='word_1_100' title='bbox 1209 810 1302 854; x_wconf 89' lang='lat' dir='ltr'><strong>quod</strong></span> <span class='ocrx_word' id='word_1_101' title='bbox 1321 811 1499 856; x_wconf 58' lang='lat' dir='ltr'><strong>predictus</strong></span> <span class='ocrx_word' id='word_1_102' title='bbox 1519 811 1638 846; x_wconf 88' lang='lat' dir='ltr'><strong>Abbas</strong></span> <span class='ocrx_word' id='word_1_103' title='bbox 1657 819 1691 847; x_wconf 86' lang='lat' dir='ltr'><strong>et</strong></span> 
     </span>
     <span class='ocr_line' id='line_1_11' title="bbox 207 864 1690 911; baseline 0.004 -15"><span class='ocrx_word' id='word_1_104' title='bbox 207 869 401 897; x_wconf 88' lang='lat' dir='ltr'><strong>conventus</strong></span> <span class='ocrx_word' id='word_1_105' title='bbox 419 870 528 897; x_wconf 87' lang='lat' dir='ltr'><strong>totam</strong></span> <span class='ocrx_word' id='word_1_106' title='bbox 549 869 676 898; x_wconf 83' lang='lat' dir='ltr'><strong>terram</strong></span> <span class='ocrx_word' id='word_1_107' title='bbox 696 864 890 911; x_wconf 58' lang='lat' dir='ltr'><strong>predictam</strong></span> <span class='ocrx_word' id='word_1_108' title='bbox 910 864 1070 904; x_wconf 79' lang='lat' dir='ltr'><strong>habeant,</strong></span> <span class='ocrx_word' id='word_1_109' title='bbox 1098 870 1242 898; x_wconf 78' lang='lat' dir='ltr'><strong>teneant</strong></span> <span class='ocrx_word' id='word_1_110' title='bbox 1260 870 1294 899; x_wconf 89' lang='lat' dir='ltr'><strong>et</strong></span> <span class='ocrx_word' id='word_1_111' title='bbox 1312 865 1503 911; x_wconf 79' lang='lat' dir='ltr'><strong>pollideant</strong></span> <span class='ocrx_word' id='word_1_112' title='bbox 1530 867 1636 902; x_wconf 88' lang='lat' dir='ltr'><strong>libere</strong></span> <span class='ocrx_word' id='word_1_113' title='bbox 1655 875 1690 903; x_wconf 87' lang='lat' dir='ltr'><strong>et</strong></span> 
     </span>
     <span class='ocr_line' id='line_1_12' title="bbox 205 919 1689 968; baseline 0.004 -15"><span class='ocrx_word' id='word_1_114' title='bbox 205 919 358 964; x_wconf 85' lang='lat' dir='ltr'><strong>pacifice,</strong></span> <span class='ocrx_word' id='word_1_115' title='bbox 378 919 447 954; x_wconf 89' lang='lat' dir='ltr'><strong>fine</strong></span> <span class='ocrx_word' id='word_1_116' title='bbox 466 921 562 954; x_wconf 88' lang='lat' dir='ltr'><strong>omni</strong></span> <span class='ocrx_word' id='word_1_117' title='bbox 581 920 788 967; x_wconf 80' lang='lat' dir='ltr'><strong>calumpnia,</strong></span> <span class='ocrx_word' id='word_1_118' title='bbox 808 921 1010 966; x_wconf 81' lang='lat' dir='ltr'><strong>gravamine</strong></span> <span class='ocrx_word' id='word_1_119' title='bbox 1029 926 1063 954; x_wconf 90' lang='lat' dir='ltr'><strong>et</strong></span> <span class='ocrx_word' id='word_1_120' title='bbox 1081 920 1236 955; x_wconf 78' lang='lat' dir='ltr'><strong>molestia</strong></span> <span class='ocrx_word' id='word_1_121' title='bbox 1254 934 1296 955; x_wconf 86' lang='lat' dir='ltr'><strong>ex</strong></span> <span class='ocrx_word' id='word_1_122' title='bbox 1315 927 1413 968; x_wconf 88' lang='lat' dir='ltr'><strong>parte</strong></span> <span class='ocrx_word' id='word_1_123' title='bbox 1427 936 1504 957; x_wconf 88' lang='lat' dir='ltr'><strong>mea</strong></span> <span class='ocrx_word' id='word_1_124' title='bbox 1517 925 1573 958; x_wconf 88' lang='lat' dir='ltr'><strong>vel</strong></span> <span class='ocrx_word' id='word_1_125' title='bbox 1591 925 1689 959; x_wconf 83' lang='lat' dir='ltr'><strong>here-</strong></span> 
     </span>
     <span class='ocr_line' id='line_1_13' title="bbox 206 974 1688 1025; baseline 0.003 -16"><span class='ocrx_word' id='word_1_126' title='bbox 206 974 290 1008; x_wconf 87' lang='lat' dir='ltr'><strong>dum</strong></span> <span class='ocrx_word' id='word_1_127' title='bbox 310 987 468 1009; x_wconf 85' lang='lat' dir='ltr'><strong>meorum</strong></span> <span class='ocrx_word' id='word_1_128' title='bbox 489 976 746 1023; x_wconf 85' lang='lat' dir='ltr'><strong>imperpetuum</strong></span> <span class='ocrx_word' id='word_1_129' title='bbox 763 991 772 1018; x_wconf 78' lang='lat'>3</span> <span class='ocrx_word' id='word_1_130' title='bbox 803 977 850 1010; x_wconf 89' lang='lat' dir='ltr'><strong>ita</strong></span> <span class='ocrx_word' id='word_1_131' title='bbox 868 976 962 1022; x_wconf 91' lang='lat' dir='ltr'><strong>quod</strong></span> <span class='ocrx_word' id='word_1_132' title='bbox 981 989 1046 1021; x_wconf 80' lang='lat' dir='ltr'><strong>ego</strong></span> <span class='ocrx_word' id='word_1_133' title='bbox 1065 976 1120 1010; x_wconf 86' lang='lat' dir='ltr'><strong>vel</strong></span> <span class='ocrx_word' id='word_1_134' title='bbox 1139 976 1285 1010; x_wconf 86' lang='lat' dir='ltr'><strong>heredes</strong></span> <span class='ocrx_word' id='word_1_135' title='bbox 1305 978 1370 1011; x_wconf 89' lang='lat' dir='ltr'><strong>mei</strong></span> <span class='ocrx_word' id='word_1_136' title='bbox 1401 977 1459 1012; x_wconf 87' lang='lat' dir='ltr'><strong>seu</strong></span> <span class='ocrx_word' id='word_1_137' title='bbox 1488 979 1610 1025; x_wconf 84' lang='lat' dir='ltr'><strong>aliquis</strong></span> <span class='ocrx_word' id='word_1_138' title='bbox 1628 993 1688 1014; x_wconf 91' lang='lat' dir='ltr'><strong>no-</strong></span> 
     </span>
     <span class='ocr_line' id='line_1_14' title="bbox 205 1031 1688 1079; baseline 0.004 -15"><span class='ocrx_word' id='word_1_139' title='bbox 205 1031 298 1065; x_wconf 89' lang='lat' dir='ltr'><strong>mine</strong></span> <span class='ocrx_word' id='word_1_140' title='bbox 317 1031 433 1065; x_wconf 81' lang='lat' dir='ltr'><strong>nostro</strong></span> <span class='ocrx_word' id='word_1_141' title='bbox 459 1032 566 1066; x_wconf 88' lang='lat' dir='ltr'><strong>nichil</strong></span> <span class='ocrx_word' id='word_1_142' title='bbox 591 1032 681 1079; x_wconf 89' lang='lat' dir='ltr'><strong>juris</strong></span> <span class='ocrx_word' id='word_1_143' title='bbox 700 1033 757 1067; x_wconf 87' lang='lat' dir='ltr'><strong>seu</strong></span> <span class='ocrx_word' id='word_1_144' title='bbox 776 1032 978 1067; x_wconf 86' lang='lat' dir='ltr'><strong>hereditatis</strong></span> <span class='ocrx_word' id='word_1_145' title='bbox 997 1033 1031 1066; x_wconf 88' lang='lat' dir='ltr'><strong>in</strong></span> <span class='ocrx_word' id='word_1_146' title='bbox 1050 1032 1209 1078; x_wconf 60' lang='lat' dir='ltr'><strong>predicta</strong></span> <span class='ocrx_word' id='word_1_147' title='bbox 1234 1038 1328 1066; x_wconf 87' lang='lat' dir='ltr'><strong>terra</strong></span> <span class='ocrx_word' id='word_1_148' title='bbox 1347 1034 1485 1079; x_wconf 79' lang='lat' dir='ltr'><strong>exigere</strong></span> <span class='ocrx_word' id='word_1_149' title='bbox 1503 1035 1559 1069; x_wconf 88' lang='lat' dir='ltr'><strong>vel</strong></span> <span class='ocrx_word' id='word_1_150' title='bbox 1578 1036 1688 1070; x_wconf 86' lang='lat' dir='ltr'><strong>vindi-</strong></span> 
     </span>
     <span class='ocr_line' id='line_1_15' title="bbox 205 1087 1685 1136; baseline 0.004 -16"><span class='ocrx_word' id='word_1_151' title='bbox 205 1099 283 1121; x_wconf 86' lang='lat' dir='ltr'><strong>care</strong></span> <span class='ocrx_word' id='word_1_152' title='bbox 294 1088 486 1134; x_wconf 81' lang='lat' dir='ltr'><strong>poterimus</strong></span> <span class='ocrx_word' id='word_1_153' title='bbox 501 1088 617 1134; x_wconf 88' lang='lat' dir='ltr'><strong>aliquo</strong></span> <span class='ocrx_word' id='word_1_154' title='bbox 632 1094 802 1136; x_wconf 87' lang='lat' dir='ltr'><strong>tempore,</strong></span> <span class='ocrx_word' id='word_1_155' title='bbox 823 1089 922 1123; x_wconf 90' lang='lat' dir='ltr'><strong>nullo</strong></span> <span class='ocrx_word' id='word_1_156' title='bbox 935 1088 1028 1135; x_wconf 85' lang='lat' dir='ltr'><strong>jure,</strong></span> <span class='ocrx_word' id='word_1_157' title='bbox 1044 1088 1179 1135; x_wconf 85' lang='lat' dir='ltr'><strong>judicio</strong></span> <span class='ocrx_word' id='word_1_158' title='bbox 1194 1087 1252 1122; x_wconf 89' lang='lat' dir='ltr'><strong>seu</strong></span> <span class='ocrx_word' id='word_1_159' title='bbox 1268 1088 1345 1123; x_wconf 87' lang='lat' dir='ltr'><strong>casu</strong></span> <span class='ocrx_word' id='word_1_160' title='bbox 1362 1090 1685 1126; x_wconf 81' lang='lat' dir='ltr'><strong>intervenientibus.</strong></span> 
     </span>
     <span class='ocr_line' id='line_1_16' title="bbox 205 1141 1686 1194; baseline 0.003 -18"><span class='ocrx_word' id='word_1_161' title='bbox 205 1141 252 1176; x_wconf 82' lang='lat' dir='ltr'><strong>Et</strong></span> <span class='ocrx_word' id='word_1_162' title='bbox 269 1143 313 1176; x_wconf 83' lang='lat' dir='ltr'><strong>ad</strong></span> <span class='ocrx_word' id='word_1_163' title='bbox 332 1143 420 1177; x_wconf 85' lang='lat' dir='ltr'><strong>hanc</strong></span> <span class='ocrx_word' id='word_1_164' title='bbox 439 1142 692 1178; x_wconf 87' lang='lat' dir='ltr'><strong>concessionem</strong></span> <span class='ocrx_word' id='word_1_165' title='bbox 711 1150 745 1178; x_wconf 91' lang='lat' dir='ltr'><strong>et</strong></span> <span class='ocrx_word' id='word_1_166' title='bbox 763 1145 915 1190; x_wconf 80' lang='lat' dir='ltr'><strong>quietam</strong></span> <span class='ocrx_word' id='word_1_167' title='bbox 935 1145 1179 1178; x_wconf 87' lang='lat' dir='ltr'><strong>clamationem</strong></span> <span class='ocrx_word' id='word_1_168' title='bbox 1194 1144 1345 1178; x_wconf 84' lang='lat' dir='ltr'><strong>fideliter</strong></span> <span class='ocrx_word' id='word_1_169' title='bbox 1359 1145 1607 1181; x_wconf 81' lang='lat' dir='ltr'><strong>observandam</strong></span> <span class='ocrx_word' id='word_1_170' title='bbox 1623 1161 1686 1194; x_wconf 87' lang='lat' dir='ltr'><strong>pro</strong></span> 
     </span>
     <span class='ocr_line' id='line_1_17' title="bbox 204 1199 1685 1250; baseline 0.004 -19"><span class='ocrx_word' id='word_1_171' title='bbox 204 1211 259 1232; x_wconf 91' lang='lat' dir='ltr'><strong>me</strong></span> <span class='ocrx_word' id='word_1_172' title='bbox 278 1205 313 1232; x_wconf 90' lang='lat' dir='ltr'><strong>et</strong></span> <span class='ocrx_word' id='word_1_173' title='bbox 330 1199 515 1234; x_wconf 78' lang='lat' dir='ltr'><strong>heredibus</strong></span> <span class='ocrx_word' id='word_1_174' title='bbox 535 1201 619 1234; x_wconf 86' lang='lat' dir='ltr'><strong>meis</strong></span> <span class='ocrx_word' id='word_1_175' title='bbox 636 1201 888 1235; x_wconf 86' lang='lat' dir='ltr'><strong>sacramentum</strong></span> <span class='ocrx_word' id='word_1_176' title='bbox 908 1200 1036 1247; x_wconf 82' lang='lat' dir='ltr'><strong>prestiti</strong></span> <span class='ocrx_word' id='word_1_177' title='bbox 1052 1201 1232 1247; x_wconf 85' lang='lat' dir='ltr'><strong>corporale</strong></span> <span class='ocrx_word' id='word_1_178' title='bbox 1252 1200 1307 1234; x_wconf 83' lang='lat' dir='ltr'><strong>die</strong></span> <span class='ocrx_word' id='word_1_179' title='bbox 1327 1201 1428 1236; x_wconf 90' lang='lat' dir='ltr'><strong>Lune</strong></span> <span class='ocrx_word' id='word_1_180' title='bbox 1443 1204 1601 1249; x_wconf 83' lang='lat' dir='ltr'><strong>proxima</strong></span> <span class='ocrx_word' id='word_1_181' title='bbox 1614 1204 1685 1250; x_wconf 86' lang='lat' dir='ltr'><strong>post</strong></span> 
     </span>
     <span class='ocr_line' id='line_1_18' title="bbox 203 1253 1685 1305; baseline 0.005 -18"><span class='ocrx_word' id='word_1_182' title='bbox 203 1253 433 1289; x_wconf 74' lang='lat' dir='ltr'><strong>ascensionem</strong></span> <span class='ocrx_word' id='word_1_183' title='bbox 454 1255 599 1289; x_wconf 89' lang='lat' dir='ltr'><strong>Domini</strong></span> <span class='ocrx_word' id='word_1_184' title='bbox 619 1257 701 1290; x_wconf 83' lang='lat' dir='ltr'><strong>anni</strong></span> <span class='ocrx_word' id='word_1_185' title='bbox 719 1257 830 1302; x_wconf 80' lang='lat' dir='ltr'><strong>gratie</strong></span> <span class='ocrx_word' id='word_1_186' title='bbox 850 1257 887 1290; x_wconf 73' lang='lat' dir='ltr'><strong>Mi</strong></span> <span class='ocrx_word' id='word_1_187' title='bbox 908 1256 960 1290; x_wconf 68' lang='lat' dir='ltr'><strong>cc⁴¹</strong></span> <span class='ocrx_word' id='word_1_188' title='bbox 979 1257 1033 1290; x_wconf 52' lang='lat' dir='ltr'><strong>in</strong></span> <span class='ocrx_word' id='word_1_189' title='bbox 1059 1257 1081 1290; x_wconf 87' lang='lat' dir='ltr'><strong>ii</strong></span> <span class='ocrx_word' id='word_1_190' title='bbox 1102 1257 1136 1290; x_wconf 91' lang='lat' dir='ltr'><strong>in</strong></span> <span class='ocrx_word' id='word_1_191' title='bbox 1154 1257 1258 1303; x_wconf 87' lang='lat' dir='ltr'><strong>plena</strong></span> <span class='ocrx_word' id='word_1_192' title='bbox 1275 1258 1371 1291; x_wconf 88' lang='lat' dir='ltr'><strong>curia</strong></span> <span class='ocrx_word' id='word_1_193' title='bbox 1389 1258 1490 1305; x_wconf 82' lang='lat' dir='ltr'><strong>burgi</strong></span> <span class='ocrx_word' id='word_1_194' title='bbox 1509 1260 1551 1294; x_wconf 87' lang='lat' dir='ltr'><strong>de</strong></span> <span class='ocrx_word' id='word_1_195' title='bbox 1572 1260 1685 1294; x_wconf 77' lang='lat' dir='ltr'><strong>Ruth-</strong></span> 
     </span>
     <span class='ocr_line' id='line_1_19' title="bbox 201 1309 1684 1358; baseline 0.004 -14"><span class='ocrx_word' id='word_1_196' title='bbox 201 1309 295 1355; x_wconf 83' lang='lat' dir='ltr'><strong>glen.</strong></span> <span class='ocrx_word' id='word_1_197' title='bbox 349 1310 395 1344; x_wconf 75' lang='lat' dir='ltr'><strong>Et</strong></span> <span class='ocrx_word' id='word_1_198' title='bbox 414 1311 531 1358; x_wconf 80' lang='lat' dir='ltr'><strong>obligo</strong></span> <span class='ocrx_word' id='word_1_199' title='bbox 549 1325 604 1346; x_wconf 91' lang='lat' dir='ltr'><strong>me</strong></span> <span class='ocrx_word' id='word_1_200' title='bbox 624 1318 657 1346; x_wconf 86' lang='lat' dir='ltr'><strong>et</strong></span> <span class='ocrx_word' id='word_1_201' title='bbox 675 1313 821 1346; x_wconf 85' lang='lat' dir='ltr'><strong>heredes</strong></span> <span class='ocrx_word' id='word_1_202' title='bbox 840 1325 934 1346; x_wconf 87' lang='lat' dir='ltr'><strong>meos</strong></span> <span class='ocrx_word' id='word_1_203' title='bbox 953 1313 995 1346; x_wconf 84' lang='lat' dir='ltr'><strong>ad</strong></span> <span class='ocrx_word' id='word_1_204' title='bbox 1014 1312 1222 1347; x_wconf 79' lang='lat' dir='ltr'><strong>solutionem</strong></span> <span class='ocrx_word' id='word_1_205' title='bbox 1242 1314 1362 1348; x_wconf 88' lang='lat' dir='ltr'><strong>decem</strong></span> <span class='ocrx_word' id='word_1_206' title='bbox 1375 1314 1541 1349; x_wconf 88' lang='lat' dir='ltr'><strong>librarum</strong></span> <span class='ocrx_word' id='word_1_207' title='bbox 1553 1315 1684 1350; x_wconf 83' lang='lat' dir='ltr'><strong>sterlin-</strong></span> 
     </span>
     <span class='ocr_line' id='line_1_20' title="bbox 200 1367 1683 1415; baseline 0.005 -16"><span class='ocrx_word' id='word_1_208' title='bbox 200 1378 325 1411; x_wconf 79' lang='lat' dir='ltr'><strong>gorum</strong></span> <span class='ocrx_word' id='word_1_209' title='bbox 346 1367 489 1401; x_wconf 86' lang='lat' dir='ltr'><strong>nomine</strong></span> <span class='ocrx_word' id='word_1_210' title='bbox 507 1380 596 1414; x_wconf 86' lang='lat' dir='ltr'><strong>pene</strong></span> <span class='ocrx_word' id='word_1_211' title='bbox 615 1369 781 1415; x_wconf 53' lang='lat' dir='ltr'><strong>predictis</strong></span> <span class='ocrx_word' id='word_1_212' title='bbox 801 1368 930 1402; x_wconf 81' lang='lat' dir='ltr'><strong>Abbati</strong></span> <span class='ocrx_word' id='word_1_213' title='bbox 959 1374 994 1403; x_wconf 89' lang='lat' dir='ltr'><strong>et</strong></span> <span class='ocrx_word' id='word_1_214' title='bbox 1020 1370 1209 1403; x_wconf 86' lang='lat' dir='ltr'><strong>conventui</strong></span> <span class='ocrx_word' id='word_1_215' title='bbox 1236 1370 1427 1405; x_wconf 86' lang='lat' dir='ltr'><strong>faciendam</strong></span> <span class='ocrx_word' id='word_1_216' title='bbox 1447 1377 1528 1405; x_wconf 88' lang='lat' dir='ltr'><strong>ante</strong></span> <span class='ocrx_word' id='word_1_217' title='bbox 1547 1371 1614 1405; x_wconf 82' lang='lat' dir='ltr'><strong>litis</strong></span> <span class='ocrx_word' id='word_1_218' title='bbox 1633 1373 1683 1406; x_wconf 86' lang='lat' dir='ltr'><strong>in-</strong></span> 
     </span>
     <span class='ocr_line' id='line_1_21' title="bbox 199 1420 1682 1472; baseline 0.005 -17"><span class='ocrx_word' id='word_1_219' title='bbox 199 1420 360 1467; x_wconf 65' lang='lat' dir='ltr'><strong>gressum,</strong></span> <span class='ocrx_word' id='word_1_220' title='bbox 381 1421 403 1455; x_wconf 88' lang='lat' dir='ltr'>fi</span> <span class='ocrx_word' id='word_1_221' title='bbox 418 1423 533 1469; x_wconf 87' lang='lat' dir='ltr'><strong>aliquo</strong></span> <span class='ocrx_word' id='word_1_222' title='bbox 546 1430 704 1470; x_wconf 88' lang='lat' dir='ltr'><strong>tempore</strong></span> <span class='ocrx_word' id='word_1_223' title='bbox 723 1429 845 1458; x_wconf 81' lang='lat' dir='ltr'><strong>contra</strong></span> <span class='ocrx_word' id='word_1_224' title='bbox 862 1425 951 1458; x_wconf 88' lang='lat' dir='ltr'><strong>hanc</strong></span> <span class='ocrx_word' id='word_1_225' title='bbox 969 1425 1269 1459; x_wconf 83' lang='lat' dir='ltr'><strong>renunciationem</strong></span> <span class='ocrx_word' id='word_1_226' title='bbox 1290 1432 1324 1460; x_wconf 87' lang='lat' dir='ltr'><strong>et</strong></span> <span class='ocrx_word' id='word_1_227' title='bbox 1341 1427 1491 1472; x_wconf 77' lang='lat' dir='ltr'><strong>quietam</strong></span> <span class='ocrx_word' id='word_1_228' title='bbox 1508 1428 1682 1463; x_wconf 84' lang='lat' dir='ltr'><strong>clamatio-</strong></span> 
     </span>
     <span class='ocr_line' id='line_1_22' title="bbox 200 1479 1681 1528; baseline 0.005 -17"><span class='ocrx_word' id='word_1_229' title='bbox 200 1490 281 1511; x_wconf 86' lang='lat' dir='ltr'><strong>nem</strong></span> <span class='ocrx_word' id='word_1_230' title='bbox 299 1479 419 1513; x_wconf 81' lang='lat' dir='ltr'><strong>venire</strong></span> <span class='ocrx_word' id='word_1_231' title='bbox 438 1479 687 1526; x_wconf 85' lang='lat' dir='ltr'><strong>prelumamus.</strong></span> <span class='ocrx_word' id='word_1_232' title='bbox 739 1479 786 1514; x_wconf 88' lang='lat' dir='ltr'><strong>Et</strong></span> <span class='ocrx_word' id='word_1_233' title='bbox 803 1479 932 1514; x_wconf 79' lang='lat' dir='ltr'><strong>subicio</strong></span> <span class='ocrx_word' id='word_1_234' title='bbox 952 1493 1006 1515; x_wconf 86' lang='lat' dir='ltr'><strong>me</strong></span> <span class='ocrx_word' id='word_1_235' title='bbox 1025 1487 1059 1515; x_wconf 87' lang='lat' dir='ltr'><strong>et</strong></span> <span class='ocrx_word' id='word_1_236' title='bbox 1079 1481 1223 1515; x_wconf 78' lang='lat' dir='ltr'><strong>heredes</strong></span> <span class='ocrx_word' id='word_1_237' title='bbox 1249 1494 1345 1516; x_wconf 84' lang='lat' dir='ltr'><strong>meos</strong></span> <span class='ocrx_word' id='word_1_238' title='bbox 1369 1482 1603 1528; x_wconf 63' lang='lat' dir='ltr'><strong>jurisdictioni</strong></span> <span class='ocrx_word' id='word_1_239' title='bbox 1623 1485 1681 1519; x_wconf 91' lang='lat' dir='ltr'><strong>do-</strong></span> 
     </span>
     <span class='ocr_line' id='line_1_23' title="bbox 201 1534 1680 1584; baseline 0.005 -18"><span class='ocrx_word' id='word_1_240' title='bbox 201 1534 285 1567; x_wconf 89' lang='lat' dir='ltr'><strong>mini</strong></span> <span class='ocrx_word' id='word_1_241' title='bbox 305 1534 465 1581; x_wconf 84' lang='lat' dir='ltr'><strong>Episcopi</strong></span> <span class='ocrx_word' id='word_1_242' title='bbox 481 1535 702 1581; x_wconf 79' lang='lat' dir='ltr'><strong>Glasguenfis</strong></span> <span class='ocrx_word' id='word_1_243' title='bbox 720 1536 775 1569; x_wconf 84' lang='lat' dir='ltr'><strong>vel</strong></span> <span class='ocrx_word' id='word_1_244' title='bbox 795 1535 868 1582; x_wconf 86' lang='lat' dir='ltr'><strong>ejus</strong></span> <span class='ocrx_word' id='word_1_245' title='bbox 888 1536 1160 1570; x_wconf 79' lang='lat' dir='ltr'><strong>Archiadiaconi</strong></span> <span class='ocrx_word' id='word_1_246' title='bbox 1179 1538 1236 1582; x_wconf 87' lang='lat' dir='ltr'><strong>qui</strong></span> <span class='ocrx_word' id='word_1_247' title='bbox 1254 1550 1318 1584; x_wconf 88' lang='lat' dir='ltr'><strong>pro</strong></span> <span class='ocrx_word' id='word_1_248' title='bbox 1337 1543 1494 1584; x_wconf 88' lang='lat' dir='ltr'><strong>tempore</strong></span> <span class='ocrx_word' id='word_1_249' title='bbox 1512 1539 1627 1579; x_wconf 83' lang='lat' dir='ltr'><strong>fuerit,</strong></span> <span class='ocrx_word' id='word_1_250' title='bbox 1642 1547 1680 1575; x_wconf 88' lang='lat' dir='ltr'><strong>ut</strong></span> 
     </span>
     <span class='ocr_line' id='line_1_24' title="bbox 199 1589 1680 1638; baseline 0.004 -15"><span class='ocrx_word' id='word_1_251' title='bbox 199 1589 301 1623; x_wconf 85' lang='lat' dir='ltr'><strong>ambo</strong></span> <span class='ocrx_word' id='word_1_252' title='bbox 321 1590 375 1623; x_wconf 89' lang='lat' dir='ltr'><strong>vel</strong></span> <span class='ocrx_word' id='word_1_253' title='bbox 395 1590 483 1624; x_wconf 84' lang='lat' dir='ltr'><strong>alter</strong></span> <span class='ocrx_word' id='word_1_254' title='bbox 503 1604 625 1625; x_wconf 85' lang='lat' dir='ltr'><strong>eorum</strong></span> <span class='ocrx_word' id='word_1_255' title='bbox 644 1590 768 1638; x_wconf 87' lang='lat' dir='ltr'><strong>possint</strong></span> <span class='ocrx_word' id='word_1_256' title='bbox 786 1592 841 1625; x_wconf 82' lang='lat' dir='ltr'><strong>vel</strong></span> <span class='ocrx_word' id='word_1_257' title='bbox 856 1591 955 1638; x_wconf 80' lang='lat' dir='ltr'><strong>possit</strong></span> <span class='ocrx_word' id='word_1_258' title='bbox 969 1604 1033 1625; x_wconf 80' lang='lat' dir='ltr'><strong>nos</strong></span> <span class='ocrx_word' id='word_1_259' title='bbox 1047 1605 1109 1638; x_wconf 90' lang='lat' dir='ltr'><strong>per</strong></span> <span class='ocrx_word' id='word_1_260' title='bbox 1123 1592 1301 1626; x_wconf 82' lang='lat' dir='ltr'><strong>censuram</strong></span> <span class='ocrx_word' id='word_1_261' title='bbox 1316 1593 1569 1629; x_wconf 75' lang='lat' dir='ltr'><strong>ecclesiasticam</strong></span> <span class='ocrx_word' id='word_1_262' title='bbox 1589 1609 1680 1629; x_wconf 80' lang='lat' dir='ltr'><strong>com-</strong></span> 
     </span>
     <span class='ocr_line' id='line_1_25' title="bbox 198 1645 1679 1698; baseline 0.005 -19"><span class='ocrx_word' id='word_1_263' title='bbox 198 1645 328 1692; x_wconf 86' lang='lat' dir='ltr'><strong>pellere</strong></span> <span class='ocrx_word' id='word_1_264' title='bbox 347 1646 390 1679; x_wconf 87' lang='lat' dir='ltr'><strong>ad</strong></span> <span class='ocrx_word' id='word_1_265' title='bbox 410 1647 568 1693; x_wconf 64' lang='lat' dir='ltr'><strong>predffita</strong></span> <span class='ocrx_word' id='word_1_266' title='bbox 587 1648 700 1682; x_wconf 80' lang='lat' dir='ltr'><strong>onmia</strong></span> <span class='ocrx_word' id='word_1_267' title='bbox 721 1648 872 1682; x_wconf 84' lang='lat' dir='ltr'><strong>fideliter</strong></span> <span class='ocrx_word' id='word_1_268' title='bbox 890 1647 1104 1682; x_wconf 71' lang='lat' dir='ltr'><strong>observanda</strong></span> <span class='ocrx_word' id='word_1_269' title='bbox 1134 1654 1168 1682; x_wconf 85' lang='lat' dir='ltr'><strong>et</strong></span> <span class='ocrx_word' id='word_1_270' title='bbox 1198 1648 1374 1684; x_wconf 82' lang='lat' dir='ltr'><strong>solvenda.</strong></span> <span class='ocrx_word' id='word_1_271' title='bbox 1427 1650 1471 1684; x_wconf 90' lang='lat' dir='ltr'><strong>In</strong></span> <span class='ocrx_word' id='word_1_272' title='bbox 1502 1651 1600 1698; x_wconf 88' lang='lat' dir='ltr'><strong>cujus</strong></span> <span class='ocrx_word' id='word_1_273' title='bbox 1630 1653 1679 1686; x_wconf 89' lang='lat' dir='ltr'><strong>rei</strong></span> 
     </span>
     <span class='ocr_line' id='line_1_26' title="bbox 198 1701 1678 1751; baseline 0.005 -16"><span class='ocrx_word' id='word_1_274' title='bbox 198 1701 432 1736; x_wconf 83' lang='lat' dir='ltr'><strong>testimonium</strong></span> <span class='ocrx_word' id='word_1_275' title='bbox 451 1703 601 1749; x_wconf 85' lang='lat' dir='ltr'><strong>presenti</strong></span> <span class='ocrx_word' id='word_1_276' title='bbox 620 1702 745 1751; x_wconf 82' lang='lat' dir='ltr'><strong>scripto</strong></span> <span class='ocrx_word' id='word_1_277' title='bbox 764 1702 910 1749; x_wconf 68' lang='lat' dir='ltr'><strong>sigillum</strong></span> <span class='ocrx_word' id='word_1_278' title='bbox 931 1716 1047 1737; x_wconf 88' lang='lat' dir='ltr'><strong>meum</strong></span> <span class='ocrx_word' id='word_1_279' title='bbox 1066 1704 1206 1750; x_wconf 84' lang='lat' dir='ltr'><strong>apposui</strong></span> <span class='ocrx_word' id='word_1_280' title='bbox 1224 1719 1232 1746; x_wconf 84' lang='lat'>3</span> <span class='ocrx_word' id='word_1_281' title='bbox 1269 1704 1348 1738; x_wconf 84' lang='lat' dir='ltr'><strong>Hiis</strong></span> <span class='ocrx_word' id='word_1_282' title='bbox 1366 1705 1514 1746; x_wconf 86' lang='lat' dir='ltr'><strong>testibus,</strong></span> <span class='ocrx_word' id='word_1_283' title='bbox 1536 1707 1678 1742; x_wconf 86' lang='lat' dir='ltr'><strong>domino</strong></span> 
     </span>
     <span class='ocr_line' id='line_1_27' title="bbox 200 1756 1678 1807; baseline 0.005 -16"><span class='ocrx_word' id='word_1_284' title='bbox 200 1756 340 1791; x_wconf 88' lang='lat' dir='ltr'><strong>Thoma</strong></span> <span class='ocrx_word' id='word_1_285' title='bbox 371 1757 488 1792; x_wconf 83' lang='lat' dir='ltr'><strong>Croek</strong></span> <span class='ocrx_word' id='word_1_286' title='bbox 518 1759 639 1799; x_wconf 90' lang='lat' dir='ltr'><strong>milite,</strong></span> <span class='ocrx_word' id='word_1_287' title='bbox 672 1760 816 1793; x_wconf 88' lang='lat' dir='ltr'><strong>domino</strong></span> <span class='ocrx_word' id='word_1_288' title='bbox 847 1759 988 1794; x_wconf 84' lang='lat' dir='ltr'><strong>Thoma</strong></span> <span class='ocrx_word' id='word_1_289' title='bbox 1016 1761 1146 1794; x_wconf 83' lang='lat' dir='ltr'><strong>vicario</strong></span> <span class='ocrx_word' id='word_1_290' title='bbox 1165 1761 1207 1795; x_wconf 89' lang='lat' dir='ltr'><strong>de</strong></span> <span class='ocrx_word' id='word_1_291' title='bbox 1228 1760 1421 1807; x_wconf 80' lang='lat' dir='ltr'><strong>Rutliglen,</strong></span> <span class='ocrx_word' id='word_1_292' title='bbox 1457 1762 1617 1797; x_wconf 86' lang='lat' dir='ltr'><strong>Wilelmo</strong></span> <span class='ocrx_word' id='word_1_293' title='bbox 1636 1765 1678 1798; x_wconf 82' lang='lat' dir='ltr'><strong>cle</strong></span> 
     </span>
     <span class='ocr_line' id='line_1_28' title="bbox 200 1812 1678 1865; baseline 0.005 -19"><span class='ocrx_word' id='word_1_294' title='bbox 200 1812 377 1847; x_wconf 81' lang='lat' dir='ltr'><strong>Kathkert</strong></span> <span class='ocrx_word' id='word_1_295' title='bbox 395 1814 502 1849; x_wconf 83' lang='lat' dir='ltr'><strong>fratre</strong></span> <span class='ocrx_word' id='word_1_296' title='bbox 517 1828 606 1855; x_wconf 90' lang='lat' dir='ltr'><strong>meo,</strong></span> <span class='ocrx_word' id='word_1_297' title='bbox 630 1815 784 1850; x_wconf 88' lang='lat' dir='ltr'><strong>Ricardo</strong></span> <span class='ocrx_word' id='word_1_298' title='bbox 803 1816 846 1850; x_wconf 90' lang='lat' dir='ltr'><strong>de</strong></span> <span class='ocrx_word' id='word_1_299' title='bbox 866 1815 1022 1855; x_wconf 64' lang='lat' dir='ltr'><strong>BIernes,</strong></span> <span class='ocrx_word' id='word_1_300' title='bbox 1045 1816 1203 1850; x_wconf 87' lang='lat' dir='ltr'><strong>Henrico</strong></span> <span class='ocrx_word' id='word_1_301' title='bbox 1220 1816 1480 1859; x_wconf 80' lang='lat' dir='ltr'><strong>Constabilario‚</strong></span> <span class='ocrx_word' id='word_1_302' title='bbox 1500 1818 1678 1865; x_wconf 80' lang='lat' dir='ltr'><strong>prepositis</strong></span> 
     </span>
     <span class='ocr_line' id='line_1_29' title="bbox 199 1868 1674 1920; baseline 0.005 -18"><span class='ocrx_word' id='word_1_303' title='bbox 199 1869 242 1903; x_wconf 86' lang='lat' dir='ltr'><strong>de</strong></span> <span class='ocrx_word' id='word_1_304' title='bbox 263 1868 457 1916; x_wconf 79' lang='lat' dir='ltr'><strong>Ruthglen‚</strong></span> <span class='ocrx_word' id='word_1_305' title='bbox 492 1871 632 1905; x_wconf 86' lang='lat' dir='ltr'><strong>Thoma</strong></span> <span class='ocrx_word' id='word_1_306' title='bbox 651 1871 835 1912; x_wconf 59' lang='lat' dir='ltr'><strong>Tiiifitore,</strong></span> <span class='ocrx_word' id='word_1_307' title='bbox 865 1871 946 1905; x_wconf 84' lang='lat' dir='ltr'><strong>Ada</strong></span> <span class='ocrx_word' id='word_1_308' title='bbox 974 1872 1126 1912; x_wconf 55' lang='lat' dir='ltr'><strong>Pictore,</strong></span> <span class='ocrx_word' id='word_1_309' title='bbox 1159 1878 1194 1907; x_wconf 90' lang='lat' dir='ltr'><strong>et</strong></span> <span class='ocrx_word' id='word_1_310' title='bbox 1226 1872 1387 1920; x_wconf 82' lang='lat' dir='ltr'><strong>Philippo</strong></span> <span class='ocrx_word' id='word_1_311' title='bbox 1414 1874 1486 1908; x_wconf 90' lang='lat' dir='ltr'><strong>filio</strong></span> <span class='ocrx_word' id='word_1_312' title='bbox 1516 1875 1674 1915; x_wconf 80' lang='lat' dir='ltr'><strong>Henrici,</strong></span> 
     </span>
     <span class='ocr_line' id='line_1_30' title="bbox 201 1925 676 1961; baseline 0.002 -2"><span class='ocrx_word' id='word_1_313' title='bbox 201 1925 361 1960; x_wconf 83' lang='lat' dir='ltr'><strong>Roberto</strong></span> <span class='ocrx_word' id='word_1_314' title='bbox 381 1926 520 1961; x_wconf 86' lang='lat' dir='ltr'><strong>Clerico</strong></span> <span class='ocrx_word' id='word_1_315' title='bbox 540 1932 574 1961; x_wconf 87' lang='lat' dir='ltr'><strong>et</strong></span> <span class='ocrx_word' id='word_1_316' title='bbox 591 1927 676 1961; x_wconf 87' lang='lat' dir='ltr'><strong>aliis.</strong></span> 
     </span>
    </p>
   </div>
   <div class='ocr_carea' id='block_1_3' title="bbox 201 2093 898 2141">
    <p class='ocr_par' dir='ltr' id='par_1_3' title="bbox 201 2093 898 2141">
     <span class='ocr_line' id='line_1_31' title="bbox 201 2093 898 2141; baseline 0.003 -14"><span class='ocrx_word' id='word_1_317' title='bbox 201 2094 308 2128; x_wconf 88' lang='lat' dir='ltr'><strong>Carta</strong></span> <span class='ocrx_word' id='word_1_318' title='bbox 326 2094 369 2128; x_wconf 89' lang='lat' dir='ltr'><strong>de</strong></span> <span class='ocrx_word' id='word_1_319' title='bbox 389 2093 628 2129; x_wconf 80' lang='lat' dir='ltr'><strong>Tendehows&#39;</strong></span> <span class='ocrx_word' id='word_1_320' title='bbox 646 2095 682 2128; x_wconf 92' lang='lat' dir='ltr'><strong>in</strong></span> <span class='ocrx_word' id='word_1_321' title='bbox 704 2095 898 2141; x_wconf 83' lang='lat' dir='ltr'><strong>Ruthglen.</strong></span> 
     </span>
    </p>
   </div>
   <div class='ocr_carea' id='block_1_4' title="bbox 199 2204 1674 2309">
    <p class='ocr_par' dir='ltr' id='par_1_4' title="bbox 199 2204 1674 2309">
     <span class='ocr_line' id='line_1_32' title="bbox 200 2204 1674 2255; baseline 0.005 -16"><span class='ocrx_word' id='word_1_322' title='bbox 200 2205 480 2240; x_wconf 84' lang='lat' dir='ltr'>UNIVERSIS</span> <span class='ocrx_word' id='word_1_323' title='bbox 498 2204 615 2239; x_wconf 63' lang='lat' dir='ltr'><strong>sancte</strong></span> <span class='ocrx_word' id='word_1_324' title='bbox 633 2206 753 2240; x_wconf 86' lang='lat' dir='ltr'><strong>matris</strong></span> <span class='ocrx_word' id='word_1_325' title='bbox 771 2205 908 2241; x_wconf 77' lang='lat' dir='ltr'><strong>ecclesie</strong></span> <span class='ocrx_word' id='word_1_326' title='bbox 926 2206 1004 2240; x_wconf 82' lang='lat' dir='ltr'><strong>filiis</strong></span> <span class='ocrx_word' id='word_1_327' title='bbox 1022 2205 1065 2239; x_wconf 86' lang='lat' dir='ltr'><strong>ad</strong></span> <span class='ocrx_word' id='word_1_328' title='bbox 1084 2218 1233 2251; x_wconf 88' lang='lat' dir='ltr'><strong>quorum</strong></span> <span class='ocrx_word' id='word_1_329' title='bbox 1251 2207 1410 2242; x_wconf 85' lang='lat' dir='ltr'><strong>notitiam</strong></span> <span class='ocrx_word' id='word_1_330' title='bbox 1429 2209 1602 2255; x_wconf 83' lang='lat' dir='ltr'><strong>presentes</strong></span> <span class='ocrx_word' id='word_1_331' title='bbox 1621 2212 1674 2247; x_wconf 86' lang='lat' dir='ltr'><strong>lit-</strong></span> 
     </span>
     <span class='ocr_line' id='line_1_33' title="bbox 199 2261 1674 2309; baseline 0.005 -14"><span class='ocrx_word' id='word_1_332' title='bbox 199 2267 274 2297; x_wconf 86' lang='lat' dir='ltr'><strong>tere</strong></span> <span class='ocrx_word' id='word_1_333' title='bbox 292 2262 516 2308; x_wconf 82' lang='lat' dir='ltr'><strong>pervenerint</strong></span> <span class='ocrx_word' id='word_1_334' title='bbox 532 2261 685 2297; x_wconf 83' lang='lat' dir='ltr'><strong>Jacobus</strong></span> <span class='ocrx_word' id='word_1_335' title='bbox 703 2261 916 2296; x_wconf 84' lang='lat' dir='ltr'><strong>Senescallus</strong></span> <span class='ocrx_word' id='word_1_336' title='bbox 935 2262 1097 2295; x_wconf 85' lang='lat' dir='ltr'><strong>dominus</strong></span> <span class='ocrx_word' id='word_1_337' title='bbox 1115 2262 1157 2296; x_wconf 91' lang='lat' dir='ltr'><strong>de</strong></span> <span class='ocrx_word' id='word_1_338' title='bbox 1178 2262 1327 2309; x_wconf 73' lang='lat' dir='ltr'><strong>Kylbrid</strong></span> <span class='ocrx_word' id='word_1_339' title='bbox 1343 2262 1486 2300; x_wconf 81' lang='lat' dir='ltr'><strong>salutem</strong></span> <span class='ocrx_word' id='word_1_340' title='bbox 1501 2267 1536 2300; x_wconf 87' lang='lat' dir='ltr'><strong>in</strong></span> <span class='ocrx_word' id='word_1_341' title='bbox 1552 2267 1674 2302; x_wconf 87' lang='lat' dir='ltr'><strong>Domi-</strong></span> 
     </span>
    </p>
   </div>
   <div class='ocr_carea' id='block_1_5' title="bbox 199 2317 1673 2407">
    <p class='ocr_par' dir='ltr' id='par_1_5' title="bbox 199 2317 1673 2407">
     <span class='ocr_line' id='line_1_34' title="bbox 199 2317 1673 2367; baseline 0.005 -16"><span class='ocrx_word' id='word_1_342' title='bbox 199 2330 246 2351; x_wconf 91' lang='lat' dir='ltr'><strong>no</strong></span> <span class='ocrx_word' id='word_1_343' title='bbox 264 2317 519 2364; x_wconf 84' lang='lat' dir='ltr'><strong>sempiternam.</strong></span> <span class='ocrx_word' id='word_1_344' title='bbox 571 2317 751 2352; x_wconf 86' lang='lat' dir='ltr'><strong>Noveritis</strong></span> <span class='ocrx_word' id='word_1_345' title='bbox 768 2330 835 2358; x_wconf 87' lang='lat' dir='ltr'><strong>me,</strong></span> <span class='ocrx_word' id='word_1_346' title='bbox 856 2317 972 2352; x_wconf 88' lang='lat' dir='ltr'><strong>divine</strong></span> <span class='ocrx_word' id='word_1_347' title='bbox 991 2318 1141 2352; x_wconf 82' lang='lat' dir='ltr'><strong>caritatis</strong></span> <span class='ocrx_word' id='word_1_348' title='bbox 1158 2319 1288 2353; x_wconf 87' lang='lat' dir='ltr'><strong>intuitu</strong></span> <span class='ocrx_word' id='word_1_349' title='bbox 1306 2325 1340 2354; x_wconf 87' lang='lat' dir='ltr'><strong>et</strong></span> <span class='ocrx_word' id='word_1_350' title='bbox 1358 2333 1421 2367; x_wconf 89' lang='lat' dir='ltr'><strong>pro</strong></span> <span class='ocrx_word' id='word_1_351' title='bbox 1439 2321 1545 2357; x_wconf 88' lang='lat' dir='ltr'><strong>salute</strong></span> <span class='ocrx_word' id='word_1_352' title='bbox 1559 2325 1673 2358; x_wconf 83' lang='lat' dir='ltr'><strong>anime</strong></span> 
     </span>
     <span class='ocr_line' id='line_1_35' title="bbox 908 2376 970 2407; baseline 0 0"><span class='ocrx_word' id='word_1_353' title='bbox 908 2376 931 2407; x_wconf 81' lang='lat'>3</span> <span class='ocrx_word' id='word_1_354' title='bbox 950 2385 970 2407; x_wconf 79' lang='lat' dir='ltr'>B</span> 
     </span>
    </p>
   </div>
  </div>
 </body>
</html>
