1870 2683
756 279 826 314 DE
861 279 1130 315 PASSELET.
1617 286 1689 318 323

200 377 279 417 bris,
312 376 509 411 indictione
534 377 651 417 tertia,
684 378 910 424 pontificatus
933 375 1130 412 sanctiffimi
1154 377 1191 411 in
1216 376 1354 412 Christo
1372 378 1480 425 patris
1498 383 1533 413 et
1551 378 1684 413 domini

197 432 304 467 nostri
323 432 456 467 domini
476 433 576 468 Pauli
596 433 715 468 divina
740 434 962 481 providentia
979 447 1068 481 pape
1085 433 1226 469 secundi
1246 447 1339 469 anno
1366 434 1485 478 sext03
1516 434 1685 469 Presenti-

198 489 262 523 biis
280 489 408 523 ibidem
423 490 583 536 egregiis,
603 490 859 525 venerabilibus
878 496 913 525 et
931 490 1190 538 circumspectis
1202 491 1284 526 viris
1302 491 1470 538 magistris
1485 496 1520 525 et
1534 491 1684 526 dominis

200 546 356 580 Vilelmo
375 546 418 580 de
437 546 611 581 Arthurle
631 547 855 582 decretorum
873 547 1021 582 doctore
1039 547 1198 593 almeque
1216 546 1449 582 universitatis
1462 546 1684 594 Glaiguenfis

200 603 350 643 rectore,
371 601 527 637 Vilelmo
548 603 691 650 Sympil,
713 603 861 638 Aiidrea
880 603 1032 644 Steuart,
1053 603 1230 638 canonicis
1248 602 1529 650 Glasguenfibus,
1549 603 1683 639 ,Iacobo

201 660 243 693 de
263 659 444 694 Crechton
470 659 649 704 [ecclefie]
677 660 861 706 collegiate
893 660 935 694 de
967 659 1211 701 Linclowdan,
1245 660 1366 695 Dauid
1393 660 1493 701 Grai,
1524 660 1684 695 Henrico

201 715 336 750 Nwton
355 716 391 749 in
409 715 541 750 artibus
558 715 737 762 magisti·iS‚
770 716 935 750 Dominis
952 716 1117 752 ,Iohanne
1136 716 1166 751 F
1168 716 1298 764 eiiyson
1318 717 1448 751 vicario
1468 717 1510 751 de
1530 716 1683 757 Estwod,

200 778 235 806 et
254 771 405 806 Patricio
425 772 552 807 Bunch
570 772 766 819 presbiteris
798 772 1021 819 Glaiguenfis
1051 773 1203 814 diocesis,
1236 786 1314 808 cum
1347 772 1486 808 diversis
1504 774 1579 808 aliis
1597 773 1687 808 testi-

200 829 265 863 bus
282 829 326 863 ad
343 827 504 876 premifl'a
521 829 654 864 vocatis
673 835 707 864 et
725 829 918 876 specialiter
937 828 1116 876 requisitis.

298 885 346 919 Et
364 897 429 931 ego
447 884 471 920 J
473 885 629 920 ohannes
659 885 701 920 de
732 885 864 920 Reston
894 885 1062 933 presbiter
1094 885 1315 933 Glasguenfis
1343 886 1495 927 diocefis,
1527 887 1686 934 publicus

297 941 508 975 auctoritate
526 941 698 988 imperiali
716 942 874 976 notarius
889 942 1083 989 prefatique
1096 943 1228 977 domini
1241 942 1264 978 J
1266 942 1376 976 udicis
1388 942 1507 983 scriba,
1520 941 1687 990 premisfis

294 997 493 1032 litterarum
507 997 769 1044 presentationi,
786 999 991 1046 receptioni,
1006 998 1226 1046 inspectioni,
1241 1012 1339 1033 exem
1345 999 1502 1046 plationi,
1517 999 1686 1039 citationi,

298 1054 527 1101 publicationi
545 1060 580 1089 et
599 1055 753 1096 decreto,
783 1055 973 1102 ceterisque
1003 1055 1165 1090 omnibus
1184 1061 1219 1090 et
1236 1054 1378 1102 fingulis
1397 1056 1480 1090 dum
1498 1054 1541 1090 fic
1559 1069 1622 1103 per
1640 1056 1689 1090 fa-

300 1117 374 1145 tuin
394 1111 576 1145 dominum
596 1111 618 1147 J
622 1111 759 1146 udicem
775 1118 812 1146 ut
827 1112 1044 1159 premittitur
1063 1118 1264 1159 agerentur,
1285 1113 1487 1147 dicerentur
1501 1118 1536 1147 et
1550 1113 1687 1153 fierent,

299 1180 450 1201 unacum
470 1168 723 1214 prenominatis
741 1167 882 1203 testibus
899 1168 1039 1216 presens
1057 1168 1210 1210 interfui,
1232 1182 1340 1216 eaque
1359 1168 1401 1204 fic
1415 1170 1492 1204 fieri
1506 1170 1587 1210 vidi,
1607 1169 1688 1204 scivi

299 1230 333 1257 et
351 1223 469 1257 audivi
489 1230 523 1258 et
540 1224 577 1258 in
595 1229 716 1259 notam
730 1223 866 1272 sunipfi,
887 1238 926 1259 ac
945 1225 1026 1259 inde
1040 1224 1218 1273 presentes
1232 1225 1366 1260 litteras
1380 1225 1439 1260 seu
1453 1225 1593 1274 presens
1604 1226 1689 1274 pub-

299 1281 405 1315 licum
424 1281 694 1316 instrumentum
713 1295 820 1317 manu
839 1282 983 1317 alterius
1002 1281 1166 1329 scriptum
1187 1283 1229 1317 de
1248 1283 1413 1317 mandato
1437 1281 1538 1330 ipfius
1556 1283 1690 1317 domini

301 1337 470 1372 Officialis
489 1338 636 1378 confeci,
656 1338 833 1385 publicavi
853 1345 887 1373 ct
906 1339 942 1372 iii
960 1340 1050 1374 hanc
1067 1339 1242 1386 publicam
1261 1339 1409 1373 formam
1429 1339 1559 1385 redegi,
1580 1338 1690 1386 ligno-

299 1407 366 1440 que
386 1400 420 1428 et
438 1395 582 1428 nomine
597 1395 683 1429 meis
697 1394 804 1429 solitis
819 1401 853 1429 et
866 1395 1051 1436 consuetis,
1071 1408 1223 1430 unacum
1239 1394 1392 1443 ejusdem
1408 1395 1541 1430 domini
1555 1396 1690 1432 Judicis

302 1450 402 1497 sigilli
421 1450 525 1485 officii
543 1450 764 1498 appensione,
784 1465 840 1486 nie
860 1451 1105 1486 subscribendo
1123 1451 1264 1498 signavi,
1284 1457 1427 1498 rogatus
1445 1458 1480 1486 et
1498 1451 1689 1499 requifitus,

301 1508 336 1541 in
355 1507 461 1542 fidem
481 1514 515 1542 et
533 1508 769 1543 testiinonium
789 1509 947 1543 oninium
967 1514 1000 1543 et
1019 1507 1234 1555 singulorum
1252 1507 1507 1555 premissorum.

210 1678 265 1712 De
284 1677 591 1725 procurationibus
609 1676 830 1712 ecclesiarum
849 1678 939 1711 infra
958 1675 1118 1711 diocesim
1133 1676 1399 1723 Glalguensem.

210 1790 490 1826 UNIVERSIS
510 1790 637 1825 Christi
655 1790 816 1825 fidelibus
843 1789 984 1837 presens
1002 1789 1166 1838 scriptum
1198 1791 1370 1825 audituris
1400 1791 1456 1826 vel
1486 1791 1693 1839 inspecturis

208 1847 368 1894 magister
389 1847 500 1894 Hugo
518 1847 794 1887 archidiaconus,
830 1846 1008 1881 Robertus
1026 1852 1215 1894 precentor
1242 1846 1484 1894 Ghsgwenfis,
1519 1847 1693 1882 Radulfus

210 1904 343 1938 domini
363 1903 472 1949 Regis
491 1903 607 1938 Scotie
625 1903 836 1949 capellanus,
857 1903 1017 1950 magister
1036 1903 1251 1938 Christianus
1270 1903 1428 1945 clericus,
1449 1904 1631 1952 Philippus
1649 1905 1691 1938 de

210 1960 361 1994 Pertliec
379 1959 498 1994 rector
516 1958 655 1994 ecclesie
674 1959 718 1993 de.
738 1959 973 2006 Ruthreglen,
994 1965 1151 1994 eternam
1164 1960 1201 1994 in
1216 1960 1375 1994 Domino
1391 1960 1547 1995 salutem.
1601 1960 1692 1994 Cum

209 2014 445 2050 controversia
462 2020 558 2050 mota
584 2014 667 2050 eflet
696 2016 788 2050 inter
805 2015 1042 2050 venerabilem
1060 2021 1196 2063 patrem
1219 2016 1412 2051 Walterum
1440 2015 1691 2063 Glasguenseni

210 2072 408 2119 episcopum
427 2084 470 2106 ex
487 2076 587 2118 parte
605 2084 677 2105 una
694 2076 729 2105 et
748 2070 952 2106 Wilelmuni
981 2072 1157 2106 Abbateni
1175 2078 1211 2106 et
1228 2077 1442 2107 conventum
1474 2073 1516 2106 de
1546 2070 1693 2106 Pafl'elet

210 2141 253 2162 ex
271 2127 391 2168 altera,
420 2126 523 2174 super
540 2128 846 2174 procurationibus
865 2129 1046 2175 exigendis
1064 2129 1107 2162 de
1126 2127 1273 2162 ecclefiis
1303 2128 1347 2162 ad
1375 2128 1621 2163 monasterium
1649 2129 1691 2163 de

213 2181 361 2218 Paffelet
378 2183 416 2217 in
434 2181 560 2217 diocesi
578 2182 784 2229 Glasguenfi
803 2183 1091 2231 [spectantibus‚]
1110 2185 1253 2219 tandem
1273 2185 1388 2219 dictus
1406 2185 1569 2220 dominus
1596 2186 1692 2234 Epis-

210 2252 329 2287 copus,
351 2240 394 2274 de
407 2239 549 2287 capituli
567 2238 618 2274 fiii
636 2237 778 2280 afl'ensu,
800 2246 834 2274 et
852 2241 944 2275 idem
961 2241 1081 2275 Abbas
1100 2246 1134 2275 et
1152 2246 1347 2275 conventus
1362 2241 1404 2276 de
1418 2239 1564 2277 Paffelet
1578 2243 1614 2277 in
1628 2256 1692 2277 nos

209 2295 437 2330 amicabiliter
456 2294 771 2342 compromiserunt
789 2301 829 2330 ut
847 2302 958 2332 certas
975 2297 1242 2344 procurationes
1262 2297 1304 2332 de
1324 2297 1476 2345 ejusdem
1495 2299 1691 2334 monasterii

211 2351 369 2393 ecclesiis,
389 2351 433 2387 ad
450 2364 573 2400 pacem
588 2351 768 2398 utriusque
785 2353 894 2399 partis
911 2358 1130 2401 perpetuam,
1146 2354 1294 2401 provida
1305 2354 1556 2391 deliberatione
1574 2362 1693 2390 taxare
