1839 2652
742 252 813 287 DE
846 252 1115 287 PASSELET.
1606 256 1676 290 ί265

199 356 234 386 et
261 348 507 385 successoribus
525 349 649 384 nostris
667 349 795 383 factam
814 354 848 383 et
867 356 1018 384 creatam
1050 362 1113 396 per
1142 349 1464 385 excellentissimum
1493 351 1673 386 dominum

200 407 347 453 Regem,
368 412 474 453 prout
492 407 528 440 in
547 412 643 440 carta
660 405 720 439 sub
739 405 800 439 suo
819 419 946 452 magno
966 405 1074 452 figillo
1094 404 1239 452 desuper
1258 407 1420 441 confecta
1437 408 1575 454 plenius
1593 420 1674 442 con-

196 464 340 503 tinetur,
374 463 452 497 ideo
471 475 545 503 nos,
576 462 694 496 habito
714 461 814 508 super
845 462 911 496 hoc
929 463 1024 509 prius
1043 462 1201 508 diligenti
1221 464 1386 504 tractatu,
1418 464 1569 499 utilitate
1588 464 1674 499 dieti

196 520 302 554 nostri
320 519 517 553 monasterii
535 519 690 564 undique
708 517 844 565 previsa
862 524 896 552 et
913 517 1064 565 pensata,
1086 531 1164 552 cum
1184 518 1349 553 consensu
1364 525 1398 554 et
1416 517 1545 554 affensu
1565 521 1673 554 totius

197 576 339 622 capituli
366 575 471 609 nostri
490 574 728 621 capitulariter
747 574 963 620 congregati,
993 571 1131 613 dedisse,
1163 573 1366 615 concefliffe,
1387 574 1548 610 affedaffe
1577 582 1611 610 et
1629 576 1673 610 ad

195 631 424 665 feodifirmam
445 628 600 664 dimififfe
620 635 654 663 et
672 630 735 665 hac
754 629 903 676 presenti
923 634 1019 663 carta
1036 629 1151 663 nostra
1166 629 1394 671 confirmaffe,
1416 644 1555 666 necnon
1575 632 1669 672 dare,

195 688 399 727 concedere,
415 685 566 720 affedare
585 691 621 719 et
638 686 681 719 ad
700 686 930 719 feodifirmam
950 685 1125 719 dimittere
1145 691 1178 719 et
1197 685 1261 720 hac
1279 685 1430 732 presenti
1443 693 1538 722 carta
1556 688 1671 722 nostra

195 743 414 782 confirmare,
435 742 572 776 dilectis
590 741 713 775 nostris
734 740 922 788 Prepofito,
952 740 1098 781 ballivis,
1126 741 1352 788 burgenlibus
1371 749 1406 777 et
1424 744 1669 778 communitati

193 799 295 845 burgi
314 798 419 832 nostri
439 798 481 832 de
502 796 648 837 Passeto,
677 802 790 830 totum
810 802 845 830 et
863 797 1040 842 integrum
1060 797 1194 830 dictum
1214 797 1367 832 nostrum
1388 799 1538 845 burgum
1557 801 1593 834 in
1612 801 1671 835 ba-

192 855 293 888 ronia
311 867 388 888 cum
408 853 638 900 pertinentiis,
653 853 831 899 jacentem
846 853 882 886 in
898 852 1078 898 regalitate
1093 852 1208 890 nostra
1221 853 1263 887 de
1278 853 1411 888 Palleto
1427 861 1461 889 et
1475 856 1565 890 infra
1579 857 1669 891 vice-

192 910 395 944 comitatum
416 909 459 943 de
480 908 662 949 Reinfreu,
682 908 773 942 infra
790 908 923 942 bondas
943 914 977 942 et
995 908 1123 942 limites
1141 909 1385 956 infrascriptas,
1405 912 1568 946 videlicet
1586 914 1669 947 inci-

191 965 320 1013 piendo
339 966 383 999 ad
401 965 506 999 finem
526 965 642 1012 pontis
661 965 704 999 de
725 964 857 999 Passeto
873 963 974 1011 super
992 977 1116 1010 aquam
1136 964 1178 998 de
1200 964 1300 1005 Kert,
1330 971 1365 1000 et
1383 965 1426 1000 fic
1445 968 1668 1003 extendendo

190 1034 252 1068 per
270 1021 384 1056 vicum
405 1021 540 1067 regium
559 1020 677 1055 versus
696 1021 913 1055 occidentem
945 1019 1052 1066 usque
1071 1021 1113 1054 ad
1143 1021 1317 1055 venellam
1338 1022 1442 1069 juxta
1468 1024 1498 1058 le
1521 1024 1669 1059 Welme-

191 1078 282 1118 dow,
311 1083 345 1112 et
364 1077 405 1111 ab
424 1077 505 1111 hinc
523 1077 694 1123 equaliter
712 1077 929 1112 ascendendo
948 1076 1065 1110 versus
1096 1076 1238 1111 boream
1267 1091 1330 1125 per
1356 1078 1475 1114 fofl'am
1494 1085 1667 1115 terrarum

189 1133 232 1167 de
259 1132 480 1168 Oxschawfid
500 1132 606 1179 usque
624 1133 668 1167 ad
686 1131 803 1167 silvam
825 1133 868 1167 de
888 1131 1063 1167 Oxschaw
1076 1132 1167 1167 inter
1185 1134 1381 1180 predictam
1396 1134 1513 1170 filvam
1528 1149 1668 1172 necnon

188 1188 402 1237 paffuagium
421 1191 465 1224 ad
485 1203 672 1224 commune
691 1190 776 1224 dicti
794 1189 896 1235 burgi
916 1195 950 1223 et
969 1189 998 1223 le
1018 1188 1236 1236 Bruymdyk,
1258 1204 1325 1236 que
1344 1193 1502 1226 extendit
1520 1206 1582 1240 per
1599 1199 1667 1227 ter-

189 1259 243 1280 ras
262 1246 304 1280 de
324 1246 502 1280 Snawdon
521 1259 541 1280 a
559 1246 737 1280 communi
756 1246 841 1280 difiti
860 1246 961 1293 burgi
980 1247 1023 1280 ad
1038 1260 1161 1292 aquam
1182 1248 1224 1281 de
1239 1247 1330 1282 Kert
1345 1262 1387 1283 ex
1406 1256 1504 1296 parte
1522 1250 1665 1291 boreali,

189 1308 224 1336 et
236 1302 367 1336 dictam
387 1314 510 1348 aquam
530 1302 573 1336 de
595 1302 686 1336 Kert
704 1314 843 1336 necnon
862 1308 1059 1337 torrentem
1079 1303 1122 1336 de
1138 1302 1294 1349 Espedar
1313 1311 1472 1352 exparte
1491 1307 1664 1347 orientali,

185 1363 219 1392 et
237 1358 267 1392 le
285 1358 436 1392 mustard
453 1358 539 1405 yard
557 1372 597 1393 ac
614 1359 730 1393 vicum
749 1358 998 1393 extendentem
1018 1372 1061 1392 ex
1078 1358 1216 1397 australi
1234 1366 1333 1407 parte
1352 1362 1476 1396 domus
1494 1362 1516 1398 J
1520 1363 1665 1397 ohannis

190 1413 339 1461 Murray
367 1420 401 1448 et
419 1413 462 1448 fic
493 1427 555 1461 per
586 1414 700 1461 sepem
733 1415 983 1449 extendentem
1015 1414 1117 1462 supra
1144 1415 1249 1450 finem
1282 1418 1534 1453 occidentalem
1566 1420 1609 1454 de
1636 1420 1666 1454 le

188 1470 409 1517 Quhytfauld
428 1483 470 1505 ex
488 1476 586 1518 parte
605 1470 754 1511 australi,
775 1477 809 1505 et
829 1471 963 1505 dietum
981 1472 1011 1506 le
1031 1472 1251 1518 Quhytfauld
1270 1486 1408 1508 necnon
1422 1481 1555 1522 partem
1572 1489 1664 1510 com—

187 1528 302 1561 munis
321 1527 406 1561 dicti
425 1527 527 1573 burgi
546 1540 585 1562 ac
603 1527 736 1562 dictum
757 1527 787 1562 le
806 1527 1026 1562 WVelmedow
1046 1534 1080 1562 et
1098 1527 1217 1562 fofl'am
1237 1529 1410 1565 dictarum
1429 1537 1603 1567 terrarum
1622 1533 1665 1567 de

187 1582 409 1618 Oxschawfid
428 1597 471 1618 ex
489 1590 588 1631 parte
607 1584 826 1624 occidentali,
847 1584 1002 1631 partibus
1022 1584 1064 1617 ab
1078 1597 1148 1618 una
1167 1590 1201 1619 et
1219 1585 1339 1626 altera,
1359 1599 1423 1633 pro
1442 1589 1662 1629 tenementiS,

186 1639 419 1674 manlionibus
437 1646 472 1675 et
502 1641 587 1674 ortis
618 1640 720 1675 dicitis
737 1639 921 1687 prepofito,
950 1640 1096 1681 ballivis,
1127 1641 1351 1688 burgensibus
1370 1648 1405 1677 et
1423 1645 1665 1679 communitati

186 1696 387 1730 edificandis
406 1701 440 1730 et
458 1696 710 1737 construendis,
732 1702 839 1743 prout
860 1695 1000 1742 lingulis
1019 1709 1139 1730 eorum
1159 1710 1221 1743 per
1236 1710 1300 1731 nos
1313 1704 1347 1733 et
1362 1699 1495 1733 dictum
1509 1700 1664 1735 nostrum

185 1757 400 1786 conventum
419 1765 481 1799 per
500 1758 612 1786 cartas
631 1752 763 1786 nostras
781 1753 816 1786 in
835 1752 1032 1787 feodifirma
1049 1751 1243 1801 specialiter
1269 1752 1457 1800 aflignatur
1475 1756 1531 1790 seu
1551 1757 1587 1791 in
1613 1757 1664 1791 fu-

185 1812 304 1840 turum
333 1805 570 1853 assignabitur,
602 1820 755 1842 unacum
785 1808 888 1842 certis
918 1808 1005 1842 acris
1036 1808 1079 1842 de
1110 1809 1420 1856 propinquioribus
1446 1813 1548 1847 terris
1574 1814 1664 1848 infra

185 1862 314 1896 limites
335 1868 370 1896 et
386 1862 520 1896 bondas
538 1863 714 1909 predictas
735 1863 933 1910 jacentibus
951 1864 1092 1898 cuilibet
1110 1870 1325 1907 tenemento,
1346 1867 1512 1903 manfioni
1531 1876 1565 1904 et
1584 1876 1662 1904 orto

184 1917 358 1964 affignatis
376 1917 436 1952 seu
453 1917 671 1965 affignandis,
694 1919 798 1966 juxta
827 1925 986 1954 tenorem
1006 1920 1179 1955 dictarum
1199 1922 1393 1958 nostrarum
1412 1931 1585 1960 cartarum
1605 1927 1662 1960 de-

184 1973 288 2021 super
307 1974 479 2008 saetarum
498 1974 556 2009 seu
574 1975 882 2010 conficiendarum.
936 1976 1082 2023 Insuper
1100 1978 1309 2013 anneximus
1338 1986 1372 2014 et
1400 1981 1663 2028 incorporamus

184 2030 325 2070 toftum,
347 2030 480 2071 domos,
501 2031 646 2071 edificia,
666 2030 859 2066 manslones
877 2038 912 2067 et
930 2038 1026 2067 ortos
1043 2038 1218 2068 terrarum
1248 2035 1290 2069 de
1311 2035 1444 2070 Sedhill
1463 2038 1506 2072 ad
1525 2038 1662 2073 liberta-

185 2090 255 2119 tem
276 2090 310 2119 et
328 2085 548 2132 privilegium
569 2087 654 2120 dieti
673 2086 780 2121 nostri
798 2088 900 2135 burgi
917 2089 954 2123 in
968 2089 1116 2123 baronia
1134 2090 1176 2124 de
1196 2090 1332 2125 Passeto
1344 2094 1522 2139 perpetuis
1539 2094 1666 2129 futuris

186 2141 404 2187 temporibus
422 2140 632 2187 possidenda.
685 2143 742 2177 Ac
760 2144 864 2178 etiam
883 2145 1042 2179 dedimus
1060 2151 1095 2179 et
1113 2145 1348 2188 concessimus,
1376 2147 1603 2185 affedavimus
1629 2157 1664 2186 et

187 2196 232 2230 ad
249 2196 480 2230 feodifirmam
512 2195 708 2239 dimifimuS,
736 2211 877 2234 necnon
907 2201 1041 2241 damus,
1074 2202 1311 2244 concedimus,
1341 2202 1532 2240 affedamus
1558 2213 1593 2242 et
1619 2210 1663 2243 ad

186 2251 420 2286 feodifirmam
441 2252 647 2287 dimittimus
665 2254 767 2288 dietis
786 2255 976 2303 Prepofito,
995 2258 1142 2299 ballivis,
1171 2258 1399 2306 burgensibus
1418 2267 1452 2296 et
1471 2267 1663 2300 communi-

185 2308 248 2342 tati
269 2308 354 2343 dicti
373 2307 479 2343 nostri
498 2308 598 2355 burgi
631 2309 674 2344 de
694 2309 811 2357 Passay
830 2318 865 2346 et
892 2325 1016 2348 eorum
1044 2312 1292 2351 fixecefl'oribus
1321 2318 1380 2364 qui
1410 2331 1474 2365 pro
1505 2325 1662 2368 tempore
