1839 2652
740 287 810 322 DE
838 286 1109 322 PASSELET.
1575 293 1643 323 255

160 384 361 419 hominibus
379 385 487 419 totius
505 389 598 419 terre
616 383 675 419 sue
694 384 828 418 clericis
860 390 894 418 et
925 385 1019 419 laicis
1046 384 1203 419 salutem.
1257 385 1376 419 Sciant
1404 383 1580 431 presentes
1611 390 1645 419 et

158 440 268 475 futuri
287 454 342 475 me
362 439 489 475 dediffe
509 446 543 475 et
562 438 756 475 conceffiffe
775 446 809 475 et
827 440 891 475 hac
910 446 1005 475 carta
1023 454 1101 475 mea
1118 439 1335 475 confirmaffe
1351 440 1432 475 Deo
1451 446 1487 476 et
1505 440 1644 475 ecclefie

160 497 202 531 de
222 495 369 532 Paffelet
387 502 422 531 et
439 497 618 531 monachis
636 496 765 531 ibidem
784 496 865 531 Deo
884 495 1123 538 servientibus,
1144 510 1250 532 unam
1266 502 1482 532 carrucatam
1497 502 1590 531 terre
1610 497 1645 531 in

161 552 412 593 Hastenesden,
441 553 534 587 illam
552 552 681 587 scilicet
699 565 802 599 quam
823 552 1020 588 Edwardus
1038 553 1141 587 abbas
1170 552 1392 588 Melrosenfis
1411 558 1445 588 et
1465 553 1646 601 Philippus

161 609 203 643 de
222 609 352 644 Valon‘
370 615 405 644 et
424 609 601 644 VValterus
620 608 754 644 Corbet
786 609 980 644 vicecomes
1008 622 1106 644 meus
1135 610 1182 644 eis
1213 615 1379 656 precepto
1398 622 1476 644 meo
1495 610 1646 644 tradide-

160 672 243 699 runt
259 680 268 708 ;
298 679 377 700 cum
396 666 574 700 communi
592 664 729 712 pastura
746 665 782 699 in
801 665 922 700 eadem
941 666 1024 700 villa
1053 671 1224 712 quantum
1243 666 1286 699 ad
1306 678 1411 700 unam
1430 672 1645 700 carrucatam

161 727 254 756 terre
271 722 424 769 pertinet
440 735 448 756 z
485 721 695 756 Tenendam
713 721 750 755 in
768 721 912 756 liberam
932 727 967 756 et
984 727 1188 769 perpetuam
1219 720 1440 756 elemosinam
1459 722 1507 756 ita
1525 722 1644 762 libere,

161 777 289 823 quiete,
325 778 481 825 plenarie
502 783 536 812 et
554 777 747 812 honorifice
774 776 859 812 ficut
893 778 977 811 alias
1011 783 1122 811 terras
1153 782 1187 811 et
1220 783 1364 812 tenuras
1389 777 1465 812 suas
1492 778 1644 818 liberius,

162 834 323 879 quietiuS,
344 834 498 881 :plenius
516 839 551 868 et
569 833 858 868 honorificentius
889 839 1023 868 tenent.
1077 831 1237 868 Conceffi
1266 834 1371 868 etiam
1403 835 1451 868 eis
1481 836 1647 881 quoniam

163 889 307 924 domum
325 889 420 924 suam
439 890 593 936 quietam
624 889 774 923 habeant
805 890 848 923 de
879 889 1034 923 multura
1065 889 1109 923 ad
1139 889 1383 924 molendinum
1415 903 1544 925 meum.
1598 891 1644 925 Et

161 946 301 991 quando
320 951 449 980 terram
468 945 563 980 istam
582 946 629 980 eis
649 946 739 986 dedi,
767 945 976 980 remiserunt
995 950 1029 979 et
1047 945 1200 991 quietam
1219 945 1460 981 clamaverunt
1478 947 1648 994 imperpe-

161 1007 261 1036 tuum
294 1002 389 1036 illam
421 1008 636 1037 carrucatam
666 1008 759 1037 terre
790 1015 857 1048 que
888 1001 954 1036 fuit
975 1001 1117 1035 Ricardi
1136 1001 1318 1048 capellani,
1348 1015 1451 1049 quam
1472 1003 1649 1038 lValterus

162 1058 254 1093 filius
273 1058 382 1093 Alani
400 1060 437 1093 in
455 1059 578 1094 eodem
597 1059 754 1094 manerio
773 1059 821 1093 eis
839 1058 984 1093 dederat
1002 1057 1169 1103 quamdiu
1187 1058 1224 1091 in
1242 1071 1349 1093 manu
1366 1058 1426 1094 sua
1437 1059 1512 1094 fuit.
1567 1060 1649 1095 Tes-

162 1115 265 1156 tibus‚
288 1115 443 1150 Ricardo
463 1115 506 1150 de
525 1115 671 1150 Morvill
693 1114 957 1155 constabulario,
980 1114 1098 1148 Alano
1118 1114 1190 1149 filio
1204 1114 1249 1148 W
1250 1115 1349 1150 alteri
1366 1116 1534 1164 dapifero,
1560 1117 1600 1150 W
1603 1118 1650 1151 al-

162 1177 239 1205 tero
259 1171 403 1212 Corbet,
424 1171 591 1206 VVilelmo
611 1171 653 1206 de
673 1171 833 1212 Morvill,
871 1171 1027 1206 Waltero
1046 1171 1089 1206 de
1109 1171 1215 1206 Berk'
1234 1174 1436 1213 camerario,
1472 1174 1587 1208 Adam
1608 1175 1649 1208 de

166 1227 357 1268 Standfort,
383 1227 560 1262 Herberto
579 1228 621 1262 de
642 1226 825 1269 MaxwelL
846 1228 939 1275 apud
958 1227 1162 1262 Selschirch.

168 1395 326 1430 Donatio
345 1396 534 1443 regalitatis
552 1409 614 1444 per
632 1396 804 1432 Jacobum
823 1395 1014 1432 secundum
1033 1409 1150 1443 regem
1172 1397 1299 1432 Scotie.

165 1507 397 1543 JACOBUS
417 1509 486 1544 Dei
513 1510 625 1556 gratia
652 1522 714 1544 rex
744 1509 945 1544 Scottorum
977 1509 1139 1544 omnibus
1168 1510 1286 1557 probis
1316 1511 1515 1546 hominibus
1544 1512 1652 1546 totius

166 1569 260 1599 terre
277 1564 335 1599 sue
354 1565 487 1600 clericis
506 1572 539 1600 et
558 1566 653 1600 laicis
671 1565 827 1600 salutem.
881 1565 1002 1600 Sciatis
1021 1579 1085 1600 nos
1103 1565 1315 1613 appmbaffe,
1336 1566 1516 1603 ratificaffe
1536 1574 1571 1602 et
1588 1568 1652 1603 hac

167 1620 318 1668 presenti
349 1627 444 1656 carta
472 1622 588 1656 nostra
618 1621 834 1657 confirmaffe
865 1622 940 1656 illas
967 1622 1195 1658 donationem
1223 1629 1258 1657 et
1289 1623 1542 1659 conceffionem
1569 1637 1654 1671 quas

167 1678 344 1723 quondam
362 1677 590 1713 sereniffimus
620 1679 781 1726 princeps
811 1678 991 1713 Robertus
1021 1691 1083 1713 rex
1115 1679 1315 1714 Scottorum
1348 1680 1429 1715 fecit
1460 1681 1591 1715 Abbati
1618 1687 1652 1715 et

167 1735 358 1769 conventui
371 1735 567 1770 monasterii
587 1736 629 1770 de
650 1734 795 1776 Passeto,
817 1735 859 1770 de
878 1735 981 1770 certis
995 1736 1108 1776 terris,
1128 1736 1322 1771 redditibus
1341 1743 1376 1772 et
1394 1735 1652 1785 pofl'eflionibus

168 1791 203 1824 in
222 1790 366 1825 baronia
378 1792 420 1826 de
441 1792 623 1827 Reinfrew
635 1792 834 1839 jacentibus
852 1793 943 1827 infra
961 1792 1244 1828 vicecomitatum
1259 1794 1302 1828 de
1318 1793 1460 1828 Lanark
1475 1808 1484 1836 ;
1513 1806 1653 1828 necnon

169 1847 212 1881 de
230 1847 343 1887 terris,
375 1847 568 1882 redditibus
596 1854 630 1882 et
659 1847 918 1895 pofl'effionibus
942 1848 1141 1896 jacentibus
1159 1850 1195 1883 in
1213 1849 1359 1884 baronia
1376 1850 1419 1884 de
1441 1850 1533 1897 Kyle
1564 1850 1654 1884 infra

170 1904 452 1938 vicecomitatum
471 1904 514 1939 de
534 1904 609 1939 Are
626 1919 635 1946 3
664 1911 698 1939 et
717 1905 759 1939 de
778 1906 931 1952 quinque
949 1905 1110 1939 marcatis
1128 1911 1221 1940 terre
1240 1907 1283 1940 de
1296 1905 1412 1940 Molla
1426 1906 1518 1940 etde
1535 1906 1654 1940 Hunt-

171 1959 229 1993 lau
246 1960 283 1993 in
300 1965 396 1994 terra
413 1960 456 1994 de
479 1960 681 1995 Hastenden
711 1961 802 1995 infra
819 1961 1101 1996 vicecomitatum
1121 1962 1164 1996 de
1184 1962 1383 2008 Roxburgh
1399 1977 1408 2004 3
1438 1968 1472 1996 et
1490 1962 1533 1996 de
1551 1963 1653 1996 terris

171 2015 214 2049 de
233 2015 332 2050 Orde
345 2015 542 2062 jacentibus
560 2017 650 2051 infra
667 2017 948 2052 vicecomitatum
968 2017 1010 2052 de
1030 2017 1155 2058 Peblis‚
1184 2019 1220 2052 in
1238 2030 1344 2052 unam
1364 2019 1534 2064 integram
1555 2018 1653 2052 baro-

171 2072 265 2106 niam
283 2072 439 2112 annexis,
459 2085 498 2106 ac
515 2073 552 2106 in
570 2085 693 2119 puram
712 2079 746 2107 et
763 2079 967 2121 perpetuam
988 2073 1219 2114 elemosinam,
1237 2080 1271 2108 et
1290 2074 1325 2107 in
1344 2086 1475 2108 meram
1494 2074 1653 2120 regalita-

171 2134 243 2162 tem
272 2126 331 2162 seu
359 2128 524 2174 regaliam
543 2128 639 2163 dieto
657 2129 864 2164 monasterIO
882 2130 965 2165 alias
994 2144 1059 2178 pro
1089 2137 1261 2179 perpetuo
1288 2132 1375 2166 datis
1402 2137 1437 2165 et
1464 2129 1651 2166 conceffis:

173 2183 220 2218 Et
237 2182 400 2230 quasdam
418 2184 551 2219 litteras
577 2185 852 2220 confirmationis
877 2186 1075 2222 sereniflimi
1103 2188 1268 2235 principis
1295 2187 1447 2235 ejusdem
1475 2189 1652 2235 quondam

173 2239 323 2274 Roberti
340 2240 431 2286 regis
449 2239 670 2275 antecefforis
696 2241 801 2275 nostri
820 2242 930 2277 factas
948 2243 1155 2278 monasterio
1181 2243 1380 2291 supradicto
1412 2244 1455 2279 de
1485 2246 1653 2293 approba-

172 2296 279 2336 tione,
299 2296 529 2331 ratificatione
548 2302 582 2331 et
601 2297 867 2333 confirmatione
882 2299 1112 2334 donationum
1127 2306 1162 2335 et
1175 2298 1431 2335 conceffionum
1446 2315 1531 2348 quas
1544 2315 1654 2348 quou-

174 2352 252 2386 dam
272 2351 486 2387 Malcolmus
504 2359 538 2387 et
558 2352 771 2389 Malcolmus
790 2354 934 2390 comites
952 2355 994 2390 de
1009 2355 1175 2391 Levenax
1193 2356 1353 2392 fecerunt
1365 2362 1400 2392 et
1411 2357 1652 2394 concesseruut
