1839 2652
745 267 816 302 DE
844 267 1113 304 PASSELET.
1601 274 1670 309 249

189 423 346 457 Donatio
379 422 563 456 Malculini
595 422 685 469 regis
705 422 832 463 Scotie‚
860 423 903 457 de
932 421 1042 456 insula
1066 422 1171 469 juxta
1190 422 1332 469 opidum
1364 422 1559 462 Reinfrew‚
1589 435 1667 456 cum

186 479 358 527 piscatura
375 479 466 513 inter
485 478 631 513 infidam
651 484 685 513 et
704 478 864 519 Perthec,
894 484 928 513 et
947 479 989 512 de
1007 479 1160 525 quinque
1178 478 1303 513 marcis
1321 479 1458 525 argenti
1476 478 1669 513 molendini

189 536 231 570 de
250 536 430 577 Innirwic,
461 548 539 570 cum
560 534 712 582 ejusdem
732 534 882 570 ecclelia.

188 647 522 683 MALCULMUS
549 660 611 681 rex
636 647 822 682 Scotorum
842 646 1018 694 episcopis,
1039 647 1230 688 abbatibus,
1251 647 1447 688 comitibus,
1466 647 1666 688 baronibus,

187 704 458 745 vicecomitibus,
479 703 650 743 ministris,
671 701 898 749 omnibusque
917 703 1033 750 probis
1052 703 1250 738 hominibus
1268 705 1375 739 totius
1394 710 1486 739 terre
1514 704 1572 740 sue
1599 710 1669 739 tam

187 761 321 796 clericis
339 773 443 807 quam
462 760 558 794 laicis
576 759 734 794 salutem.
788 759 906 794 Sciant
936 765 1007 793 tam
1026 759 1150 806 posteri
1170 773 1272 806 quam
1301 759 1478 807 presentes
1505 773 1561 795 me
1590 774 1671 795 con-

188 816 313 852 ceffiffe
332 823 366 852 et
384 817 449 851 hac
466 829 544 851 mea
561 822 656 850 carta
675 814 891 850 confirmasse
906 815 988 851 Deo
1007 822 1042 850 et
1061 815 1198 850 ecclefie
1218 816 1346 851 Sancte
1363 816 1479 851 Marie
1498 823 1532 852 et
1552 817 1671 852 Sancti

187 874 310 909 Jacobi
329 874 372 908 de
390 873 502 907 insula
513 873 617 920 juxta
635 873 778 920 opidum
800 872 983 907 Reinfrew
1001 878 1036 907 et
1056 873 1169 907 Priori
1184 872 1336 920 ejusdem
1355 874 1423 908 1061
1442 879 1475 908 et
1492 875 1672 908 monachis

188 932 315 966 ibidem
336 931 417 965 Deo
436 930 664 965 lervientibus
682 929 872 964 secundum
892 930 1050 964 ordinem
1068 928 1334 964 Cluuiacensem
1349 929 1477 964 scilicet
1489 931 1532 964 de
1545 931 1674 964 Sancta

189 987 371 1034 Milburga
389 988 431 1022 de
452 987 632 1027 1176116106,
661 992 771 1021 totam
791 986 937 1021 insulam
957 985 1151 1033 predictam
1180 998 1259 1020 cum
1286 985 1457 1033 piscatura
1475 987 1566 1020 inter
1585 985 1674 1021 insu-

187 1045 256 1079 lam
269 1049 303 1078 et
317 1044 475 1084 Perthec,
493 1049 527 1078 et
542 1042 717 1078 eccleliam
733 1043 775 1078 (16
792 1041 938 1078 Paffelet
953 1056 1031 1078 cum
1048 1042 1182 1077 duabus
1196 1043 1384 1077 carrucatis
1399 1049 1504 1083 terre,
1525 1050 1559 1078 et
1576 1043 1672 1077 illam

188 1105 401 1135 carrucatam
415 1105 508 1134 terre
527 1113 630 1146 quam
643 1099 818 1135 Walterus
836 1100 1036 1147 capellanus
1054 1099 1169 1134 tenuit
1187 1099 1222 1133 111
1243 1098 1492 1140 Hestenesden,
1514 1106 1547 1134 et
1566 1100 1673 1134 eccle-

187 1156 267 1191 fiam
287 1157 329 1191 de
350 1157 520 1191 Innirwic
538 1170 617 1191 cum
637 1156 800 1191 omnibus
826 1156 1035 1204 appetentiis
1060 1154 1128 1189 suis
1158 1160 1193 1189 et
1222 1156 1376 1202 quinque
1395 1156 1519 1190 marcis
1536 1157 1673 1202 argenti

189 1214 231 1248 de
250 1213 454 1248 molendino
474 1213 663 1254 Innerwic,
691 1226 755 1261 pro
774 1212 883 1248 salute
913 1213 1028 1248 anime
1055 1224 1131 1246 mee
1162 1217 1197 1246 et
1226 1210 1479 1246 anteceflbrum
1498 1225 1670 1252 meorum,

188 1273 224 1305 in
242 1277 447 1318 perpetuam
467 1269 687 1305 elemosinam
715 1275 749 1304 et
778 1270 820 1304 ab
852 1270 948 1304 omni
965 1268 1110 1303 seculari
1129 1268 1271 1303 servitio
1290 1269 1435 1303 liberam
1454 1275 1489 1303 et
1507 1270 1670 1316 quietam,

189 1327 274 1362 ficut
300 1333 395 1362 carta
413 1327 561 1361 lValteri
592 1326 654 1360 filii
686 1326 795 1360 Alani
825 1325 979 1360 testatur.
1032 1325 1203 1366 Testibus,
1233 1325 1412 1371 Gregorio
1444 1325 1604 1373 episcopo
1632 1326 1674 1359 de

190 1385 373 1425 Dunkeld,
394 1385 521 1418 comite
536 1383 724 1423 Duncano,
746 1383 872 1417 comite
888 1382 1008 1416 Fertet
1028 1381 1070 1416 de
1090 1381 1333 1426 [Stradhern]‚
1352 1381 1528 1416 Gillebrid
1546 1382 1674 1416 comite

190 1442 234 1475 de
248 1434 385 1487 Angris,
408 1439 603 1474 Maleolmo
623 1439 750 1474 comite
771 1439 813 1474 de
834 1438 980 1479 Atheld,
1011 1438 1093 1472 Ada
1111 1435 1289 1478 comitissa,
1310 1437 1476 1472 XVilelmo
1492 1438 1534 1472 de
1550 1437 1673 1472 Veteri

190 1504 309 1544 ponte,
342 1497 527 1532 Gileberto
547 1497 589 1530 de
609 1495 808 1537 Umfravill,
840 1495 999 1529 Roberto
1019 1494 1185 1535 AveneH,
1222 1493 1387 1529 Gilberto
1414 1493 1486 1528 filio
1506 1493 1671 1541 Fergufii,

192 1554 348 1589 Radulfo
367 1553 440 1588 filio
461 1552 639 1599 Dunegal,
660 1552 753 1599 apud
771 1551 946 1586 castellum
965 1551 1174 1599 puellarum.

194 1725 403 1771 Preceptum
423 1723 557 1758 domini
578 1723 728 1758 Roberti
747 1723 880 1758 domini
899 1722 941 1758 de
961 1722 1050 1770 Lyle
1068 1722 1266 1756 honorabili
1285 1722 1361 1757 viro
1388 1722 1517 1757 ballivo
1544 1734 1622 1755 meo
1641 1722 1677 1754 in

192 1782 256 1815 hac
273 1787 372 1828 parte
393 1780 560 1814 W'ilelmo
581 1780 738 1828 Sympyll
764 1780 808 1814 ad
838 1779 1050 1814 tradendum
1077 1778 1231 1814 laifinam
1250 1779 1495 1813 hereditariam
1515 1778 1558 1813 de
1575 1778 1678 1812 tertia

192 1843 290 1883 parte
308 1836 450 1884 piscarie
469 1837 512 1871 de
533 1836 759 1883 Crukytssiot.

195 1947 473 1983 ROBERTUS
500 1948 663 1982 dominus
682 1948 724 1982 de
744 1947 833 1995 Lyle
853 1948 1049 1983 honorabili
1067 1949 1144 1983 viro
1164 1948 1330 1982 VVilelmo
1356 1948 1513 1995 Sympyll
1540 1948 1613 1981 filio
1642 1952 1676 1980 et

193 2005 312 2040 heredi
332 2004 465 2038 domini
484 2005 526 2038 de
546 2004 745 2051 Elyoeston‚
760 2017 799 2038 ac
816 2004 946 2038 ballivo
961 2017 1041 2038 meo
1055 2005 1091 2038 in
1102 2004 1167 2038 hac
1184 2009 1282 2051 parte
1301 2003 1445 2038 salutem
1463 2006 1499 2037 in
1519 2003 1677 2037 Domino

193 2061 448 2108 sempiternam.
503 2060 625 2095 Sciatis
644 2073 699 2095 ine
719 2059 880 2095 affedaffe
908 2066 943 2095 et
969 2061 1012 2095 ad
1030 2061 1283 2095 fewdofirmam
1316 2073 1380 2107 pro
1408 2064 1579 2107 perpetuo
1598 2071 1678 2093 con-

194 2116 318 2152 ceffiffe
335 2117 528 2152 venerabili
548 2117 584 2151 in
605 2116 742 2152 Christo
769 2118 860 2165 patri
879 2130 918 2151 ac
937 2117 1092 2156 domino,
1125 2116 1269 2150 domino
1289 2116 1428 2150 Thome
1459 2114 1679 2150 miseratione

195 2175 312 2208 divina
331 2174 462 2208 Abbati
482 2173 680 2208 monasterii
699 2173 741 2208 de
762 2172 919 2213 Paffelet,
940 2173 1131 2207 conventui
1150 2172 1303 2219 ejusdem
1335 2178 1370 2206 et
1400 2172 1467 2206 suis
1484 2170 1679 2206 succeffori-

194 2230 268 2270 bus,
297 2230 436 2264 tertiam
455 2235 591 2277 partem
610 2230 718 2263 totius
735 2228 878 2277 piscarie
905 2229 948 2263 de
976 2226 1192 2275 Crukytsslot
1209 2240 1288 2262 cum
1307 2228 1485 2275 particulis
1502 2233 1608 2268 terre,
1637 2241 1680 2262 ex

194 2287 297 2321 certis
312 2285 416 2320 causis
432 2285 695 2320 rationabilibus
710 2286 753 2320 ad
767 2286 833 2320 hoc
846 2286 1004 2320 animum
1022 2297 1140 2318 meum
1158 2284 1391 2325 moventibus,
1407 2289 1513 2332 prout
1530 2284 1564 2318 in
1585 2290 1680 2318 carta

195 2344 243 2377 eis
262 2342 408 2391 desuper
428 2343 588 2377 confecta
607 2348 640 2377 et
673 2340 830 2377 conceffa
847 2341 986 2389 plenius
1004 2341 1216 2376 continetur.
1271 2340 1392 2382 Quare
1410 2341 1508 2376 vobis
1526 2342 1679 2388 precipio

910 2402 932 2432 Q
952 2409 963 2431 1
