1870 2683
182 277 253 308 440
563 267 879 305 REGISTRUM
905 268 977 302 DE
1005 267 1273 303 PASSELET.

181 370 244 403 bus
262 373 297 403 et
316 366 456 413 fingulis
473 365 653 412 predictus
672 365 772 412 petiit
791 364 953 398 dominus
971 363 1020 398 N.
1046 376 1067 397 a
1084 375 1139 397 me
1157 363 1295 399 notario
1313 363 1452 410 publico
1469 363 1656 412 subscripto

181 424 238 458 fibi
258 424 338 457 inde
356 422 431 456 fieri
449 434 560 456 unum
580 426 614 455 et
631 421 733 468 plura
750 420 929 468 publicum
961 424 995 454 et
1025 419 1166 466 publica
1182 419 1451 454 instrumentum
1478 425 1511 454 et
1537 420 1659 455 instru-

182 484 310 513 menta.
364 478 459 512 Acta
477 482 576 511 erant
593 477 658 511 hec
675 476 765 510 infra
782 475 1028 510 monasterium
1050 475 1092 511 de
1113 474 1246 510 Passeto
1264 475 1351 509 hora
1368 475 1547 522 capitulari
1575 476 1659 522 ejus-

183 536 271 572 dem,
292 533 352 568 sub
370 546 474 573 anno,
496 533 562 573 die,
596 532 723 573 mense,
744 532 937 566 indictione
957 537 991 566 et
1008 531 1215 578 pontificatu
1226 530 1460 578 suprascriptis
1477 545 1487 574 3
1517 530 1659 565 Presen-

182 590 273 623 tibus
291 589 419 623 ibidem
438 588 590 622 diseretis
622 593 656 622 et
685 588 841 635 providis
858 589 953 628 viris,
987 588 1136 622 dominis
1154 587 1317 623 Johanne
1337 587 1449 628 Quhit
1466 586 1658 633 suppriore,

182 646 205 680 J
208 646 345 679 ohanne
366 644 494 691 Passay,
529 644 683 678 Ricardo
702 643 857 685 VVatstm,
891 644 1080 684 monachis,
1113 643 1136 679 J
1139 644 1276 677 ohanne
1308 643 1468 683 Stewart,
1498 642 1657 676 Roberto

184 701 277 735 Fork
310 706 344 735 et
376 700 516 735 Thoma
534 700 655 735 Lowri
673 700 894 741 secularibus,
925 713 1002 734 cum
1024 698 1162 734 diverfis
1180 699 1256 733 aliis
1283 699 1326 733 ad
1352 696 1512 746 premiffa
1528 698 1659 732 vocatis

185 758 314 804 pariter
333 762 367 792 et
385 756 525 803 rogatis.

282 813 329 847 Et
347 826 412 860 ego
430 826 516 849 vero
536 812 694 859 magister
713 812 898 847 VVilelmus
918 812 1067 846 Stewart
1085 810 1251 858 presbiter
1263 809 1493 857 Glasgwenfis
1506 809 1658 850 diocefis‚

280 870 440 917 publicus
457 869 550 903 sacra
567 869 777 903 auctoritate
805 868 989 916 apostolica
1019 870 1187 909 notarim,
1219 869 1299 915 quia
1315 865 1481 915 prcmiffis
1499 867 1660 902 omnibus

282 931 317 960 et
344 924 484 972 fingulis
514 926 598 959 dum
626 924 671 959 fic
699 931 739 959 ut
766 926 980 972 premittitur
999 926 1209 965 dicerentur,
1241 929 1430 970 agerentur
1460 929 1494 958 et
1520 923 1657 963 fierent,

284 994 435 1016 unacum
454 982 704 1029 prenominatis
722 981 861 1015 testibus
878 980 1018 1028 presens
1036 981 1188 1020 interfui,
1220 985 1323 1026 atque
1341 980 1459 1014 omnia
1476 985 1511 1013 et
1527 978 1660 1025 fingula
1677 989 1681 992 ·

285 1037 329 1072 fic
346 1038 422 1072 fieri
439 1038 521 1078 vidi,
542 1038 609 1071 dici
626 1037 707 1072 icivi
725 1043 760 1072 et
777 1038 894 1072 audivi
912 1051 951 1072 ac
969 1039 1005 1071 in
1023 1042 1143 1072 notam
1170 1037 1255 1083 cepi,
1284 1048 1327 1070 ex
1353 1048 1421 1081 qua
1436 1035 1503 1069 hoc
1520 1033 1659 1082 presens

286 1093 465 1141 publicum
479 1093 745 1127 instrumentum
759 1106 836 1127 mea
848 1107 953 1128 manu
972 1093 1113 1140 propria
1129 1092 1292 1139 icriptum
1312 1091 1436 1126 exinde
1455 1091 1598 1131 confeci,
1623 1092 1659 1125 in

286 1150 377 1184 hanc
394 1150 567 1196 publicam
584 1150 732 1184 formam
749 1150 869 1196 redegi
886 1149 1050 1197 signoque
1068 1149 1209 1183 nomine
1240 1160 1279 1181 ac
1304 1145 1549 1193 subscriptione
1574 1147 1660 1181 meis

288 1205 395 1239 iolitis
422 1211 456 1240 et
474 1203 645 1239 consuetis
662 1204 835 1252 subscripfi
866 1211 900 1240 et
926 1206 1055 1253 {ignavi
1074 1210 1216 1251 rogatus
1234 1209 1268 1238 et
1285 1201 1475 1249 requifitus,
1502 1203 1539 1237 in
1556 1202 1660 1237 fidem

290 1266 325 1295 et
342 1261 575 1296 testimonium
593 1261 748 1296 veritatis
766 1262 922 1296 omnium
941 1268 975 1297 et
992 1261 1206 1308 singulorum
1224 1258 1476 1307 premifl'orum.
