1839 2652
706 255 775 290 DE
808 255 1077 289 PASSELET.
1569 259 1638 292 <229

163 361 197 388 et
215 353 308 399 quod
327 350 408 386 foffe
427 351 491 386 lint
509 351 701 385 latitudinis
719 351 777 386 sex
794 352 922 399 pedum
938 365 946 385 :
990 351 1203 386 Promittens
1221 351 1289 385 fide
1315 350 1440 390 media,
1469 349 1530 384 iub
1549 363 1639 396 pena

162 411 282 444 deceni
312 409 481 444 librarum
506 409 634 444 fabrice
663 408 801 444 ecclefie
832 410 874 444 de
904 406 1051 443 Paffelet
1081 407 1338 448 solvendarum,
1366 406 1461 453 quod
1490 419 1552 453 per
1583 419 1638 439 me

161 466 217 500 vel
235 478 331 500 meos
348 466 486 500 nullum
504 465 564 499 fiet
582 465 869 512 impedimentum
888 465 1073 511 quominus
1091 463 1174 498 folse
1192 470 1227 498 et
1244 476 1365 498 cruces
1383 469 1421 497 ut
1440 463 1574 496 dictum
1594 461 1640 496 est

161 522 340 568 erigantur
359 527 393 556 et
410 521 636 568 perficiantur
653 527 758 568 prout
786 521 822 554 in
849 520 1077 554 instrumento
1095 521 1188 554 inter
1205 520 1382 567 predictos
1402 518 1577 552 Abbatem
1605 525 1640 552 61

163 583 376 612 conventum
396 590 436 611 ac
454 590 509 611 me
527 576 628 624 super
646 577 711 610 hiis
729 582 763 611 et
781 577 855 610 aliis
873 577 1037 611 confecto
1055 576 1194 623 plenius
1212 576 1424 610 continetur.
1478 574 1522 608 In
1541 574 1639 620 cujus

160 634 211 667 rei
229 633 465 667 testimonium
483 631 631 679 figillum
650 645 767 667 meum
786 633 850 666 hiis
868 632 992 666 litteris
1010 631 1164 679 apposui,
1193 637 1227 665 et
1253 631 1297 665 ad
1314 631 1482 678 majorem
1501 630 1551 663 rei
1570 630 1639 663 evi-

161 687 480 735 dentiam—sigillum
500 688 719 722 officialitatis
738 686 969 734 Glasgweufis
1000 687 1127 722 eisdem
1158 688 1287 734 apponi
1316 687 1512 733 procuravi.
1566 684 1638 718 Da-

160 751 235 778 tum
254 745 346 792 apud
365 742 512 778 Paffelet
529 744 584 778 die
605 743 731 778 Martis
748 744 909 790 proxima
925 743 999 790 post
1016 743 1138 777 festum
1158 743 1286 777 Sancte
1307 742 1476 776 Katerine
1494 741 1638 787 virginis

161 806 196 834 et
215 800 365 834 martiris
382 812 476 834 anno
493 800 605 846 gratie
625 799 681 833 Μο
700 799 778 834 CC⁰
797 800 1043 847 octuagesimo.

161 968 334 1014 Scriptum
354 966 524 1002 sententie
542 967 610 1002 late
628 966 731 1014 super
749 967 889 1002 ecclefia
907 970 949 1003 de
969 969 1143 1004 Prestwic.

161 1079 442 1114 UNIVERSIS
468 1078 586 1114 sancte
612 1080 732 1114 matris
761 1080 899 1116 ecclefie
930 1081 1009 1115 filiis
1038 1086 1110 1115 tam
1140 1079 1357 1128 presentibus
1383 1092 1486 1126 quani
1513 1080 1638 1113 futuris

162 1136 340 1170 Henricus
359 1142 394 1170 et
412 1135 605 1177 Galfridus,
622 1135 882 1171 Dunkeldenfis
894 1142 928 1172 et
947 1136 1206 1172 Dunblanenfis
1219 1136 1452 1171 archidiaconi
1469 1143 1502 1170 et
1522 1135 1638 1169 Adam

160 1191 320 1237 magister
337 1191 508 1226 scolarum
529 1192 571 1226 de
591 1192 685 1233 Pert,
714 1192 859 1228 salutem
888 1194 924 1226 in
956 1194 1126 1227 Domino.
1179 1192 1330 1227 Noverit
1347 1190 1550 1226 univerfitas
1568 1191 1639 1225 ves-

160 1255 215 1282 tra
233 1260 297 1282 nos
314 1248 519 1282 mandatum
538 1248 671 1282 domini
687 1248 781 1295 Pape
795 1249 831 1282 in
846 1249 909 1283 hec
922 1250 1029 1284 verba
1042 1247 1218 1296 suscepifl'e
1235 1263 1244 1291 3
1275 1246 1638 1283 INNOCENTIUS

161 1303 341 1351 episcopus
358 1302 477 1338 servus
502 1302 682 1337 servorum
701 1303 772 1338 Dei
791 1304 928 1339 dilectis
955 1306 1033 1340 filiis
1062 1304 1305 1340 Dunkeldenfi
1333 1311 1367 1339 et
1397 1302 1639 1338 Dunblanenfi

161 1360 412 1394 archidIaconis
431 1365 465 1394 et
485 1359 654 1406 Magistro
672 1358 844 1394 scolarum
872 1361 914 1396 de
934 1361 1018 1397 Pert
1047 1362 1193 1397 salutem
1224 1368 1258 1396 et
1288 1360 1508 1408 apostolicam
1535 1360 1638 1394 bene-

163 1417 366 1451 dictionem.
419 1415 583 1450 WVilelmo
619 1415 745 1450 clerico
776 1417 972 1464 accepimus
1001 1424 1250 1465 conquerente,
1282 1417 1377 1463 quod
1407 1416 1569 1450 monachi
1596 1416 1638 1449 de

162 1471 309 1507 Pafl'elet
328 1478 363 1506 et
380 1472 520 1518 quidam
539 1472 597 1506 alii
616 1471 848 1518 Glasgwenfis
874 1473 1014 1508 diocefis
1041 1474 1209 1521 capellam
1228 1474 1270 1508 de
1290 1472 1452 1507 Prestwic
1470 1472 1514 1506 ad
1533 1472 1640 1506 66616-

160 1530 241 1565 11611]
258 1529 353 1565 suam
372 1530 415 1564 de
435 1530 588 1564 Sanchar
607 1530 649 1564 de
661 1529 744 1576 jure
762 1529 976 1577 spectantem
995 1530 1053 1565 fibi
1072 1531 1258 1565 vendicare
1276 1528 1491 1577 presumunt,
1512 1529 1547 1562 in
1566 1529 1639 1562 aliis

162 1587 275 1621 eidem
292 1599 416 1633 graves
434 1586 578 1633 injurias
596 1586 786 1620 inferentes
801 1600 810 1629 ;
840 1587 988 1633 ideoque
1018 1586 1216 1621 discretioni
1233 1585 1342 1621 vestre
1362 1598 1423 1632 per
1453 1584 1639 1632 apostolica

161 1643 285 1691 scripta
303 1643 519 1683 mandamus,
548 1643 720 1688 quatinus,
753 1642 909 1689 partibus
928 1643 1139 1683 convocatis,
1168 1648 1202 1677 et
1219 1642 1345 1676 auditis
1362 1641 1443 1675 hinc
1461 1641 1543 1675 inde
1561 1655 1640 1688 pro-

162 1699 287 1747 pofitis,
316 1700 410 1746 quod
428 1699 637 1734 canonicum
655 1699 771 1739 fuerit,
800 1699 1034 1746 appellatione
1060 1697 1253 1745 postpoffla,
1281 1697 1445 1737 statuatis,
1474 1697 1638 1731 facientes

162 1756 256 1802 quod
273 1755 458 1790 statueritis
476 1767 538 1802 per
557 1753 736 1789 censuram
755 1754 1010 1790 ecclefiasticam
1028 1755 1175 1788 firmiter
1194 1752 1377 1794 observari,
1407 1752 1505 1787 testes
1523 1760 1639 1787 autem

164 1812 222 1857 qui
240 1811 370 1846 fuerint
387 1811 570 1852 nominati,
598 1810 621 1844 11
639 1810 672 1845 se
690 1812 812 1857 gratia,
841 1811 923 1846 odio
941 1811 997 1846 vel
1016 1811 1140 1845 timore
1158 1809 1403 1849 subtraxerint,
1435 1822 1497 1856 per
1524 1809 1640 1843 6611111-

163 1880 237 1901 16111
256 1868 414 1909 eandem,
443 1867 677 1914 appellatione
696 1866 856 1908 eeffante,
885 1868 1015 1913 cogatis
1033 1867 1171 1901 veritati
1189 1865 1423 1900 testimonium
1446 1865 1639 1912 perhibere.

166 1923 273 1963 Quod
299 1922 322 1957 11
348 1936 421 1958 11011
440 1936 561 1957 01111165
588 1923 653 1957 11115
684 1923 896 1969 exequendis
925 1923 1110 1970 potueritis
1136 1920 1296 1956 intereffe
1324 1921 1394 1955 duo
1424 1921 1574 1955 vestrum
1602 1935 1641 1955 ea

163 1979 410 2013 nichilominus
425 1984 654 2025 exequantur.
707 1978 842 2013 Datum
858 1978 1025 2013 Laterani
1039 1979 1111 2012 xiiii
1125 1978 1291 2012 kalendas
1306 1977 1403 2012 ι1111111
1418 1978 1640 2024 pontificatus

164 2033 270 2067 nostri
288 2047 380 2068 anno
399 2035 504 2069 tertio
524 2034 671 2068 decimo.
725 2034 844 2081 Hujus
862 2034 1072 2068 auctoritate
1092 2033 1245 2067 mandati
1272 2032 1458 2079 apostolici,
1487 2033 1642 2079 partibus

164 2090 200 2123 in
219 2089 390 2136 presentia
408 2089 523 2124 nostra
541 2089 744 2130 constitutis,
775 2102 855 2124 cum
880 2090 1060 2137 predictus
1080 2088 1263 2122 lVilelmus
1290 2088 1519 2121 intentionem
1547 2087 1641 2122 suam

164 2145 365 2179 nullatenus
383 2145 531 2192 probare
550 2143 659 2192 pofl'et
692 2151 726 2179 et
757 2145 793 2179 iu
810 2145 1017 2192 probatione
1036 2143 1095 2178 sua
1112 2144 1252 2190 penitus
1271 2141 1454 2183 deseciffet,
1483 2149 1516 2177 et
1543 2143 1642 2177 nobis

165 2201 208 2234 de
221 2200 302 2246 jure
322 2201 573 2235 monachorum
594 2201 835 2247 predictorum
854 2207 923 2235 tam
951 2213 1012 2247 per
1043 2200 1137 2233 vivas
1166 2211 1268 2233 voces
1298 2211 1401 2244 quain
1431 2212 1493 2245 per
1520 2199 1642 2233 instru-

165 2262 282 2290 menta
315 2255 555 2303 episcoporum
582 2262 617 2290 et
647 2256 720 2290 veri
740 2256 884 2290 Patroni
902 2268 1005 2302 quain
1034 2267 1096 2302 per
1127 2254 1410 2289 confirmationes
1427 2254 1640 2290 summorum

165 2312 370 2357 pontificum
401 2312 503 2359 plene
532 2318 567 2347 et
596 2311 805 2346 sufficienter
824 2311 1019 2353 constaret,
1049 2323 1127 2345 cum
1159 2311 1261 2345 etiam
1290 2310 1348 2357 ipii
1379 2311 1540 2345 monachi
1566 2323 1641 2358 pre-
