1839 2652
715 280 785 315 DE
814 280 1083 316 PASSELET.
1573 288 1641 324 1‘27

157 432 264 467 Carta
283 431 425 467 dimidie
444 446 557 468 marce
577 438 611 468 et
629 434 733 468 unius
752 434 885 468 denarii
903 435 1084 468 annuatim
1105 434 1146 468 de
1165 433 1306 481 fingulis
1325 434 1484 470 domibus
1504 436 1546 470 de
1565 437 1637 482 qui-

155 489 218 523 bus
237 489 352 524 fumus
371 490 441 524 exit
460 491 496 524 111
515 496 609 525 terra
629 491 755 537 Augus
774 491 835 524 filii
855 490 1070 525 Douenaldi.

158 602 352 637 SCIANT
378 616 499 638 omnes
517 610 587 638 tam
607 603 782 651 presentes
799 616 903 648 quam
922 602 1029 636 futuri
1049 602 1142 648 quod
1161 615 1227 649 ego
1241 604 1367 650 Augus
1382 604 1474 639 filius
1493 604 1640 639 Douen-

156 658 236 698 aldi,
265 671 369 693 verus
387 659 494 694 frater
513 665 547 694 et
564 660 695 694 amicus
714 659 838 692 domus
865 659 907 693 ‹le
938 656 1096 698 Paffelet,
1125 659 1168 692 ad
1197 660 1396 707 exemplum
1426 661 1481 695 avi
1511 661 1580 695 mei
1606 667 1641 696 et

154 715 262 762 patris
280 716 359 756 mei,
380 716 470 757 dedi,
491 714 636 750 concessi
651 721 685 750 et
703 715 766 749 hac
784 713 935 762 presenti
954 720 1049 748 carta
1066 727 1144 749 mea
1161 715 1377 756 confirmavi,
1399 717 1480 751 Deo
1493 723 1639 752 615111011-

157 771 280 806 asterio
296 772 339 807 de
359 772 507 807 Paffelet
525 779 560 807 et
577 772 756 806 monachis
775 771 903 806 ibidem
923 770 1004 805 Deo
1023 769 1263 811 ibrvientibus,
1292 772 1327 805 111
1345 785 1468 819 puram
1500 778 1534 807 et
1564 787 1641 820 per-

157 834 298 875 petuam
318 827 549 869 elemosmam,
579 828 757 862 dimidiam
788 840 940 861 marcam
971 827 1108 873 argenti
1137 827 1179 861 de
1208 827 1313 861 domo
1342 841 1420 863 mea
1448 831 1591 877 propria
1608 837 1642 865 et

157 885 327 919 heredum
346 897 505 919 meorum
524 885 716 924 annuatim,
750 889 784 918 et
803 884 845 918 de
863 882 1004 930 lingulis
1023 883 1182 917 domibus
1200 897 1262 931 per
1281 897 1402 919 omnes
1419 890 1530 919 terras
1548 899 1642 921 meas

159 942 201 976 de
220 942 343 988 quibus
360 942 477 976 fumus
495 943 566 977 exit
583 955 694 976 unum
714 941 897 975 denarium
923 939 1064 986 lingulis
1094 940 1194 974 annis
1222 941 1493 988 imperpetuum.
1547 942 1642 977 Dedi

159 998 263 1032 etiam
282 1003 317 1032 et
335 997 481 1032 conceffi
499 998 602 1032 dictis
621 998 799 1032 monachis
817 1002 852 1031 et
870 997 1069 1031 hominibus
1086 996 1154 1031 suis
1172 997 1308 1031 firmam
1326 1010 1447 1045 pacem
1475 1011 1589 1033 meam
1608 1005 1643 1033 et

158 1054 328 1089 heredum
348 1060 382 1089 et
401 1055 580 1089 hominum
601 1067 761 1089 meorum
781 1066 859 1088 011111
878 1059 1191 1088 manutenemento
1205 1054 1298 1089 bone
1311 1054 1549 1096 fraternitatis,
1570 1055 1643 1090 ubi-

159 1123 296 1157 cunque
314 1111 447 1145 fuerint
465 1116 525 1146 aut
542 1111 706 1146 venerint
731 1123 794 1157 per
811 1109 1016 1157 potestatem
1045 1110 1196 1144 nostram
1223 1111 1259 1144 in
1290 1116 1385 1145 terra
1403 1111 1458 1146 vel
1476 1112 1512 1146 111
1530 1113 1617 1146 mari
1632 1127 1641 1154 ;

160 1168 366 1215 Supplicans
385 1168 502 1202 amicis
520 1168 616 1208 meis,
645 1173 679 1202 et
696 1167 892 1215 precipiens
911 1165 1072 1201 omnibus
1088 1166 1289 1201 hominibus
1307 1167 1392 1202 meis
1410 1166 1512 1215 super
1529 1181 1643 1203 meam

159 1224 353 1271 plenariam
371 1223 639 1264 foriss‘afituram,
659 1229 699 1258 ut
717 1223 916 1269 ubicunque
935 1224 1134 1258 invenerint
1162 1223 1342 1270 predictos
1371 1225 1561 1259 monachos
1580 1225 1644 1259 fra-

160 1286 231 1314 tres
248 1293 345 1314 meos
364 1285 398 1314 et
416 1293 539 1314 eorum
557 1280 726 1320 homines,
754 1278 843 1326 ipsos
861 1285 1114 1314 manuteneant
1142 1285 1176 1314 et
1201 1280 1238 1314 in
1268 1278 1336 1314 suis
1353 1281 1568 1315 auxilientur
1585 1294 1644 1316 ne-

161 1336 275 1382 gotiis.
329 1336 377 1370 Et
394 1335 417 1369 fi
436 1336 520 1371 dieti
538 1336 712 1376 monachi,
732 1335 789 1370 vel
808 1348 931 1370 eorum
946 1335 1080 1370 litteras
1096 1335 1245 1370 Abbatis
1263 1336 1319 1370 vel
1338 1342 1533 1371 conventus
1553 1337 1644 1371 defe-

162 1397 291 1432 rentes,
311 1393 355 1426 ad
373 1398 489 1439 partes
507 1392 639 1427 nostras
657 1391 757 1426 causa
774 1390 927 1439 piscandi
946 1392 1134 1438 aliquando
1152 1392 1273 1426 venire
1292 1392 1481 1434 voluerint,
1512 1393 1591 1427 dedi
1611 1399 1645 1428 et

162 1447 309 1483 conceffi
327 1448 454 1483 eisdem
472 1449 649 1483 licentiam
668 1454 703 1482 et
720 1448 921 1482 facultatem
940 1447 1093 1495 piscandi
1110 1448 1239 1495 ubique
1266 1449 1301 1482 in
1329 1449 1496 1496 potestate
1516 1463 1593 1484 mea
1612 1456 1646 1484 et

160 1505 331 1540 heredum
350 1517 510 1539 meorum
527 1518 592 1552 pro
610 1504 669 1539 sue
683 1504 874 1539 voluntatis
888 1504 1044 1545 arbitrio,
1061 1518 1141 1539 011111
1155 1505 1316 1539 omnibus
1330 1504 1535 1541 aifiamentis
1553 1513 1646 1541 terre

160 1574 238 1596 mee
257 1567 292 1596 et
309 1561 480 1596 heredum
500 1574 660 1595 meorum
679 1561 955 1607 congruentibus
969 1560 1139 1607 piscature
1155 1566 1189 1595 et
1203 1561 1439 1608 piscatoribus.
1486 1562 1529 1596 In
1549 1563 1646 1610 cujus

162 1619 212 1653 rei
246 1617 481 1652 testimonium
517 1617 668 1665 presenti
698 1616 825 1664 scripto
853 1616 998 1663 figillum
1032 1630 1150 1652 meum
1178 1616 1332 1664 apposui.
1388 1618 1466 1653 Hiis
1494 1619 1645 1660 testibus,

163 1674 371 1709 Alexandro
389 1674 496 1708 fratre
515 1687 605 1715 meo,
634 1674 664 1708 F
666 1674 835 1708 erchardo
857 1673 899 1707 de
920 1673 1014 1714 Ruit,
1044 1673 1222 1708 Duncano
1241 1674 1348 1709 fratre
1366 1673 1438 1715 suo,
1460 1674 1644 1716 Throfino,

163 1730 327 1765 Gilberto
358 1730 431 1764 filio
463 1730 645 1770 Samuelis,
674 1730 782 1764 Petro
814 1729 953 1770 clerico,
984 1729 1144 1764 Henrico
1176 1729 1307 1770 Ruffel,
1341 1731 1481 1766 Thoma
1509 1731 1644 1779 pistore,

163 1786 328 1821 VVilelmo
348 1787 390 1821 de
410 1786 568 1834 Stragrif,
598 1786 792 1821 Laurentio
812 1786 950 1826 clerico,
972 1791 1007 1820 et
1025 1785 1144 1820 multis
1163 1786 1248 1820 aliis.

165 1956 276 2002 Copia
294 1955 493 1990 donationis
512 1961 545 1990 et
564 1957 667 1990 etiam
687 1956 962 1990 confirmationis
993 1955 1132 1991 ecclesie
1165 1956 1283 1991 Sancti
1316 1957 1475 1998 Querani
1494 1960 1529 1993 in
1552 1959 1646 1994 Ken-

164 2011 243 2056 tyir.

165 2121 496 2157 VENERABILI
521 2124 611 2169 patri
631 2124 667 2158 in
686 2123 823 2158 Christo
842 2123 986 2158 domino
1006 2123 1205 2158 Laurencio
1225 2124 1295 2158 Dei
1312 2125 1425 2170 gratia
1444 2124 1646 2171 Erg'adienfi

165 2176 325 2225 episcopo
345 2177 535 2223 ceterisque
554 2178 680 2213 Christi
706 2179 866 2213 fidelibus
883 2180 928 2214 ad
957 2192 1108 2225 quorum
1126 2179 1304 2226 aspeeftum
1321 2179 1462 2227 presens
1479 2179 1645 2228 scriptum

163 2234 376 2281 pervenerit,
418 2233 571 2268 Jacobus
601 2233 805 2269 senescallus
837 2235 964 2275 Scotie,
1006 2235 1168 2269 dominus
1202 2235 1381 2271 Robertus
1411 2236 1644 2273 thesaurarius

165 2288 304 2325 ecclesie
323 2288 556 2335 Glafiguenfis,
584 2289 743 2335 magister
762 2290 918 2324 Thomas
945 2291 1129 2337 Nicholay’
1148 2289 1363 2326 subdecanus
1392 2292 1544 2340 ejusdem
1564 2293 1642 2334 loci,

166 2353 200 2382 et
217 2346 376 2393 magister
399 2345 600 2380 Alexander
629 2345 767 2380 Kenedi
794 2347 981 2381 canonicus
1010 2345 1162 2393 ejusdem
1182 2346 1330 2389 eccleiie‚
1351 2347 1493 2383 salutem
1515 2350 1550 2383 in
1571 2349 1644 2384 Do-
