1870 2683
765 253 836 289 DE
864 253 1134 290 PASSELET.
1619 260 1687 293 431

209 349 332 386 hawch
358 348 464 396 usque
494 353 688 384 torrentem
717 348 760 383 de
795 348 1050 397 Garpollburn,
1088 355 1123 385 et
1152 349 1196 384 fic
1225 349 1446 386 ascendendo
1481 364 1501 386 a
1536 351 1690 398 WVattyr-

209 405 326 440 holme
358 417 414 451 wp
447 418 510 452 per
546 405 675 439 (116ὶο111
710 417 834 451 aquam
869 406 911 440 de
956 405 1087 453 Caldyr
1122 405 1228 452 usque
1259 412 1452 442 torrentem
1486 407 1529 442 de
1560 407 1688 447 Clook,

210 467 245 497 et
261 461 304 497 fio
321 461 538 496 ascendendo
556 461 690 495 dictum
708 466 902 495 torrentem
931 462 973 496 de
1002 461 1117 497 Clook
1135 462 1242 508 usque
1260 468 1370 497 terras
1397 463 1528 497 domini
1549 463 1690 510 Symple

210 518 253 553 de
272 517 481 552 Mechelton
498 522 604 564 prout
620 517 752 564 lapides
770 522 805 551 et
822 517 964 563 antique
982 516 1066 552 foffe
1094 531 1157 564 per
1171 518 1289 552 (116ὶο5
1313 518 1450 565 judices
1469 517 1615 566 desuper
1634 531 1691 553 ex-

209 578 307 609 tente
318 579 354 608 et
367 573 477 608 01·οἇῒὶ
490 573 526 607 111
540 572 673 619 fignum
688 578 856 620 perpetue
875 573 1166 610 deambulationis
1184 575 1327 610 fuerunt
1342 591 1351 618 3
1373 582 1407 611 et
1421 577 1484 610 hos
1501 577 1630 610 limites
1647 574 1691 609 fic

210 630 335 664 divisos
362 629 406 664 ad
434 628 688 663 remanendum
705 629 963 675 imperpetuum
981 630 1106 677 abique
1124 632 1403 667 contradiffione
1433 633 1585 680 partium
1604 632 1690 666 dieti

203 685 340 733 judiees
358 684 612 719 ordinaverunt
639 689 674 718 et
701 684 853 718 finaliter
881 685 1124 722 decreverunt.
1178 687 1290 734 Super
1320 688 1444 734 quibus
1478 687 1639 723 omnibus
1658 694 1692 722 et

209 740 350 788 fingulis
367 739 601 787 suprascriptis
617 740 770 776 Jacobus
789 739 862 774 Cor
879 748 1088 788 procurator
1106 743 1284 778 (1ίᾶ10111111
1304 744 1452 778 Abbatis
1479 749 1514 778 et
1540 756 1692 778 conven-

210 804 266 832 tus
284 802 319 832 et
337 809 459 831 eorum
478 796 585 830 cliens
604 801 639 831 et
656 795 844 842 serjanduS‚
873 798 1017 832 nomine
1048 804 1084 833 et
1113 812 1156 834 ex
1172 804 1272 846 parte
1290 800 1466 834 dictorum
1486 800 1633 834 Abbatis
1659 804 1694 834 et

211 858 416 892 conventus,
436 864 456 886 a
472 864 529 886 me
547 852 684 885 notario
702 851 891 899 subscripto
908 852 968 887 fibi
986 859 1021 888 et
1038 855 1087 889 eis
1103 855 1180 889 fieri
1198 856 1298 902 petiit
1312 869 1422 890 unum
1441 861 1476 890 et
1493 856 1595 903 plura
1606 855 1691 902 pub-

210 909 315 945 licum
334 913 369 942 et
386 907 524 955 publica
536 906 804 942 instrumentum
822 913 857 942 et
874 908 1112 945 instrumenta.
1165 911 1261 945 Aeta
1274 917 1374 946 erant
1386 912 1451 946 hec
1462 912 1554 958 apud
1565 911 1692 946 limites

212 964 386 999 dietarum
404 968 578 997 terrarum
594 961 639 997 fic
656 962 842 998 divisarum
872 964 963 999 infra
988 965 1157 1000 decimam
1186 971 1222 1001 et
1250 967 1472 1001 undecimam
1491 967 1594 1002 horas
1611 972 1693 1001 ante

211 1019 404 1059 meridiem,
424 1031 529 1059 anno,
549 1019 616 1060 die,
636 1018 763 1060 mense,
782 1020 977 1055 indififione
996 1026 1030 1056 et
1043 1022 1251 1069 pontificatu
1269 1023 1503 1069 suprascriptis
1519 1037 1529 1065 3
1550 1022 1693 1057 Presen-

211 1076 303 1112 tibus
320 1076 447 1111 ibidem
466 1075 622 1123 providis
638 1076 721 1110 viris
736 1075 902 1111 Wilelmo
915 1077 1022 1118 Glen,
1043 1077 1209 1113 VVilelmo
1224 1078 1404 1125 Brydyng,
1426 1079 1566 1113 Thoma
1580 1079 1693 1114 Arch-

212 1132 304 1174 bald,
325 1132 465 1166 Thoma
478 1130 584 1172 Lwif,
605 1130 771 1166 Wilelmo
786 1131 965 1167 Henrison
983 1138 1019 1168 et
1030 1133 1195 1169 Johanne
1214 1134 1368 1181 Sympile
1386 1135 1422 1169 in
1435 1135 1692 1176 Caldorhauch‚

215 1201 295 1224 cum
313 1186 452 1223 diverfis
471 1187 545 1221 aliis
563 1186 703 1221 testibus
719 1187 764 1221 ad
780 1186 941 1234 premiffa
957 1189 1131 1224 audienda
1149 1191 1280 1225 vocatis
1298 1191 1429 1237 pariter
1447 1196 1482 1225 et
1499 1192 1640 1237 rogatis.

312 1243 361 1279 Et
379 1256 444 1289 ego
462 1242 615 1279 Jacobus
634 1242 730 1277 Glen
748 1243 905 1284 clericus,
933 1257 972 1279 ac
999 1246 1157 1280 notarius
1174 1246 1344 1294 imperiali
1363 1252 1398 1281 et
1415 1247 1524 1293 regali
1542 1247 1694 1282 31161011-

310 1299 450 1339 tatibus,
482 1298 564 1344 quia
580 1297 746 1345 premiffis
764 1299 925 1334 omnibus
943 1306 978 1335 et
994 1300 1134 1347 lingulis
1153 1302 1236 1337 dum
1254 1301 1298 1337 fic
1315 1308 1355 1337 ut
1372 1302 1586 1349 premittitur
1605 1303 1694 1338 dice-

311 1359 446 1395 rentur,
478 1360 668 1401 agerentur
699 1361 733 1389 et
763 1355 899 1396 fierent,
919 1369 990 1391 una
1008 1370 1087 1391 cum
1105 1359 1357 1404 prenominatis
1375 1358 1523 1399 testibus,
1555 1358 1695 1406 presens

310 1411 464 1451 interfui,
494 1422 534 1445 ac
551 1411 668 1445 omnia
686 1416 720 1445 et
737 1409 870 1457 singula
887 1412 1114 1461 suprascripta
1129 1413 1173 1448 fic
1190 1414 1267 1448 fieri
1283 1414 1366 1455 vidi,
1392 1414 1459 1449 dici
1485 1415 1565 1450 scivi
1585 1420 1619 1450 et
1636 1429 1695 1450 au-

312 1467 383 1502 divi
401 1479 440 1501 ac
457 1467 494 1500 in
511 1471 631 1501 notam
650 1467 737 1513 cepi,
758 1480 801 1501 ex
818 1480 887 1514 qua
903 1467 970 1502 1100
987 1468 1127 1515 presens
1143 1469 1322 1517 publicum
1340 1470 1608 1507 instrumentum
1625 1484 1696 1506 ma-

309 1536 359 1558 nu
377 1523 531 1563 alterius,
563 1535 618 1557 me
636 1523 711 1557 aliis
729 1529 899 1570 occupato
916 1525 1078 1570 negotiis,
1109 1526 1260 1560 fideliter
1285 1525 1450 1574 scriptum
1469 1528 1595 1562 exinde
1614 1540 1695 1562 con-

311 1581 377 1615 feci
396 1585 430 1614 et
447 1581 483 1614 in
501 1580 590 1615 hanc
607 1580 781 1627 publicam
798 1581 947 1616 formam
966 1582 1085 1628 redegi
1103 1580 1267 1628 signoque
1292 1582 1436 1617 nomine
1466 1588 1502 1618 et
1531 1583 1695 1630 subscrip-

310 1637 407 1672 tione
425 1636 510 1670 meis
527 1635 634 1670 solitis
652 1642 688 1671 et
705 1636 876 1672 consuetis
895 1636 1069 1684 subscripfi
1087 1643 1122 1672 et
1138 1637 1278 1684 fignavi,
1298 1644 1441 1685 rogatus
1455 1644 1490 1674 et
1503 1639 1693 1686 requifitus,

312 1693 350 1729 in
367 1692 472 1728 fidem
491 1697 526 1726 et
543 1691 777 1728 testimonium
795 1694 954 1728 omnium
973 1698 1008 1729 et
1024 1692 1240 1740 singulorum
1257 1693 1513 1741 premifl'orum.

1366 1750 1520 1786 Jacobus
1538 1751 1646 1787 Glen.

222 1875 497 1911 Instrumentum
515 1876 623 1909 annui
641 1876 799 1911 redditus
823 1889 951 1911 novem
982 1877 1171 1912 solidorum
1203 1883 1238 1912 et
1266 1878 1348 1913 octo
1380 1878 1603 1914 denariorum
1632 1894 1695 1928 pro

219 1945 291 1967 una
307 1931 394 1966 roda
410 1936 505 1966 terre
517 1930 657 1978 jacente
675 1932 712 1965 in
730 1931 856 1978 Longa
873 1933 984 1968 crofta
1001 1934 1044 1968 de
1063 1933 1207 1980 Glasgw
1226 1946 1305 1968 cum
1322 1935 1553 1981 pertinentiis.

222 2027 280 2063 IN
308 2026 403 2064 DEI
433 2026 649 2062 NOMINE
679 2027 810 2062 Amen.
863 2027 930 2063 Per
957 2029 1024 2064 1100
1052 2028 1192 2076 presens
1222 2030 1398 2076 publicum
1431 2030 1698 2068 instrumentum

221 2084 358 2119 cunetis
375 2088 492 2130 pateat
518 2083 699 2118 evidenter
717 2084 811 2130 quod
837 2097 932 2119 anno
963 2084 1110 2120 Domini
1130 2086 1173 2119 M⁰
1191 2090 1376 2126 cccccxr’‚
1397 2086 1453 2122 die
1470 2099 1556 2122 vero
1573 2090 1698 2135 penul-

220 2140 307 2175 timo
325 2138 447 2173 menfis
464 2138 487 2174 J
489 2138 562 2179 ulii,
593 2139 787 2175 indiffione
818 2141 1085 2186 decimaquarta,
1116 2140 1405 2188 pontificatusque
1434 2141 1631 2178 sanctiffimi
1660 2145 1698 2180 in

223 2195 359 2230 Christo
376 2195 484 2242 patris
502 2200 537 2229 et
555 2195 687 2229 domini
704 2194 810 2230 nostri
828 2196 960 2231 domini
979 2195 1065 2231 Julii
1083 2196 1200 2231 divina
1213 2197 1434 2243 providentia
1449 2211 1538 2245 pape
1556 2197 1697 2234 secundi

221 2264 315 2286 anno
333 2251 471 2292 oetam,
491 2250 528 2284 in
544 2251 614 2285 mei
630 2251 758 2285 notarii
774 2251 903 2298 publici
921 2257 956 2286 et
973 2251 1109 2286 testium
1124 2251 1421 2299 infrascriptorum
1432 2253 1605 2301 presentia
1620 2268 1699 2303 per-

221 2307 385 2343 sonaliter
402 2304 536 2342 acceflit
553 2306 766 2342 honorabilis
782 2307 836 2343 vir
853 2307 877 2344 J
878 2307 1034 2343 ohannes
1054 2307 1178 2344 Schaw
1194 2308 1343 2345 ballivus
1359 2309 1462 2357 burgi
1489 2316 1524 2346 et
1551 2312 1699 2348 civitatis
