<?xml version="1.0" encoding="UTF-8"?>
<!DOCTYPE html PUBLIC "-//W3C//DTD XHTML 1.0 Transitional//EN"
    "http://www.w3.org/TR/xhtml1/DTD/xhtml1-transitional.dtd">
<html xmlns="http://www.w3.org/1999/xhtml" xml:lang="en" lang="en">
 <head>
  <title>
</title>
<meta http-equiv="Content-Type" content="text/html;charset=utf-8" />
  <meta name='ocr-system' content='tesseract 3.04.00' />
  <meta name='ocr-capabilities' content='ocr_page ocr_carea ocr_par ocr_line ocrx_word'/>
</head>
<body>
  <div class='ocr_page' id='page_1' title='image "./registrummonaste00mait_0077.png"; bbox 0 0 1839 2652; ppageno 0'>
   <div class='ocr_carea' id='block_1_1' title="bbox 737 255 1670 298">
    <p class='ocr_par' dir='ltr' id='par_1_1' title="bbox 737 255 1670 298">
     <span class='ocr_line' id='line_1_1' title="bbox 737 255 1670 298; baseline -0.004 -1"><span class='ocrx_word' id='word_1_1' title='bbox 737 263 808 297; x_wconf 91' lang='lat' dir='ltr'>DE</span> <span class='ocrx_word' id='word_1_2' title='bbox 842 262 1115 298; x_wconf 86' lang='lat' dir='ltr'><strong>PASSELET.</strong></span> <span class='ocrx_word' id='word_1_3' title='bbox 1624 255 1670 293; x_wconf 87' lang='lat'>17</span> 
     </span>
    </p>
   </div>
   <div class='ocr_carea' id='block_1_2' title="bbox 183 348 1670 632">
    <p class='ocr_par' dir='ltr' id='par_1_2' title="bbox 183 348 1670 632">
     <span class='ocr_line' id='line_1_2' title="bbox 183 348 1668 407; baseline -0.009 -12"><span class='ocrx_word' id='word_1_4' title='bbox 183 374 204 395; x_wconf 88' lang='lat' dir='ltr'>a</span> <span class='ocrx_word' id='word_1_5' title='bbox 221 359 317 395; x_wconf 89' lang='lat' dir='ltr'>vobis</span> <span class='ocrx_word' id='word_1_6' title='bbox 336 359 555 407; x_wconf 88' lang='lat' dir='ltr'>impetranda</span> <span class='ocrx_word' id='word_1_7' title='bbox 582 364 617 394; x_wconf 88' lang='lat' dir='ltr'>et</span> <span class='ocrx_word' id='word_1_8' title='bbox 643 360 869 394; x_wconf 88' lang='lat' dir='ltr'>concedenda</span> <span class='ocrx_word' id='word_1_9' title='bbox 899 359 1030 394; x_wconf 85' lang='lat' dir='ltr'>fuerint</span> <span class='ocrx_word' id='word_1_10' title='bbox 1052 363 1304 406; x_wconf 79' lang='lat' dir='ltr'>competenter,</span> <span class='ocrx_word' id='word_1_11' title='bbox 1332 357 1580 402; x_wconf 81' lang='lat' dir='ltr'>procuratores</span> <span class='ocrx_word' id='word_1_12' title='bbox 1598 348 1668 383; x_wconf 81' lang='lat' dir='ltr'>dic-</span> 
     </span>
     <span class='ocr_line' id='line_1_3' title="bbox 183 408 1668 463; baseline -0.007 -12"><span class='ocrx_word' id='word_1_13' title='bbox 183 423 301 451; x_wconf 85' lang='lat' dir='ltr'>torum</span> <span class='ocrx_word' id='word_1_14' title='bbox 322 416 469 450; x_wconf 86' lang='lat' dir='ltr'>Abbatis</span> <span class='ocrx_word' id='word_1_15' title='bbox 488 421 522 450; x_wconf 89' lang='lat' dir='ltr'>et</span> <span class='ocrx_word' id='word_1_16' title='bbox 541 421 735 450; x_wconf 86' lang='lat' dir='ltr'>conventus</span> <span class='ocrx_word' id='word_1_17' title='bbox 761 416 805 450; x_wconf 86' lang='lat' dir='ltr'>ad</span> <span class='ocrx_word' id='word_1_18' title='bbox 831 429 893 449; x_wconf 84' lang='lat' dir='ltr'>vos</span> <span class='ocrx_word' id='word_1_19' title='bbox 912 416 1068 450; x_wconf 85' lang='lat' dir='ltr'>destinati</span> <span class='ocrx_word' id='word_1_20' title='bbox 1086 416 1290 463; x_wconf 87' lang='lat' dir='ltr'>potestatem</span> <span class='ocrx_word' id='word_1_21' title='bbox 1308 412 1487 448; x_wconf 89' lang='lat' dir='ltr'>habebunt</span> <span class='ocrx_word' id='word_1_22' title='bbox 1516 408 1561 443; x_wconf 88' lang='lat' dir='ltr'>ad</span> <span class='ocrx_word' id='word_1_23' title='bbox 1586 419 1668 442; x_wconf 93' lang='lat' dir='ltr'>con-</span> 
     </span>
     <span class='ocr_line' id='line_1_4' title="bbox 184 463 1670 518; baseline -0.007 -12"><span class='ocrx_word' id='word_1_24' title='bbox 184 473 403 508; x_wconf 88' lang='lat' dir='ltr'>sentiendum</span> <span class='ocrx_word' id='word_1_25' title='bbox 422 478 457 506; x_wconf 81' lang='lat' dir='ltr'>et</span> <span class='ocrx_word' id='word_1_26' title='bbox 487 472 714 518; x_wconf 84' lang='lat' dir='ltr'>obligandum</span> <span class='ocrx_word' id='word_1_27' title='bbox 745 473 879 506; x_wconf 64' lang='lat' dir='ltr'>dietum</span> <span class='ocrx_word' id='word_1_28' title='bbox 899 472 1144 506; x_wconf 85' lang='lat' dir='ltr'>monasterium</span> <span class='ocrx_word' id='word_1_29' title='bbox 1171 473 1213 506; x_wconf 88' lang='lat' dir='ltr'>de</span> <span class='ocrx_word' id='word_1_30' title='bbox 1244 469 1390 506; x_wconf 80' lang='lat' dir='ltr'>Paffelet</span> <span class='ocrx_word' id='word_1_31' title='bbox 1415 467 1499 502; x_wconf 88' lang='lat' dir='ltr'>ficut</span> <span class='ocrx_word' id='word_1_32' title='bbox 1516 463 1670 500; x_wconf 89' lang='lat' dir='ltr'>viderint</span> 
     </span>
     <span class='ocr_line' id='line_1_5' title="bbox 186 520 1669 576; baseline -0.007 -13"><span class='ocrx_word' id='word_1_33' title='bbox 186 529 362 576; x_wconf 83' lang='lat' dir='ltr'>expedire.</span> <span class='ocrx_word' id='word_1_34' title='bbox 416 528 460 562; x_wconf 91' lang='lat' dir='ltr'>In</span> <span class='ocrx_word' id='word_1_35' title='bbox 487 528 586 574; x_wconf 88' lang='lat' dir='ltr'>cujus</span> <span class='ocrx_word' id='word_1_36' title='bbox 612 529 662 562; x_wconf 89' lang='lat' dir='ltr'>rei</span> <span class='ocrx_word' id='word_1_37' title='bbox 689 528 922 562; x_wconf 65' lang='lat' dir='ltr'>testimonium</span> <span class='ocrx_word' id='word_1_38' title='bbox 942 528 1089 575; x_wconf 81' lang='lat' dir='ltr'>figillum</span> <span class='ocrx_word' id='word_1_39' title='bbox 1108 528 1264 562; x_wconf 85' lang='lat' dir='ltr'>nostrum</span> <span class='ocrx_word' id='word_1_40' title='bbox 1296 524 1518 574; x_wconf 86' lang='lat' dir='ltr'>apposuimus</span> <span class='ocrx_word' id='word_1_41' title='bbox 1542 520 1669 567; x_wconf 82' lang='lat' dir='ltr'>scripto</span> 
     </span>
     <span class='ocr_line' id='line_1_6' title="bbox 185 583 1447 632; baseline -0.004 -12"><span class='ocrx_word' id='word_1_42' title='bbox 185 584 335 632; x_wconf 80' lang='lat' dir='ltr'><strong>presenti</strong></span> <span class='ocrx_word' id='word_1_43' title='bbox 353 597 424 619; x_wconf 86' lang='lat' dir='ltr'>una</span> <span class='ocrx_word' id='word_1_44' title='bbox 441 597 517 619; x_wconf 83' lang='lat' dir='ltr'>cun]</span> <span class='ocrx_word' id='word_1_45' title='bbox 538 583 646 630; x_wconf 80' lang='lat' dir='ltr'>figillo</span> <span class='ocrx_word' id='word_1_46' title='bbox 665 584 808 631; x_wconf 86' lang='lat' dir='ltr'>capituli</span> <span class='ocrx_word' id='word_1_47' title='bbox 826 585 1003 619; x_wconf 63' lang='lat' dir='ltr'>dietorum</span> <span class='ocrx_word' id='word_1_48' title='bbox 1023 584 1170 618; x_wconf 82' lang='lat' dir='ltr'>Abbatis</span> <span class='ocrx_word' id='word_1_49' title='bbox 1189 590 1223 619; x_wconf 90' lang='lat' dir='ltr'>et</span> <span class='ocrx_word' id='word_1_50' title='bbox 1242 588 1447 618; x_wconf 86' lang='lat' dir='ltr'>conventus.</span> 
     </span>
    </p>
   </div>
   <div class='ocr_carea' id='block_1_3' title="bbox 188 746 1671 850">
    <p class='ocr_par' dir='ltr' id='par_1_3' title="bbox 188 746 1671 850">
     <span class='ocr_line' id='line_1_7' title="bbox 189 746 1671 798; baseline -0.005 -10"><span class='ocrx_word' id='word_1_51' title='bbox 189 754 297 788; x_wconf 83' lang='lat' dir='ltr'>Carta</span> <span class='ocrx_word' id='word_1_52' title='bbox 314 752 462 787; x_wconf 90' lang='lat' dir='ltr'>Walteri</span> <span class='ocrx_word' id='word_1_53' title='bbox 479 751 631 793; x_wconf 88' lang='lat' dir='ltr'>secundi,</span> <span class='ocrx_word' id='word_1_54' title='bbox 652 752 714 786; x_wconf 89' lang='lat' dir='ltr'>filii</span> <span class='ocrx_word' id='word_1_55' title='bbox 733 752 853 793; x_wconf 86' lang='lat' dir='ltr'>Alani,</span> <span class='ocrx_word' id='word_1_56' title='bbox 875 753 917 787; x_wconf 91' lang='lat' dir='ltr'>de</span> <span class='ocrx_word' id='word_1_57' title='bbox 931 753 1033 787; x_wconf 81' lang='lat' dir='ltr'>terris</span> <span class='ocrx_word' id='word_1_58' title='bbox 1051 752 1144 787; x_wconf 88' lang='lat' dir='ltr'>inter</span> <span class='ocrx_word' id='word_1_59' title='bbox 1165 750 1410 798; x_wconf 84' lang='lat' dir='ltr'>Hauldpatric,</span> <span class='ocrx_word' id='word_1_60' title='bbox 1431 754 1466 784; x_wconf 88' lang='lat' dir='ltr'>et</span> <span class='ocrx_word' id='word_1_61' title='bbox 1484 746 1671 795; x_wconf 87' lang='lat' dir='ltr'>Espedare,</span> 
     </span>
     <span class='ocr_line' id='line_1_8' title="bbox 188 809 587 850; baseline -0.005 -5"><span class='ocrx_word' id='word_1_62' title='bbox 188 816 224 845; x_wconf 88' lang='lat' dir='ltr'>et</span> <span class='ocrx_word' id='word_1_63' title='bbox 242 809 362 850; x_wconf 79' lang='lat' dir='ltr'>Mauo,</span> <span class='ocrx_word' id='word_1_64' title='bbox 391 814 426 844; x_wconf 86' lang='lat' dir='ltr'>et</span> <span class='ocrx_word' id='word_1_65' title='bbox 444 809 587 844; x_wconf 85' lang='lat' dir='ltr'>Caldor.</span> 
     </span>
    </p>
   </div>
   <div class='ocr_carea' id='block_1_4' title="bbox 190 919 1682 2414">
    <p class='ocr_par' dir='ltr' id='par_1_4' title="bbox 190 919 1682 2414">
     <span class='ocr_line' id='line_1_9' title="bbox 190 919 1674 969; baseline -0.003 -12"><span class='ocrx_word' id='word_1_66' title='bbox 190 921 472 957; x_wconf 86' lang='lat' dir='ltr'><strong>VALTERUS</strong></span> <span class='ocrx_word' id='word_1_67' title='bbox 497 922 590 956; x_wconf 84' lang='lat' dir='ltr'>filius</span> <span class='ocrx_word' id='word_1_68' title='bbox 618 921 737 962; x_wconf 78' lang='lat' dir='ltr'>Alani,</span> <span class='ocrx_word' id='word_1_69' title='bbox 767 922 900 969; x_wconf 83' lang='lat' dir='ltr'>dapifer</span> <span class='ocrx_word' id='word_1_70' title='bbox 929 922 1039 969; x_wconf 84' lang='lat' dir='ltr'>Regis</span> <span class='ocrx_word' id='word_1_71' title='bbox 1066 922 1192 963; x_wconf 88' lang='lat' dir='ltr'>Scotie,</span> <span class='ocrx_word' id='word_1_72' title='bbox 1221 920 1388 956; x_wconf 86' lang='lat' dir='ltr'>univerfis</span> <span class='ocrx_word' id='word_1_73' title='bbox 1405 920 1523 955; x_wconf 59' lang='lat' dir='ltr'>fauete</span> <span class='ocrx_word' id='word_1_74' title='bbox 1553 919 1674 953; x_wconf 88' lang='lat' dir='ltr'>matris</span> 
     </span>
     <span class='ocr_line' id='line_1_10' title="bbox 191 975 1674 1025; baseline -0.003 -13"><span class='ocrx_word' id='word_1_75' title='bbox 191 978 329 1013; x_wconf 88' lang='lat' dir='ltr'>ecclefie</span> <span class='ocrx_word' id='word_1_76' title='bbox 347 979 427 1012; x_wconf 85' lang='lat' dir='ltr'>filiis</span> <span class='ocrx_word' id='word_1_77' title='bbox 443 984 516 1012; x_wconf 87' lang='lat' dir='ltr'>tam</span> <span class='ocrx_word' id='word_1_78' title='bbox 534 977 750 1025; x_wconf 82' lang='lat' dir='ltr'>presentibus</span> <span class='ocrx_word' id='word_1_79' title='bbox 763 991 868 1025; x_wconf 88' lang='lat' dir='ltr'>quam</span> <span class='ocrx_word' id='word_1_80' title='bbox 882 979 1019 1019; x_wconf 83' lang='lat' dir='ltr'>futuris,</span> <span class='ocrx_word' id='word_1_81' title='bbox 1039 978 1182 1012; x_wconf 86' lang='lat' dir='ltr'>salutem</span> <span class='ocrx_word' id='word_1_82' title='bbox 1202 978 1238 1012; x_wconf 90' lang='lat' dir='ltr'>in</span> <span class='ocrx_word' id='word_1_83' title='bbox 1254 977 1424 1011; x_wconf 87' lang='lat' dir='ltr'>Domino.</span> <span class='ocrx_word' id='word_1_84' title='bbox 1478 975 1601 1010; x_wconf 87' lang='lat' dir='ltr'>Sciatis</span> <span class='ocrx_word' id='word_1_85' title='bbox 1618 987 1674 1009; x_wconf 90' lang='lat' dir='ltr'>me</span> 
     </span>
     <span class='ocr_line' id='line_1_11' title="bbox 191 1031 1675 1082; baseline -0.003 -13"><span class='ocrx_word' id='word_1_86' title='bbox 191 1033 319 1069; x_wconf 84' lang='lat' dir='ltr'>dediffe</span> <span class='ocrx_word' id='word_1_87' title='bbox 338 1040 373 1069; x_wconf 90' lang='lat' dir='ltr'>et</span> <span class='ocrx_word' id='word_1_88' title='bbox 391 1033 584 1069; x_wconf 81' lang='lat' dir='ltr'>concelliffe</span> <span class='ocrx_word' id='word_1_89' title='bbox 603 1040 638 1069; x_wconf 88' lang='lat' dir='ltr'>et</span> <span class='ocrx_word' id='word_1_90' title='bbox 663 1035 727 1069; x_wconf 84' lang='lat' dir='ltr'>hac</span> <span class='ocrx_word' id='word_1_91' title='bbox 744 1034 896 1082; x_wconf 88' lang='lat' dir='ltr'>presenti</span> <span class='ocrx_word' id='word_1_92' title='bbox 914 1040 1010 1069; x_wconf 87' lang='lat' dir='ltr'>carta</span> <span class='ocrx_word' id='word_1_93' title='bbox 1027 1047 1105 1069; x_wconf 90' lang='lat' dir='ltr'>mea</span> <span class='ocrx_word' id='word_1_94' title='bbox 1122 1032 1340 1068; x_wconf 75' lang='lat' dir='ltr'>confirmafl&#39;e</span> <span class='ocrx_word' id='word_1_95' title='bbox 1367 1032 1449 1067; x_wconf 89' lang='lat' dir='ltr'>Deo</span> <span class='ocrx_word' id='word_1_96' title='bbox 1480 1038 1515 1066; x_wconf 88' lang='lat' dir='ltr'>et</span> <span class='ocrx_word' id='word_1_97' title='bbox 1544 1031 1675 1066; x_wconf 64' lang='lat' dir='ltr'>Sancto</span> 
     </span>
     <span class='ocr_line' id='line_1_12' title="bbox 191 1086 1676 1126; baseline -0.003 -1"><span class='ocrx_word' id='word_1_98' title='bbox 191 1089 325 1126; x_wconf 86' lang='lat' dir='ltr'>Jacobo</span> <span class='ocrx_word' id='word_1_99' title='bbox 344 1095 379 1124; x_wconf 88' lang='lat' dir='ltr'>et</span> <span class='ocrx_word' id='word_1_100' title='bbox 397 1090 528 1125; x_wconf 70' lang='grc' dir='ltr'>83ηὸῒο</span> <span class='ocrx_word' id='word_1_101' title='bbox 548 1089 683 1124; x_wconf 89' lang='lat' dir='ltr'>Mirino</span> <span class='ocrx_word' id='word_1_102' title='bbox 703 1090 745 1124; x_wconf 93' lang='lat' dir='ltr'>de</span> <span class='ocrx_word' id='word_1_103' title='bbox 765 1088 912 1125; x_wconf 82' lang='lat' dir='ltr'>Paffelet</span> <span class='ocrx_word' id='word_1_104' title='bbox 930 1096 965 1125; x_wconf 85' lang='lat' dir='ltr'>et</span> <span class='ocrx_word' id='word_1_105' title='bbox 982 1090 1161 1125; x_wconf 88' lang='lat' dir='ltr'>monachis</span> <span class='ocrx_word' id='word_1_106' title='bbox 1193 1090 1320 1124; x_wconf 90' lang='lat' dir='ltr'>ibidem</span> <span class='ocrx_word' id='word_1_107' title='bbox 1346 1089 1428 1123; x_wconf 90' lang='lat' dir='ltr'>Deo</span> <span class='ocrx_word' id='word_1_108' title='bbox 1446 1086 1676 1122; x_wconf 85' lang='lat' dir='ltr'>servientibus</span> 
     </span>
     <span class='ocr_line' id='line_1_13' title="bbox 192 1143 1676 1194; baseline -0.003 -14"><span class='ocrx_word' id='word_1_109' title='bbox 192 1145 382 1180; x_wconf 81' lang='lat' dir='ltr'>secundum</span> <span class='ocrx_word' id='word_1_110' title='bbox 401 1146 560 1180; x_wconf 83' lang='lat' dir='ltr'>ordinem</span> <span class='ocrx_word' id='word_1_111' title='bbox 581 1145 859 1187; x_wconf 86' lang='lat' dir='ltr'>Cluniacensem,</span> <span class='ocrx_word' id='word_1_112' title='bbox 879 1147 916 1180; x_wconf 91' lang='lat' dir='ltr'>in</span> <span class='ocrx_word' id='word_1_113' title='bbox 927 1160 1050 1194; x_wconf 86' lang='lat' dir='ltr'>puram</span> <span class='ocrx_word' id='word_1_114' title='bbox 1066 1152 1100 1181; x_wconf 91' lang='lat' dir='ltr'>et</span> <span class='ocrx_word' id='word_1_115' title='bbox 1115 1147 1260 1181; x_wconf 81' lang='lat' dir='ltr'>liberam</span> <span class='ocrx_word' id='word_1_116' title='bbox 1280 1151 1314 1180; x_wconf 89' lang='lat' dir='ltr'>et</span> <span class='ocrx_word' id='word_1_117' title='bbox 1327 1150 1533 1192; x_wconf 86' lang='lat' dir='ltr'>perpetuam</span> <span class='ocrx_word' id='word_1_118' title='bbox 1548 1143 1676 1177; x_wconf 89' lang='lat' dir='ltr'>elemo-</span> 
     </span>
     <span class='ocr_line' id='line_1_14' title="bbox 192 1198 1676 1249; baseline -0.002 -13"><span class='ocrx_word' id='word_1_119' title='bbox 192 1201 309 1243; x_wconf 86' lang='lat' dir='ltr'>finam,</span> <span class='ocrx_word' id='word_1_120' title='bbox 323 1208 432 1237; x_wconf 87' lang='lat' dir='ltr'>totam</span> <span class='ocrx_word' id='word_1_121' title='bbox 445 1208 574 1237; x_wconf 89' lang='lat' dir='ltr'>terram</span> <span class='ocrx_word' id='word_1_122' title='bbox 589 1202 681 1236; x_wconf 83' lang='lat' dir='ltr'>inter</span> <span class='ocrx_word' id='word_1_123' title='bbox 695 1202 930 1249; x_wconf 86' lang='lat' dir='ltr'>Hauldpatric</span> <span class='ocrx_word' id='word_1_124' title='bbox 945 1208 978 1237; x_wconf 86' lang='lat' dir='ltr'>et</span> <span class='ocrx_word' id='word_1_125' title='bbox 993 1202 1179 1249; x_wconf 85' lang='lat' dir='ltr'>Espedare,</span> <span class='ocrx_word' id='word_1_126' title='bbox 1192 1201 1277 1236; x_wconf 84' lang='lat' dir='ltr'>ficut</span> <span class='ocrx_word' id='word_1_127' title='bbox 1291 1200 1526 1247; x_wconf 85' lang='lat' dir='ltr'>Hauldpatric</span> <span class='ocrx_word' id='word_1_128' title='bbox 1539 1198 1676 1234; x_wconf 86' lang='lat' dir='ltr'>descen-</span> 
     </span>
     <span class='ocr_line' id='line_1_15' title="bbox 196 1255 1676 1305; baseline -0.002 -13"><span class='ocrx_word' id='word_1_129' title='bbox 196 1259 246 1292; x_wconf 88' lang='lat' dir='ltr'>dit</span> <span class='ocrx_word' id='word_1_130' title='bbox 264 1259 300 1292; x_wconf 93' lang='lat' dir='ltr'>in</span> <span class='ocrx_word' id='word_1_131' title='bbox 320 1258 636 1293; x_wconf 80' lang='lat' dir='ltr'>Kertlochwinnoc</span> <span class='ocrx_word' id='word_1_132' title='bbox 651 1264 685 1292; x_wconf 84' lang='lat' dir='ltr'>et</span> <span class='ocrx_word' id='word_1_133' title='bbox 701 1257 875 1305; x_wconf 83' lang='lat' dir='ltr'>Espedare</span> <span class='ocrx_word' id='word_1_134' title='bbox 888 1258 1064 1293; x_wconf 87' lang='lat' dir='ltr'>descendit</span> <span class='ocrx_word' id='word_1_135' title='bbox 1076 1259 1119 1293; x_wconf 87' lang='lat' dir='ltr'>ad</span> <span class='ocrx_word' id='word_1_136' title='bbox 1137 1264 1268 1293; x_wconf 86' lang='lat' dir='ltr'>terram</span> <span class='ocrx_word' id='word_1_137' title='bbox 1288 1258 1543 1291; x_wconf 87' lang='lat' dir='ltr'>monachorum</span> <span class='ocrx_word' id='word_1_138' title='bbox 1557 1255 1676 1303; x_wconf 83' lang='lat' dir='ltr'>jacen-</span> 
     </span>
     <span class='ocr_line' id='line_1_16' title="bbox 195 1311 1676 1362; baseline -0.003 -13"><span class='ocrx_word' id='word_1_139' title='bbox 195 1320 265 1349; x_wconf 90' lang='lat' dir='ltr'>tem</span> <span class='ocrx_word' id='word_1_140' title='bbox 288 1315 380 1349; x_wconf 88' lang='lat' dir='ltr'>inter</span> <span class='ocrx_word' id='word_1_141' title='bbox 397 1315 428 1349; x_wconf 83' lang='lat' dir='ltr'>le</span> <span class='ocrx_word' id='word_1_142' title='bbox 446 1314 562 1349; x_wconf 87' lang='lat' dir='ltr'>Linne</span> <span class='ocrx_word' id='word_1_143' title='bbox 581 1319 615 1348; x_wconf 89' lang='lat' dir='ltr'>et</span> <span class='ocrx_word' id='word_1_144' title='bbox 634 1314 735 1354; x_wconf 82' lang='lat' dir='ltr'>Kert,</span> <span class='ocrx_word' id='word_1_145' title='bbox 763 1314 799 1347; x_wconf 89' lang='lat' dir='ltr'>in</span> <span class='ocrx_word' id='word_1_146' title='bbox 818 1315 914 1360; x_wconf 85' lang='lat' dir='ltr'>aquis</span> <span class='ocrx_word' id='word_1_147' title='bbox 933 1320 966 1349; x_wconf 87' lang='lat' dir='ltr'>et</span> <span class='ocrx_word' id='word_1_148' title='bbox 983 1314 1119 1361; x_wconf 78' lang='lat' dir='ltr'>stagnis,</span> <span class='ocrx_word' id='word_1_149' title='bbox 1148 1315 1183 1348; x_wconf 90' lang='lat' dir='ltr'>in</span> <span class='ocrx_word' id='word_1_150' title='bbox 1208 1315 1316 1362; x_wconf 86' lang='lat' dir='ltr'>pratis</span> <span class='ocrx_word' id='word_1_151' title='bbox 1334 1319 1369 1348; x_wconf 88' lang='lat' dir='ltr'>et</span> <span class='ocrx_word' id='word_1_152' title='bbox 1386 1312 1529 1360; x_wconf 76' lang='lat' dir='ltr'>pascuiS‚</span> <span class='ocrx_word' id='word_1_153' title='bbox 1558 1312 1594 1345; x_wconf 93' lang='lat' dir='ltr'>in</span> <span class='ocrx_word' id='word_1_154' title='bbox 1612 1311 1676 1345; x_wconf 86' lang='lat' dir='ltr'>viis</span> 
     </span>
     <span class='ocr_line' id='line_1_17' title="bbox 196 1368 1676 1418; baseline -0.003 -13"><span class='ocrx_word' id='word_1_155' title='bbox 196 1377 231 1405; x_wconf 90' lang='lat' dir='ltr'>et</span> <span class='ocrx_word' id='word_1_156' title='bbox 248 1370 385 1411; x_wconf 86' lang='lat' dir='ltr'>semitis,</span> <span class='ocrx_word' id='word_1_157' title='bbox 413 1384 475 1418; x_wconf 90' lang='lat' dir='ltr'>per</span> <span class='ocrx_word' id='word_1_158' title='bbox 492 1371 606 1406; x_wconf 65' lang='lat' dir='ltr'>rectas</span> <span class='ocrx_word' id='word_1_159' title='bbox 625 1369 747 1405; x_wconf 87' lang='lat' dir='ltr'>divisas</span> <span class='ocrx_word' id='word_1_160' title='bbox 765 1369 852 1410; x_wconf 88' lang='lat' dir='ltr'>suas,</span> <span class='ocrx_word' id='word_1_161' title='bbox 873 1375 907 1404; x_wconf 87' lang='lat' dir='ltr'>et</span> <span class='ocrx_word' id='word_1_162' title='bbox 925 1370 1009 1405; x_wconf 82' lang='lat' dir='ltr'>ficut</span> <span class='ocrx_word' id='word_1_163' title='bbox 1029 1371 1208 1405; x_wconf 87' lang='lat' dir='ltr'>Robertus</span> <span class='ocrx_word' id='word_1_164' title='bbox 1237 1370 1330 1404; x_wconf 81' lang='lat' dir='ltr'>Croc</span> <span class='ocrx_word' id='word_1_165' title='bbox 1360 1375 1395 1403; x_wconf 86' lang='lat' dir='ltr'>et</span> <span class='ocrx_word' id='word_1_166' title='bbox 1428 1368 1606 1403; x_wconf 81' lang='lat' dir='ltr'>Henricus</span> <span class='ocrx_word' id='word_1_167' title='bbox 1632 1368 1676 1401; x_wconf 86' lang='lat' dir='ltr'>de</span> 
     </span>
     <span class='ocr_line' id='line_1_18' title="bbox 198 1423 1676 1474; baseline -0.003 -13"><span class='ocrx_word' id='word_1_168' title='bbox 198 1427 282 1468; x_wconf 89' lang='lat' dir='ltr'>Nes,</span> <span class='ocrx_word' id='word_1_169' title='bbox 302 1433 336 1462; x_wconf 92' lang='lat' dir='ltr'>et</span> <span class='ocrx_word' id='word_1_170' title='bbox 349 1427 533 1462; x_wconf 81' lang='lat' dir='ltr'>Wilelmus</span> <span class='ocrx_word' id='word_1_171' title='bbox 553 1426 705 1467; x_wconf 66' lang='lat' dir='ltr'>Mamas,</span> <span class='ocrx_word' id='word_1_172' title='bbox 726 1440 805 1460; x_wconf 83' lang='lat' dir='ltr'>cum</span> <span class='ocrx_word' id='word_1_173' title='bbox 818 1427 893 1461; x_wconf 88' lang='lat' dir='ltr'>aliis</span> <span class='ocrx_word' id='word_1_174' title='bbox 910 1427 1026 1474; x_wconf 81' lang='lat' dir='ltr'>probis</span> <span class='ocrx_word' id='word_1_175' title='bbox 1044 1426 1244 1461; x_wconf 88' lang='lat' dir='ltr'>hominibus</span> <span class='ocrx_word' id='word_1_176' title='bbox 1262 1426 1358 1466; x_wconf 87' lang='lat' dir='ltr'>meis,</span> <span class='ocrx_word' id='word_1_177' title='bbox 1380 1425 1474 1458; x_wconf 88' lang='lat' dir='ltr'>illam</span> <span class='ocrx_word' id='word_1_178' title='bbox 1492 1423 1676 1471; x_wconf 85' lang='lat' dir='ltr'>perambu-</span> 
     </span>
     <span class='ocr_line' id='line_1_19' title="bbox 196 1479 1677 1529; baseline -0.002 -12"><span class='ocrx_word' id='word_1_179' title='bbox 196 1484 359 1518; x_wconf 82' lang='lat' dir='ltr'>laverunt</span> <span class='ocrx_word' id='word_1_180' title='bbox 372 1498 382 1526; x_wconf 90' lang='lat'>;</span> <span class='ocrx_word' id='word_1_181' title='bbox 411 1484 459 1517; x_wconf 85' lang='lat' dir='ltr'>ita</span> <span class='ocrx_word' id='word_1_182' title='bbox 476 1479 570 1529; x_wconf 85' lang='lat' dir='ltr'>quod</span> <span class='ocrx_word' id='word_1_183' title='bbox 588 1483 679 1516; x_wconf 85' lang='lat' dir='ltr'>infra</span> <span class='ocrx_word' id='word_1_184' title='bbox 695 1483 870 1529; x_wconf 59' lang='lat' dir='ltr'>predictas</span> <span class='ocrx_word' id='word_1_185' title='bbox 901 1482 1023 1517; x_wconf 88' lang='lat' dir='ltr'>divisas</span> <span class='ocrx_word' id='word_1_186' title='bbox 1049 1481 1272 1522; x_wconf 82' lang='lat' dir='ltr'>affartabunt,</span> <span class='ocrx_word' id='word_1_187' title='bbox 1301 1482 1450 1516; x_wconf 86' lang='lat' dir='ltr'>arabunt</span> <span class='ocrx_word' id='word_1_188' title='bbox 1478 1486 1513 1515; x_wconf 85' lang='lat' dir='ltr'>et</span> <span class='ocrx_word' id='word_1_189' title='bbox 1541 1480 1677 1515; x_wconf 86' lang='lat' dir='ltr'>edifica-</span> 
     </span>
     <span class='ocr_line' id='line_1_20' title="bbox 196 1537 1678 1585; baseline -0.003 -11"><span class='ocrx_word' id='word_1_190' title='bbox 196 1541 285 1574; x_wconf 86' lang='lat' dir='ltr'>bunt</span> <span class='ocrx_word' id='word_1_191' title='bbox 302 1539 371 1574; x_wconf 92' lang='lat' dir='ltr'>fine</span> <span class='ocrx_word' id='word_1_192' title='bbox 390 1540 486 1573; x_wconf 93' lang='lat' dir='ltr'>omni</span> <span class='ocrx_word' id='word_1_193' title='bbox 505 1539 670 1579; x_wconf 83' lang='lat' dir='ltr'>molestia,</span> <span class='ocrx_word' id='word_1_194' title='bbox 699 1544 734 1573; x_wconf 85' lang='lat' dir='ltr'>et</span> <span class='ocrx_word' id='word_1_195' title='bbox 763 1538 859 1585; x_wconf 80' lang='lat' dir='ltr'>sepes</span> <span class='ocrx_word' id='word_1_196' title='bbox 887 1539 1015 1573; x_wconf 85' lang='lat' dir='ltr'>facient</span> <span class='ocrx_word' id='word_1_197' title='bbox 1043 1543 1078 1573; x_wconf 92' lang='lat' dir='ltr'>et</span> <span class='ocrx_word' id='word_1_198' title='bbox 1105 1537 1279 1572; x_wconf 84' lang='lat' dir='ltr'>clausuras</span> <span class='ocrx_word' id='word_1_199' title='bbox 1306 1538 1396 1571; x_wconf 87' lang='lat' dir='ltr'>infra</span> <span class='ocrx_word' id='word_1_200' title='bbox 1413 1537 1584 1572; x_wconf 84' lang='lat' dir='ltr'>terminos</span> <span class='ocrx_word' id='word_1_201' title='bbox 1601 1549 1678 1584; x_wconf 89' lang='lat' dir='ltr'>pre-</span> 
     </span>
     <span class='ocr_line' id='line_1_21' title="bbox 198 1592 1678 1643; baseline -0.003 -12"><span class='ocrx_word' id='word_1_202' title='bbox 198 1597 292 1631; x_wconf 72' lang='grc' dir='ltr'>(ἰὶἇὶθ</span> <span class='ocrx_word' id='word_1_203' title='bbox 309 1602 403 1630; x_wconf 85' lang='lat' dir='ltr'>terre</span> <span class='ocrx_word' id='word_1_204' title='bbox 421 1608 484 1643; x_wconf 89' lang='lat' dir='ltr'>per</span> <span class='ocrx_word' id='word_1_205' title='bbox 502 1595 699 1635; x_wconf 85' lang='lat' dir='ltr'>circuitum,</span> <span class='ocrx_word' id='word_1_206' title='bbox 728 1594 918 1629; x_wconf 84' lang='lat' dir='ltr'>secundum</span> <span class='ocrx_word' id='word_1_207' title='bbox 950 1595 1045 1640; x_wconf 86' lang='lat' dir='ltr'>quod</span> <span class='ocrx_word' id='word_1_208' title='bbox 1074 1594 1253 1629; x_wconf 87' lang='lat' dir='ltr'>voluerint</span> <span class='ocrx_word' id='word_1_209' title='bbox 1272 1599 1306 1629; x_wconf 90' lang='lat' dir='ltr'>et</span> <span class='ocrx_word' id='word_1_210' title='bbox 1324 1594 1478 1628; x_wconf 85' lang='lat' dir='ltr'>viderint</span> <span class='ocrx_word' id='word_1_211' title='bbox 1508 1592 1678 1639; x_wconf 87' lang='lat' dir='ltr'>majorem</span> 
     </span>
     <span class='ocr_line' id='line_1_22' title="bbox 197 1648 1677 1698; baseline -0.003 -12"><span class='ocrx_word' id='word_1_212' title='bbox 197 1652 384 1687; x_wconf 86' lang='lat' dir='ltr'>utilitatem</span> <span class='ocrx_word' id='word_1_213' title='bbox 397 1652 478 1686; x_wconf 89' lang='lat' dir='ltr'>inde</span> <span class='ocrx_word' id='word_1_214' title='bbox 490 1651 547 1685; x_wconf 90' lang='lat' dir='ltr'>fibi</span> <span class='ocrx_word' id='word_1_215' title='bbox 562 1649 655 1698; x_wconf 75' lang='lat' dir='ltr'>pofl&#39;e</span> <span class='ocrx_word' id='word_1_216' title='bbox 670 1651 875 1685; x_wconf 89' lang='lat' dir='ltr'>omnimodo</span> <span class='ocrx_word' id='word_1_217' title='bbox 893 1651 1081 1697; x_wconf 88' lang='lat' dir='ltr'>provenire</span> <span class='ocrx_word' id='word_1_218' title='bbox 1095 1665 1104 1693; x_wconf 89' lang='lat'>;</span> <span class='ocrx_word' id='word_1_219' title='bbox 1127 1651 1280 1697; x_wconf 83' lang='lat' dir='ltr'>exceptis</span> <span class='ocrx_word' id='word_1_220' title='bbox 1298 1650 1419 1684; x_wconf 89' lang='lat' dir='ltr'>avibus</span> <span class='ocrx_word' id='word_1_221' title='bbox 1437 1649 1522 1683; x_wconf 89' lang='lat' dir='ltr'>meis</span> <span class='ocrx_word' id='word_1_222' title='bbox 1537 1654 1571 1683; x_wconf 90' lang='lat' dir='ltr'>et</span> <span class='ocrx_word' id='word_1_223' title='bbox 1585 1648 1677 1683; x_wconf 83' lang='lat' dir='ltr'>feris.</span> 
     </span>
     <span class='ocr_line' id='line_1_23' title="bbox 200 1704 1677 1754; baseline -0.003 -11"><span class='ocrx_word' id='word_1_224' title='bbox 200 1709 235 1743; x_wconf 85' lang='lat' dir='ltr'>Si</span> <span class='ocrx_word' id='word_1_225' title='bbox 249 1721 334 1743; x_wconf 89' lang='lat' dir='ltr'>vero</span> <span class='ocrx_word' id='word_1_226' title='bbox 353 1707 539 1754; x_wconf 78' lang='lat' dir='ltr'>contigerit</span> <span class='ocrx_word' id='word_1_227' title='bbox 557 1707 720 1741; x_wconf 90' lang='lat' dir='ltr'>animalia</span> <span class='ocrx_word' id='word_1_228' title='bbox 737 1720 860 1741; x_wconf 87' lang='lat' dir='ltr'>eorum</span> <span class='ocrx_word' id='word_1_229' title='bbox 878 1707 1054 1753; x_wconf 63' lang='lat' dir='ltr'>predictas</span> <span class='ocrx_word' id='word_1_230' title='bbox 1071 1705 1215 1741; x_wconf 77' lang='lat' dir='ltr'>transire</span> <span class='ocrx_word' id='word_1_231' title='bbox 1230 1706 1352 1741; x_wconf 86' lang='lat' dir='ltr'>divisas</span> <span class='ocrx_word' id='word_1_232' title='bbox 1366 1706 1457 1740; x_wconf 85' lang='lat' dir='ltr'>infra</span> <span class='ocrx_word' id='word_1_233' title='bbox 1474 1704 1677 1740; x_wconf 89' lang='lat' dir='ltr'>Forineifim</span> 
     </span>
     <span class='ocr_line' id='line_1_24' title="bbox 200 1762 1679 1810; baseline -0.001 -12"><span class='ocrx_word' id='word_1_234' title='bbox 200 1777 279 1798; x_wconf 89' lang='lat' dir='ltr'>cum</span> <span class='ocrx_word' id='word_1_235' title='bbox 297 1764 389 1798; x_wconf 64' lang='lat' dir='ltr'>facta</span> <span class='ocrx_word' id='word_1_236' title='bbox 407 1763 570 1804; x_wconf 82' lang='lat' dir='ltr'>custodia,</span> <span class='ocrx_word' id='word_1_237' title='bbox 599 1763 635 1796; x_wconf 88' lang='lat' dir='ltr'>in</span> <span class='ocrx_word' id='word_1_238' title='bbox 661 1762 897 1797; x_wconf 85' lang='lat' dir='ltr'>misericordia</span> <span class='ocrx_word' id='word_1_239' title='bbox 925 1769 1028 1798; x_wconf 88' lang='lat' dir='ltr'>erunt</span> <span class='ocrx_word' id='word_1_240' title='bbox 1055 1764 1098 1798; x_wconf 92' lang='lat' dir='ltr'>de</span> <span class='ocrx_word' id='word_1_241' title='bbox 1125 1764 1278 1810; x_wconf 87' lang='lat' dir='ltr'>quinque</span> <span class='ocrx_word' id='word_1_242' title='bbox 1297 1764 1409 1798; x_wconf 81' lang='lat' dir='ltr'>vaccis</span> <span class='ocrx_word' id='word_1_243' title='bbox 1425 1777 1434 1806; x_wconf 90' lang='lat'>;</span> <span class='ocrx_word' id='word_1_244' title='bbox 1463 1769 1498 1797; x_wconf 89' lang='lat' dir='ltr'>et</span> <span class='ocrx_word' id='word_1_245' title='bbox 1525 1762 1549 1796; x_wconf 93' lang='lat' dir='ltr'><strong>fi</strong></span> <span class='ocrx_word' id='word_1_246' title='bbox 1579 1768 1679 1810; x_wconf 90' lang='lat' dir='ltr'>capta</span> 
     </span>
     <span class='ocr_line' id='line_1_25' title="bbox 199 1819 1678 1866; baseline -0.002 -11"><span class='ocrx_word' id='word_1_247' title='bbox 199 1820 330 1855; x_wconf 85' lang='lat' dir='ltr'>fuerint</span> <span class='ocrx_word' id='word_1_248' title='bbox 347 1819 408 1853; x_wconf 86' lang='lat' dir='ltr'>nifi</span> <span class='ocrx_word' id='word_1_249' title='bbox 425 1819 518 1853; x_wconf 70' lang='lat' dir='ltr'>facta</span> <span class='ocrx_word' id='word_1_250' title='bbox 536 1819 698 1859; x_wconf 84' lang='lat' dir='ltr'>custodia,</span> <span class='ocrx_word' id='word_1_251' title='bbox 726 1832 791 1866; x_wconf 89' lang='lat' dir='ltr'>pro</span> <span class='ocrx_word' id='word_1_252' title='bbox 817 1820 970 1865; x_wconf 91' lang='lat' dir='ltr'>quinque</span> <span class='ocrx_word' id='word_1_253' title='bbox 998 1819 1204 1854; x_wconf 79' lang='lat' dir='ltr'>animalibus</span> <span class='ocrx_word' id='word_1_254' title='bbox 1221 1832 1313 1854; x_wconf 87' lang='lat' dir='ltr'>unus</span> <span class='ocrx_word' id='word_1_255' title='bbox 1331 1819 1470 1853; x_wconf 86' lang='lat' dir='ltr'>dabitur</span> <span class='ocrx_word' id='word_1_256' title='bbox 1489 1819 1652 1853; x_wconf 88' lang='lat' dir='ltr'>denarius</span> <span class='ocrx_word' id='word_1_257' title='bbox 1669 1833 1678 1860; x_wconf 88' lang='lat'>;</span> 
     </span>
     <span class='ocr_line' id='line_1_26' title="bbox 200 1873 1681 1922; baseline -0.002 -11"><span class='ocrx_word' id='word_1_258' title='bbox 200 1882 235 1911; x_wconf 86' lang='lat' dir='ltr'>et</span> <span class='ocrx_word' id='word_1_259' title='bbox 252 1875 275 1910; x_wconf 90' lang='lat' dir='ltr'><strong>fi</strong></span> <span class='ocrx_word' id='word_1_260' title='bbox 293 1881 391 1910; x_wconf 84' lang='lat' dir='ltr'>extra</span> <span class='ocrx_word' id='word_1_261' title='bbox 409 1875 438 1909; x_wconf 91' lang='lat' dir='ltr'><strong>F</strong></span> <span class='ocrx_word' id='word_1_262' title='bbox 440 1873 611 1910; x_wconf 90' lang='lat' dir='ltr'>orineifim</span> <span class='ocrx_word' id='word_1_263' title='bbox 629 1874 837 1916; x_wconf 84' lang='lat' dir='ltr'>tranfierint,</span> <span class='ocrx_word' id='word_1_264' title='bbox 864 1888 929 1922; x_wconf 86' lang='lat' dir='ltr'>pro</span> <span class='ocrx_word' id='word_1_265' title='bbox 948 1876 1068 1910; x_wconf 88' lang='lat' dir='ltr'>decem</span> <span class='ocrx_word' id='word_1_266' title='bbox 1087 1876 1294 1910; x_wconf 82' lang='lat' dir='ltr'>animalibus</span> <span class='ocrx_word' id='word_1_267' title='bbox 1311 1888 1402 1909; x_wconf 89' lang='lat' dir='ltr'>unus</span> <span class='ocrx_word' id='word_1_268' title='bbox 1420 1875 1559 1909; x_wconf 86' lang='lat' dir='ltr'>dabitur</span> <span class='ocrx_word' id='word_1_269' title='bbox 1577 1875 1681 1908; x_wconf 87' lang='lat' dir='ltr'>dena-</span> 
     </span>
     <span class='ocr_line' id='line_1_27' title="bbox 200 1929 1679 1979; baseline -0.002 -13"><span class='ocrx_word' id='word_1_270' title='bbox 200 1933 283 1967; x_wconf 86' lang='lat' dir='ltr'>rius.</span> <span class='ocrx_word' id='word_1_271' title='bbox 320 1932 486 1966; x_wconf 88' lang='lat' dir='ltr'>Preterea</span> <span class='ocrx_word' id='word_1_272' title='bbox 499 1929 644 1966; x_wconf 83' lang='lat' dir='ltr'>concefli</span> <span class='ocrx_word' id='word_1_273' title='bbox 658 1931 717 1972; x_wconf 83' lang='lat' dir='ltr'>eis,</span> <span class='ocrx_word' id='word_1_274' title='bbox 737 1932 774 1965; x_wconf 87' lang='lat' dir='ltr'>in</span> <span class='ocrx_word' id='word_1_275' title='bbox 791 1931 916 1966; x_wconf 88' lang='lat' dir='ltr'>foresto</span> <span class='ocrx_word' id='word_1_276' title='bbox 935 1944 1014 1966; x_wconf 90' lang='lat' dir='ltr'>meo</span> <span class='ocrx_word' id='word_1_277' title='bbox 1027 1931 1121 1966; x_wconf 87' lang='lat' dir='ltr'>ultra</span> <span class='ocrx_word' id='word_1_278' title='bbox 1131 1932 1306 1979; x_wconf 60' lang='lat' dir='ltr'>predststas</span> <span class='ocrx_word' id='word_1_279' title='bbox 1320 1930 1453 1971; x_wconf 66' lang='lat' dir='ltr'>divisas,</span> <span class='ocrx_word' id='word_1_280' title='bbox 1473 1930 1679 1964; x_wconf 86' lang='lat' dir='ltr'>meremium</span> 
     </span>
     <span class='ocr_line' id='line_1_28' title="bbox 200 1986 1680 2028; baseline -0.001 -6"><span class='ocrx_word' id='word_1_281' title='bbox 200 1988 372 2023; x_wconf 85' lang='lat' dir='ltr'>sufficiens</span> <span class='ocrx_word' id='word_1_282' title='bbox 402 1988 445 2022; x_wconf 91' lang='lat' dir='ltr'>de</span> <span class='ocrx_word' id='word_1_283' title='bbox 463 1988 565 2022; x_wconf 86' lang='lat' dir='ltr'>viridi</span> <span class='ocrx_word' id='word_1_284' title='bbox 591 1987 635 2021; x_wconf 87' lang='lat' dir='ltr'>ad</span> <span class='ocrx_word' id='word_1_285' title='bbox 660 1986 845 2022; x_wconf 79' lang='lat' dir='ltr'>neceffaria</span> <span class='ocrx_word' id='word_1_286' title='bbox 863 1987 1007 2028; x_wconf 84' lang='lat' dir='ltr'>edificia,</span> <span class='ocrx_word' id='word_1_287' title='bbox 1036 1993 1070 2022; x_wconf 91' lang='lat' dir='ltr'>et</span> <span class='ocrx_word' id='word_1_288' title='bbox 1095 1988 1260 2022; x_wconf 85' lang='lat' dir='ltr'>focalium</span> <span class='ocrx_word' id='word_1_289' title='bbox 1288 1988 1331 2022; x_wconf 90' lang='lat' dir='ltr'>de</span> <span class='ocrx_word' id='word_1_290' title='bbox 1357 1987 1444 2021; x_wconf 89' lang='lat' dir='ltr'>ficco</span> <span class='ocrx_word' id='word_1_291' title='bbox 1475 1992 1509 2021; x_wconf 91' lang='lat' dir='ltr'>et</span> <span class='ocrx_word' id='word_1_292' title='bbox 1539 1991 1680 2020; x_wconf 85' lang='lat' dir='ltr'>mortuo</span> 
     </span>
     <span class='ocr_line' id='line_1_29' title="bbox 202 2041 1681 2088; baseline -0.003 -9"><span class='ocrx_word' id='word_1_293' title='bbox 202 2044 304 2080; x_wconf 82' lang='lat' dir='ltr'>bosco</span> <span class='ocrx_word' id='word_1_294' title='bbox 321 2043 390 2079; x_wconf 90' lang='lat' dir='ltr'>fine</span> <span class='ocrx_word' id='word_1_295' title='bbox 421 2044 645 2079; x_wconf 68' lang='lat' dir='ltr'>distriffione.</span> <span class='ocrx_word' id='word_1_296' title='bbox 698 2041 857 2078; x_wconf 82' lang='lat' dir='ltr'>Coneeffi</span> <span class='ocrx_word' id='word_1_297' title='bbox 875 2044 979 2078; x_wconf 87' lang='lat' dir='ltr'>etiam</span> <span class='ocrx_word' id='word_1_298' title='bbox 1010 2044 1058 2078; x_wconf 90' lang='lat' dir='ltr'>eis</span> <span class='ocrx_word' id='word_1_299' title='bbox 1087 2049 1127 2078; x_wconf 91' lang='lat' dir='ltr'>ut</span> <span class='ocrx_word' id='word_1_300' title='bbox 1157 2044 1307 2078; x_wconf 82' lang='lat' dir='ltr'>habeant</span> <span class='ocrx_word' id='word_1_301' title='bbox 1333 2048 1474 2077; x_wconf 82' lang='lat' dir='ltr'>centum</span> <span class='ocrx_word' id='word_1_302' title='bbox 1500 2054 1626 2088; x_wconf 87' lang='lat' dir='ltr'>porcos</span> <span class='ocrx_word' id='word_1_303' title='bbox 1644 2042 1681 2075; x_wconf 91' lang='lat' dir='ltr'>in</span> 
     </span>
     <span class='ocr_line' id='line_1_30' title="bbox 203 2097 1680 2147; baseline -0.003 -12"><span class='ocrx_word' id='word_1_304' title='bbox 203 2101 328 2136; x_wconf 89' lang='lat' dir='ltr'>foresto</span> <span class='ocrx_word' id='word_1_305' title='bbox 342 2114 421 2135; x_wconf 90' lang='lat' dir='ltr'>meo</span> <span class='ocrx_word' id='word_1_306' title='bbox 433 2101 526 2135; x_wconf 87' lang='lat' dir='ltr'>ultra</span> <span class='ocrx_word' id='word_1_307' title='bbox 540 2099 662 2134; x_wconf 65' lang='lat' dir='ltr'>divilias</span> <span class='ocrx_word' id='word_1_308' title='bbox 673 2099 749 2134; x_wconf 84' lang='lat' dir='ltr'>suas</span> <span class='ocrx_word' id='word_1_309' title='bbox 762 2112 825 2147; x_wconf 88' lang='lat' dir='ltr'>per</span> <span class='ocrx_word' id='word_1_310' title='bbox 836 2099 1001 2140; x_wconf 86' lang='lat' dir='ltr'>mensem,</span> <span class='ocrx_word' id='word_1_311' title='bbox 1021 2106 1180 2147; x_wconf 89' lang='lat' dir='ltr'>tempore</span> <span class='ocrx_word' id='word_1_312' title='bbox 1199 2100 1242 2134; x_wconf 89' lang='lat' dir='ltr'>de</span> <span class='ocrx_word' id='word_1_313' title='bbox 1259 2097 1390 2146; x_wconf 81' lang='lat' dir='ltr'>peffun,</span> <span class='ocrx_word' id='word_1_314' title='bbox 1412 2103 1446 2132; x_wconf 89' lang='lat' dir='ltr'>et</span> <span class='ocrx_word' id='word_1_315' title='bbox 1464 2103 1503 2132; x_wconf 91' lang='lat' dir='ltr'>ut</span> <span class='ocrx_word' id='word_1_316' title='bbox 1520 2097 1680 2131; x_wconf 88' lang='lat' dir='ltr'>homines</span> 
     </span>
     <span class='ocr_line' id='line_1_31' title="bbox 205 2153 1679 2200; baseline -0.003 -9"><span class='ocrx_word' id='word_1_317' title='bbox 205 2170 327 2192; x_wconf 89' lang='lat' dir='ltr'>eorum</span> <span class='ocrx_word' id='word_1_318' title='bbox 340 2157 543 2191; x_wconf 86' lang='lat' dir='ltr'>meremium</span> <span class='ocrx_word' id='word_1_319' title='bbox 557 2156 707 2190; x_wconf 85' lang='lat' dir='ltr'>habeant</span> <span class='ocrx_word' id='word_1_320' title='bbox 721 2156 765 2190; x_wconf 85' lang='lat' dir='ltr'>ad</span> <span class='ocrx_word' id='word_1_321' title='bbox 777 2156 1022 2197; x_wconf 84' lang='lat' dir='ltr'>edificandum,</span> <span class='ocrx_word' id='word_1_322' title='bbox 1036 2161 1071 2190; x_wconf 89' lang='lat' dir='ltr'>et</span> <span class='ocrx_word' id='word_1_323' title='bbox 1083 2156 1246 2190; x_wconf 87' lang='lat' dir='ltr'>focalium</span> <span class='ocrx_word' id='word_1_324' title='bbox 1263 2155 1305 2188; x_wconf 87' lang='lat' dir='ltr'>de</span> <span class='ocrx_word' id='word_1_325' title='bbox 1324 2159 1465 2188; x_wconf 88' lang='lat' dir='ltr'>mortuo</span> <span class='ocrx_word' id='word_1_326' title='bbox 1483 2153 1596 2194; x_wconf 90' lang='lat' dir='ltr'>bosco,</span> <span class='ocrx_word' id='word_1_327' title='bbox 1616 2166 1679 2200; x_wconf 86' lang='lat' dir='ltr'>per</span> 
     </span>
     <span class='ocr_line' id='line_1_32' title="bbox 205 2209 1682 2258; baseline -0.003 -11"><span class='ocrx_word' id='word_1_328' title='bbox 205 2212 515 2247; x_wconf 88' lang='lat' dir='ltr'>confiderationem</span> <span class='ocrx_word' id='word_1_329' title='bbox 532 2211 699 2246; x_wconf 81' lang='lat' dir='ltr'>forestarii</span> <span class='ocrx_word' id='word_1_330' title='bbox 717 2211 796 2246; x_wconf 88' lang='lat' dir='ltr'>mei.</span> <span class='ocrx_word' id='word_1_331' title='bbox 850 2210 917 2258; x_wconf 89' lang='lat' dir='ltr'>Ipfi</span> <span class='ocrx_word' id='word_1_332' title='bbox 934 2218 1051 2246; x_wconf 87' lang='lat' dir='ltr'>autem</span> <span class='ocrx_word' id='word_1_333' title='bbox 1070 2211 1232 2246; x_wconf 85' lang='lat' dir='ltr'>monachi</span> <span class='ocrx_word' id='word_1_334' title='bbox 1261 2210 1369 2244; x_wconf 85' lang='lat' dir='ltr'>nichil</span> <span class='ocrx_word' id='word_1_335' title='bbox 1393 2209 1571 2244; x_wconf 90' lang='lat' dir='ltr'>habebunt</span> <span class='ocrx_word' id='word_1_336' title='bbox 1588 2209 1682 2243; x_wconf 83' lang='lat' dir='ltr'>ultra</span> 
     </span>
     <span class='ocr_line' id='line_1_33' title="bbox 207 2266 1681 2315; baseline -0.003 -12"><span class='ocrx_word' id='word_1_337' title='bbox 207 2268 329 2303; x_wconf 84' lang='lat' dir='ltr'>divisas</span> <span class='ocrx_word' id='word_1_338' title='bbox 346 2267 422 2303; x_wconf 88' lang='lat' dir='ltr'>suas</span> <span class='ocrx_word' id='word_1_339' title='bbox 439 2269 476 2302; x_wconf 89' lang='lat' dir='ltr'>in</span> <span class='ocrx_word' id='word_1_340' title='bbox 493 2268 618 2303; x_wconf 88' lang='lat' dir='ltr'>foresto</span> <span class='ocrx_word' id='word_1_341' title='bbox 636 2281 715 2302; x_wconf 88' lang='lat' dir='ltr'>meo</span> <span class='ocrx_word' id='word_1_342' title='bbox 734 2272 851 2315; x_wconf 87' lang='lat' dir='ltr'>preter</span> <span class='ocrx_word' id='word_1_343' title='bbox 868 2268 929 2301; x_wconf 85' lang='lat' dir='ltr'>illa</span> <span class='ocrx_word' id='word_1_344' title='bbox 945 2281 1013 2313; x_wconf 90' lang='lat' dir='ltr'>que</span> <span class='ocrx_word' id='word_1_345' title='bbox 1030 2266 1170 2315; x_wconf 87' lang='lat' dir='ltr'>presens</span> <span class='ocrx_word' id='word_1_346' title='bbox 1197 2271 1292 2301; x_wconf 82' lang='lat' dir='ltr'>carta</span> <span class='ocrx_word' id='word_1_347' title='bbox 1316 2278 1393 2300; x_wconf 89' lang='lat' dir='ltr'>mea</span> <span class='ocrx_word' id='word_1_348' title='bbox 1419 2270 1681 2301; x_wconf 87' lang='lat' dir='ltr'>commemorat.</span> 
     </span>
     <span class='ocr_line' id='line_1_34' title="bbox 209 2321 1680 2373; baseline -0.003 -12"><span class='ocrx_word' id='word_1_349' title='bbox 209 2327 256 2361; x_wconf 90' lang='lat' dir='ltr'>Et</span> <span class='ocrx_word' id='word_1_350' title='bbox 273 2326 450 2361; x_wconf 81' lang='lat' dir='ltr'>sciendum</span> <span class='ocrx_word' id='word_1_351' title='bbox 468 2327 563 2373; x_wconf 89' lang='lat' dir='ltr'>quod</span> <span class='ocrx_word' id='word_1_352' title='bbox 581 2326 661 2361; x_wconf 91' lang='lat' dir='ltr'>dedi</span> <span class='ocrx_word' id='word_1_353' title='bbox 679 2326 727 2361; x_wconf 88' lang='lat' dir='ltr'>eis</span> <span class='ocrx_word' id='word_1_354' title='bbox 746 2332 780 2360; x_wconf 89' lang='lat' dir='ltr'>et</span> <span class='ocrx_word' id='word_1_355' title='bbox 798 2324 943 2360; x_wconf 86' lang='lat' dir='ltr'>concessi</span> <span class='ocrx_word' id='word_1_356' title='bbox 962 2329 1071 2358; x_wconf 80' lang='lat' dir='ltr'>totam</span> <span class='ocrx_word' id='word_1_357' title='bbox 1097 2329 1227 2358; x_wconf 85' lang='lat' dir='ltr'>terram</span> <span class='ocrx_word' id='word_1_358' title='bbox 1253 2323 1344 2357; x_wconf 89' lang='lat' dir='ltr'>inter</span> <span class='ocrx_word' id='word_1_359' title='bbox 1376 2322 1485 2357; x_wconf 89' lang='lat' dir='ltr'>Mach</span> <span class='ocrx_word' id='word_1_360' title='bbox 1515 2328 1550 2357; x_wconf 87' lang='lat' dir='ltr'>et</span> <span class='ocrx_word' id='word_1_361' title='bbox 1581 2321 1680 2356; x_wconf 82' lang='lat' dir='ltr'>Cale-</span> 
     </span>
     <span class='ocr_line' id='line_1_35' title="bbox 933 2392 952 2414; baseline 0 0"><span class='ocrx_word' id='word_1_362' title='bbox 933 2392 952 2414; x_wconf 89' lang='lat' dir='ltr'>c</span> 
     </span>
    </p>
   </div>
  </div>
 </body>
</html>
