1839 2652
778 270 849 306 DE
877 270 1148 307 PASSELET.
1617 278 1685 314 1⁶29

197 362 426 407 habundanti,
462 371 502 400 ut
533 367 645 400 omnis
676 368 821 402 materia
839 368 1072 404 controversie
1101 369 1249 404 tollatur
1280 369 1322 404 de
1354 373 1483 411 cetero,
1515 369 1683 417 predictis

196 421 376 455 monachis
406 423 689 468 prenominatam
720 423 897 458 ecclesiam
914 424 999 460 ficut
1016 425 1181 473 scriptum
1201 426 1248 460 est
1264 426 1301 460 in
1320 426 1482 461 omnibus
1511 427 1568 468 do,
1601 439 1682 462 con-

195 478 283 512 cedo
303 484 337 513 et
354 479 505 526 presenti
522 480 649 528 scripto
668 494 746 515 meo
765 481 948 516 confirmo.
1000 483 1047 517 Et
1065 495 1109 517 ne
1128 495 1209 517 ceca
1235 483 1399 530 depereat
1426 483 1603 518 oblivione
1621 483 1681 518 ali-

195 549 266 582 quo
284 543 444 585 tempore
462 539 557 585 quod
574 551 637 586 per
655 551 711 573 me
729 539 786 585 pia
804 539 992 573 devotione
1010 538 1143 585 gestum
1162 538 1209 573 est
1226 544 1261 573 et
1279 539 1512 585 recognitum,
1541 538 1681 587 presens

195 591 361 641 seriptum
378 593 488 641 sigillo
506 607 585 629 meo
603 607 675 629 una
700 607 778 628 cum
806 593 915 641 figillo
944 595 1077 628 domini
1108 594 1296 629 Laurencii
1328 594 1398 629 Dei
1427 596 1541 641 gratia
1571 595 1681 642 Erga-

195 649 319 685 dienfis
344 650 504 698 episcopi,
534 656 570 686 et
595 651 727 685 domini
748 650 897 685 Roberti
917 649 1023 684 Brus’
1041 651 1176 684 comitis
1195 650 1238 684 de
1258 650 1390 691 Carric,
1409 652 1522 697 gratia
1539 651 1681 699 majoris

192 705 391 748 testimonii,
410 707 569 741 roborari
586 707 784 753 procuravi.
838 706 919 740 Hiis
945 705 1097 747 testibus,
1118 707 1262 740 domino
1290 706 1443 742 Patricio
1471 708 1542 742 Dei
1567 709 1681 755 gratia

193 762 317 798 abbate
335 763 532 798 monasterii
551 763 594 797 de
614 762 810 808 Crosragal,
841 761 985 796 domino
1006 762 1166 796 Roberto
1198 761 1304 797 Brus’
1335 764 1463 798 comite
1482 764 1525 798 de
1545 764 1678 805 Carric,

195 818 355 854 Roberto
373 820 446 854 filio
465 819 618 866 ejusdem
637 824 671 853 et
689 818 830 858 herede,
864 818 1008 852 domino
1029 817 1189 852 Roberto
1210 817 1365 865 Anglico
1384 819 1506 860 milite,
1535 820 1679 855 domino

193 874 346 910 .Maricio
372 875 502 910 vicario
521 875 564 909 de
586 875 696 915 Aran,
730 874 882 908 Patricio
910 873 1036 908 clerico
1064 874 1107 908 de
1136 873 1300 921 Kentyir,
1333 875 1477 910 domino
1504 875 1679 911 Nicholao

191 932 365 967 monacho
383 932 427 967 de
446 930 643 978 Crosragal,
663 936 698 966 et
715 930 802 965 aliis.

192 1099 351 1135 Donatio
370 1099 509 1135 ecclefie
529 1100 651 1135 Sancti
672 1099 832 1142 Querani
848 1112 912 1148 per
931 1098 1090 1134 Alanum
1108 1099 1319 1148 episcopum.

190 1212 403 1249 ALANUS
422 1213 493 1248 Dei
510 1213 623 1260 gratia
642 1211 861 1259 Ergadienfis
888 1212 1066 1261 episcopus
1093 1214 1255 1249 omnibus
1284 1214 1386 1249 Cristi
1415 1215 1577 1250 fidelibus
1606 1221 1677 1251 tam

188 1269 405 1317 presentibus
423 1283 528 1317 quam
545 1270 671 1304 suturis
689 1270 733 1304 ad
751 1283 903 1316 quorum
921 1270 1082 1304 notitiam
1109 1269 1248 1317 presens
1278 1269 1445 1318 scriptum
1474 1273 1677 1319 pervenerit

189 1331 347 1361 eternam
374 1327 412 1361 in
441 1327 600 1361 Domino
628 1327 785 1362 salutem.
840 1326 1059 1374 Inspeximus
1086 1332 1217 1361 cartam
1244 1327 1370 1362 nobilis
1388 1328 1454 1362 viri
1473 1328 1596 1375 Engus
1614 1329 1677 1364 filii

189 1381 392 1417 Dovenaldi
410 1382 512 1430 super
541 1382 682 1417 ecclelia
709 1383 752 1418 de
784 1382 965 1417 Kelkeran
997 1383 1032 1416 in
1052 1382 1205 1430 Kentyir
1231 1397 1335 1430 quam
1354 1384 1515 1425 contulit,
1545 1385 1677 1420 intuitu

187 1438 336 1485 pietatis,
359 1438 491 1473 Abbati
510 1444 544 1473 et
563 1440 754 1473 conventui
773 1439 815 1473 de
836 1437 983 1473 Passelet
1009 1444 1044 1473 et
1071 1452 1194 1473 eorum
1213 1440 1433 1481 monasterio,
1465 1441 1501 1474 in
1532 1441 1678 1476 liberam

187 1499 223 1528 et
249 1500 457 1542 perpetuam
488 1494 720 1535 elemosinam,
742 1508 837 1529 cum
872 1495 1034 1529 omnibus
1059 1495 1157 1543 justis
1191 1496 1413 1543 pertinentiis
1447 1496 1525 1537 suis,
1570 1497 1675 1544 longe

186 1556 374 1597 antequam
392 1564 456 1585 nos
474 1551 518 1586 ad
536 1564 655 1586 curam
674 1550 813 1585 ecclefie
833 1550 1052 1597 Ergadienfis
1070 1552 1185 1586 vocati
1212 1553 1340 1587 fuimus
1367 1558 1402 1587 et
1430 1553 1546 1588 electi.
1599 1553 1676 1588 Nos

186 1606 294 1653 igitur
312 1607 534 1642 attendentes
551 1607 822 1654 hospitalitatem
850 1612 885 1641 et
915 1607 983 1642 alia
1012 1621 1120 1656 opera
1148 1608 1384 1644 misericordie
1415 1623 1482 1656 que
1514 1611 1550 1645 in
1578 1611 1675 1645 dicto

186 1662 394 1698 monasterio
412 1663 504 1698 fiunt
522 1668 557 1698 et
574 1662 733 1698 crescunt
751 1663 919 1710 quotidie,
953 1665 1084 1700 dictam
1116 1665 1292 1700 eccleliam
1321 1666 1364 1700 de
1396 1666 1576 1701 Kelkeran
1595 1679 1675 1701 cum

186 1719 348 1754 omnibus
360 1719 460 1767 justis
476 1720 698 1767 pertinentiis
716 1718 794 1760 suis,
827 1720 1039 1755 &infimi-itate
1069 1720 1265 1769 episcopali,
1298 1723 1523 1757 concedimus
1541 1728 1575 1757 et
1594 1735 1675 1758 con-

185 1775 376 1816 firmamus,
390 1776 426 1810 in
439 1776 601 1823 proprios
612 1774 692 1810 usus
707 1789 787 1810 cum
799 1778 975 1811 vacaverit
989 1778 1264 1812 convertendam
1282 1792 1292 1821 ;
1320 1779 1368 1813 ita
1386 1779 1494 1813 libere
1509 1785 1544 1814 et
1557 1780 1674 1826 quiete

185 1834 375 1868 tenendam
394 1839 429 1868 et
446 1833 642 1868 habendam
660 1834 921 1881 imperpetuum
947 1833 1032 1869 ficut
1058 1834 1190 1880 aliquas
1209 1833 1365 1869 ecclesias
1382 1833 1440 1869 fibi
1459 1835 1496 1869 in
1513 1836 1675 1883 proprios

185 1888 266 1924 usus
300 1890 396 1924 datas
427 1895 463 1924 et
493 1888 666 1925 concefl'as
696 1896 820 1924 tenent
850 1896 886 1925 et
915 1889 1086 1937 poflident
1120 1891 1263 1925 liberius
1293 1896 1328 1925 et
1357 1891 1508 1937 quietius
1523 1906 1533 1935 3
1573 1891 1676 1927 Salva

185 1951 310 1992 quarta
326 1952 425 1993 parte
444 1945 597 1993 ejusdem
616 1945 756 1981 ecclesie
774 1947 819 1980 ad
837 1945 989 1981 mensam
1010 1947 1239 1994 episcopalem
1258 1948 1480 1995 pertinente3
1515 1954 1549 1982 et
1575 1948 1675 1983 salvis

187 2000 437 2048 episcopalibus
454 2003 492 2036 in
510 2002 684 2043 omnibus,
717 2002 761 2036 de
779 2003 904 2048 quibus
919 2003 1005 2037 dieti
1024 2003 1144 2037 Abbas
1163 2009 1198 2038 et
1216 2010 1411 2038 conventus
1429 2004 1556 2038 facient
1574 2004 1674 2039 nobis

186 2062 222 2091 et
238 2056 483 2092 succefforibus
502 2058 624 2092 nostris
642 2058 855 2105 responderi,
885 2063 919 2092 et
938 2059 1031 2093 dicte
1058 2058 1196 2093 ecclefie
1214 2059 1356 2093 honeste
1375 2064 1409 2093 et
1427 2059 1542 2094 debite
1562 2058 1674 2094 deser-

186 2113 264 2148 viri.
316 2113 362 2148 In
379 2114 478 2161 cujus
495 2115 546 2148 rei
563 2114 798 2149 testimonium
816 2115 884 2149 hoc
900 2114 1065 2162 scriptum
1085 2113 1309 2149 concessionis
1336 2121 1370 2148 et
1397 2115 1673 2150 confirmationis

185 2169 300 2205 nostre
318 2168 418 2216 figilli
434 2170 543 2204 nostri
560 2169 780 2217 impressione
798 2171 942 2205 fecimus
960 2171 1182 2205 communiri.
1229 2170 1309 2204 Hiis
1327 2170 1478 2212 testibus,
1510 2171 1672 2218 magistro

187 2225 348 2261 Henrico
366 2226 507 2260 1·e6tore
526 2225 665 2260 ecclesie
685 2227 727 2260 de
747 2226 950 2272 Cuthquen,
969 2226 992 2261 J
995 2226 1134 2260 ohanne
1153 2226 1195 2260 de
1215 2225 1347 2260 Sancto
1367 2226 1516 2261 Andrea
1533 2228 1672 2263 Υθᾶὶοτθ

184 2281 324 2318 ecelefie
356 2282 399 2317 de
418 2282 633 2322 Dulfinston,
666 2282 828 2328 magistro
849 2280 1036 2316 Ambrofio
1067 2281 1250 2328 organista,
1283 2282 1445 2329 magistro
1473 2283 1672 2318 Godefrido

184 2339 227 2374 de
246 2338 440 2379 VVintonia‚
474 2338 637 2385 Philippo
656 2343 691 2372 et
708 2337 873 2373 Johanne
901 2337 1099 2384 capellanis,
1134 2337 1294 2372 Roberto
1313 2345 1347 2373 et
1368 2338 1521 2374 Ricardo
1540 2339 1673 2374 clericis

913 2404 937 2428 R
