1839 2652
171 268 241 298 ⁹254
575 261 891 297 REGISTRUM
920 261 1260 299 MONASTERII

171 417 277 450 Carta
294 415 415 450 Jacobi
434 413 607 448 senescalli
628 414 743 449 Scotie
762 413 863 461 super
880 414 990 449 libero
1010 415 1156 451 tranfitu
1173 430 1262 463 aque
1282 417 1325 452 de
1346 417 1613 466 Loucwynhok.

172 526 365 562 SCIANT
383 524 558 573 presentes
589 531 623 560 et
652 525 761 560 futuri
791 527 886 572 quod
917 539 982 572 ego
1009 527 1162 562 Jacobus
1193 527 1396 563 senescallus
1428 529 1544 566 Scotie
1563 532 1653 573 dedi,

173 581 317 617 coneeffi
348 588 382 617 et
410 582 473 616 hac
490 580 643 629 presenti
661 586 757 616 carta
784 595 862 616 mea
888 583 1103 624 confirmavi,
1124 584 1241 619 divine
1260 585 1412 619 caritatis
1430 585 1571 627 intuitu,
1592 600 1655 634 pro

171 638 279 673 salute
297 639 412 673 anime
430 651 519 679 mee,
553 638 748 672 Alexandri
766 639 857 685 regis
877 638 1003 680 Scotie,
1033 641 1189 674 omnium
1217 639 1469 676 antecefforum
1496 655 1656 678 meorum

174 701 208 729 et
226 693 467 735 succefl'orum,
501 694 583 728 Deo
602 700 636 728 et
655 694 754 729 beate
774 694 890 729 Marie
910 695 1050 742 Virgini
1081 702 1115 731 et
1146 696 1283 732 Sanctis
1300 697 1435 733 Jacobo
1454 703 1488 732 et
1508 698 1655 740 Mirino,

175 752 305 787 Abbati
324 758 359 787 et
377 752 569 788 conventui
588 752 630 786 de
663 750 810 787 Paffelet
841 758 874 787 et
905 753 1083 787 monachis
1108 753 1237 788 ibidem
1264 753 1346 788 Deo
1376 753 1604 789 servientibus
1623 760 1657 790 et

173 809 431 856 imperpetuum
449 807 637 849 servituris,
668 808 817 843 liberum
836 807 1016 843 tranfitum
1034 822 1122 855 aque
1141 810 1184 844 de
1205 809 1534 857 Kertloucwynhok
1565 811 1658 846 inter

175 877 291 899 meum
312 877 384 911 yar
401 865 443 899 de
465 864 728 899 Hachindunan
747 865 790 899 de
809 866 905 899 exitu
924 864 1019 899 lacus
1037 866 1105 900 mei
1124 866 1166 900 de
1186 866 1446 913 Loucwynhok
1477 873 1511 901 et
1540 867 1576 913 ly
1586 879 1658 913 yar

177 921 219 955 de
239 920 425 968 Lyncleyft
443 921 538 967 quod
556 920 603 955 est
621 921 796 955 dictorum
816 921 1080 962 monachorum,
1112 922 1260 956 Abbatis
1287 928 1321 957 et
1351 929 1557 964 conventus,
1588 922 1658 958 fine

176 977 426 1024 impedimento
445 976 503 1011 seu
522 976 696 1011 obstaculo
715 990 925 1023 quocunque
942 992 950 1020 3
972 978 1019 1012 ita
1033 979 1127 1024 quod
1143 981 1245 1023 [nec]
1259 991 1324 1025 ego
1342 992 1407 1014 nec
1425 979 1571 1014 heredes
1589 980 1658 1014 mei

177 1033 252 1067 fieri
264 1034 546 1080 permitteremus
558 1046 621 1080 per
635 1046 699 1067 nos
710 1032 766 1067 seu
781 1033 866 1068 alios
878 1033 1102 1080 quoscunque
1114 1035 1255 1080 aliquod
1263 1047 1344 1081 yar,
1354 1035 1655 1082 impedimentum,

176 1090 366 1137 piscariam,
387 1089 599 1124 obstaculum
618 1089 676 1124 seu
696 1088 900 1130 clausuram,
929 1091 1021 1124 inter
1048 1103 1166 1124 mcum
1180 1103 1251 1137 yar
1270 1091 1312 1125 de
1330 1091 1605 1138 Hachyndunan
1623 1097 1658 1126 et

172 1158 243 1192 yar
261 1147 303 1180 de
324 1145 761 1193 Lyncleyfsupiadifituni,
794 1159 857 1193 per
883 1146 978 1192 quod
1004 1147 1228 1180 commodum
1246 1146 1388 1193 piscarie
1419 1147 1462 1182 de
1480 1147 1598 1194 lyyar
1616 1148 1658 1182 de

178 1202 231 1249 L)
235 1201 603 1249 ncleyfsupradichim
616 1203 710 1248 quod
729 1202 775 1237 est
789 1203 904 1237 dietm
907 1215 965 1237 11111
983 1202 1129 1236 Abbatis
1148 1208 1182 1237 et
1200 1208 1394 1237 conventus
1412 1204 1448 1237 in
1466 1204 1582 1250 aliquo
1599 1217 1659 1251 po-

178 1259 259 1292 terit
278 1258 425 1292 diminui
442 1257 499 1292 seu
520 1258 786 1305 dampnificari3
815 1259 862 1292 ita
892 1264 1009 1292 tamen
1037 1259 1133 1304 quod
1162 1258 1279 1293 licebit
1298 1259 1382 1293 mihi
1412 1266 1447 1294 et
1475 1259 1660 1294 heredibus

179 1316 264 1350 meis
283 1316 416 1350 dietum
429 1328 501 1362 yar
532 1316 574 1350 de
607 1315 872 1350 Hachindunan
889 1315 970 1349 alibi
988 1314 1089 1362 super
1107 1328 1232 1361 aquam
1258 1316 1301 1350 de
1330 1316 1661 1363 Kertloucwynhok

178 1372 266 1406 infra
285 1378 414 1406 terram
433 1384 547 1406 meam
565 1377 701 1406 mutare
731 1377 764 1406 et
792 1372 917 1411 facere,
948 1371 996 1405 ita
1021 1372 1116 1418 quod
1134 1371 1272 1406 nullum
1295 1384 1367 1418 yar
1393 1370 1452 1407 seu
1481 1371 1660 1419 piscariam

178 1434 296 1474 preter
316 1441 424 1462 unum
444 1433 583 1462 tantum
601 1428 694 1462 inter
711 1427 826 1462 lacum
854 1427 1111 1475 Loucwynhok
1131 1433 1165 1462 et
1183 1428 1318 1463 diesum
1339 1440 1411 1475 yar
1429 1428 1473 1463 de
1491 1428 1666 1475 Lencleyf

178 1484 380 1518 habebimus
409 1483 467 1518 seu
497 1484 573 1518 fieri
601 1484 766 1518 faciemus
792 1491 853 1518 aut
870 1485 1124 1530 permittemus.
1178 1484 1390 1519 Tenendum
1409 1491 1443 1520 et
1460 1485 1660 1520 habendum

180 1540 222 1574 de
241 1552 297 1574 me
316 1546 350 1574 et
368 1540 554 1574 heredibus
580 1540 665 1573 meis
685 1540 720 1573 111
738 1539 894 1580 liberam,
913 1553 1036 1587 puram
1057 1546 1091 1575 et
1108 1547 1313 1588 perpetuam
1334 1540 1553 1575 elemofinam
1571 1541 1659 1575 adeo

180 1596 298 1635 libere,
326 1596 442 1642 quiete
461 1601 496 1630 et
513 1595 655 1642 pacifice
673 1594 758 1629 ficut
776 1595 892 1641 aliqua
909 1596 1095 1631 elemosina
1125 1597 1161 1630 in
1190 1610 1301 1643 regno
1321 1597 1436 1632 Scotie
1454 1602 1595 1632 tenetur
1626 1604 1661 1632 et

180 1650 379 1698 possidetur.
434 1652 550 1692 Quam
578 1651 717 1697 quidem
745 1644 983 1692 donationem,
1016 1651 1268 1687 concessionem
1296 1659 1331 1687 et
1357 1653 1659 1688 confirmationem

181 1721 246 1754 ego
275 1713 309 1742 et
339 1707 484 1742 heredes
511 1708 577 1741 mei
606 1712 728 1741 contra
756 1719 877 1741 omnes
907 1707 1066 1742 homines
1101 1714 1135 1743 et
1169 1708 1314 1743 feminas
1345 1709 1658 1750 warantizabimus,

182 1765 453 1811 acquietabimus
471 1770 505 1799 et
523 1765 782 1811 imperpetuum
797 1764 1035 1799 defendemus.
1090 1764 1133 1798 In
1147 1764 1245 1811 cujus
1263 1766 1315 1799 rei
1332 1765 1566 1800 testimonium
1584 1779 1660 1813 pre-

181 1822 266 1856 senti
286 1827 380 1856 carte
410 1820 557 1868 sigillum
586 1834 702 1855 meum
733 1821 797 1855 feci
815 1820 956 1868 apponi.
1010 1820 1090 1854 Hiis
1107 1820 1257 1861 testibus,
1288 1821 1437 1855 dominis
1452 1822 1659 1857 Alexandro

181 1879 223 1912 de
253 1876 447 1924 Lyndesay,
482 1877 681 1924 Reginaldo
713 1877 755 1912 de
787 1876 974 1917 Crauford,
1007 1876 1163 1911 Waltero
1194 1877 1237 1911 de
1266 1877 1439 1925 Lyndsay,
1470 1877 1590 1913 Dauid
1617 1878 1659 1912 de

184 1934 378 1981 Lyndesay,
398 1933 576 1975 militibus,
604 1933 766 1980 magistro
785 1933 949 1969 Gilberto
968 1933 1010 1967 de
1030 1933 1237 1980 Tempilton
1256 1934 1395 1968 reetore
1414 1932 1552 1969 ecclesie
1572 1933 1660 1968 Rot-

181 1990 313 2038 byrsay,
341 1990 505 2026 Johanne
534 1989 684 2024 Morton
701 1990 831 2024 vicario
850 1990 893 2024 de
914 1989 1105 2036 Innerkyp,
1135 1989 1282 2036 Fynlaio
1302 1991 1441 2025 rectore
1460 1988 1597 2025 ecclesie
1617 1990 1659 2024 de

184 2047 356 2088 Dunhon,
378 2052 412 2081 et
430 2046 548 2081 multis
566 2046 651 2080 aliis.

184 2176 415 2210 Confirmatio
437 2175 589 2210 Wilelmi
607 2175 709 2221 regis,
730 2175 772 2209 de
790 2180 884 2209 terra
904 2173 1179 2209 Hestennesden.

185 2270 462 2306 WILELMUS
484 2271 554 2306 Dei
571 2271 683 2318 gratia
713 2284 775 2306 rex
807 2272 1008 2306 Scottorum
1036 2270 1213 2318 episcopis,
1243 2271 1433 2312 abbatibus,
1463 2270 1655 2311 comitibus,

184 2327 381 2367 baronibus,
402 2327 607 2373 justiciariis,
628 2327 901 2368 vicecomitibus,
921 2326 1112 2375 prepofitiS‚
1134 2327 1294 2362 ministris
1313 2334 1348 2362 et
1365 2326 1525 2362 omnibus
1541 2325 1658 2373 probis
