<?xml version="1.0" encoding="UTF-8"?>
<!DOCTYPE html PUBLIC "-//W3C//DTD XHTML 1.0 Transitional//EN"
    "http://www.w3.org/TR/xhtml1/DTD/xhtml1-transitional.dtd">
<html xmlns="http://www.w3.org/1999/xhtml" xml:lang="en" lang="en">
 <head>
  <title>
</title>
<meta http-equiv="Content-Type" content="text/html;charset=utf-8" />
  <meta name='ocr-system' content='tesseract 3.04.00' />
  <meta name='ocr-capabilities' content='ocr_page ocr_carea ocr_par ocr_line ocrx_word'/>
</head>
<body>
  <div class='ocr_page' id='page_1' title='image "./registrummonaste00mait_0447.png"; bbox 0 0 1870 2683; ppageno 0'>
   <div class='ocr_carea' id='block_1_1' title="bbox 783 264 1714 312">
    <p class='ocr_par' dir='ltr' id='par_1_1' title="bbox 783 264 1714 312">
     <span class='ocr_line' id='line_1_1' title="bbox 783 264 1714 312; baseline 0.005 -12"><span class='ocrx_word' id='word_1_1' title='bbox 783 266 854 300; x_wconf 88' lang='lat' dir='ltr'>DE</span> <span class='ocrx_word' id='word_1_2' title='bbox 883 264 1154 302; x_wconf 88' lang='lat' dir='ltr'><strong>PASSELET.</strong></span> <span class='ocrx_word' id='word_1_3' title='bbox 1643 274 1714 312; x_wconf 83' lang='lat'>387</span> 
     </span>
    </p>
   </div>
   <div class='ocr_carea' id='block_1_2' title="bbox 224 363 1710 976">
    <p class='ocr_par' dir='ltr' id='par_1_2' title="bbox 224 363 1710 976">
     <span class='ocr_line' id='line_1_2' title="bbox 227 363 1710 413; baseline 0.003 -16"><span class='ocrx_word' id='word_1_4' title='bbox 227 375 337 410; x_wconf 84' lang='lat' dir='ltr'>gener</span> <span class='ocrx_word' id='word_1_5' title='bbox 356 375 453 397; x_wconf 86' lang='lat' dir='ltr'>meus</span> <span class='ocrx_word' id='word_1_6' title='bbox 471 363 630 397; x_wconf 87' lang='lat' dir='ltr'>vendidit</span> <span class='ocrx_word' id='word_1_7' title='bbox 649 363 792 397; x_wconf 82' lang='lat' dir='ltr'>domino</span> <span class='ocrx_word' id='word_1_8' title='bbox 815 363 958 410; x_wconf 85' lang='lat' dir='ltr'>Rogero</span> <span class='ocrx_word' id='word_1_9' title='bbox 979 364 1048 398; x_wconf 91' lang='lat' dir='ltr'>Dei</span> <span class='ocrx_word' id='word_1_10' title='bbox 1066 365 1178 410; x_wconf 85' lang='lat' dir='ltr'>gratia</span> <span class='ocrx_word' id='word_1_11' title='bbox 1204 364 1318 399; x_wconf 86' lang='lat' dir='ltr'>abbati</span> <span class='ocrx_word' id='word_1_12' title='bbox 1337 365 1380 400; x_wconf 90' lang='lat' dir='ltr'>de</span> <span class='ocrx_word' id='word_1_13' title='bbox 1400 365 1533 400; x_wconf 84' lang='lat' dir='ltr'>Passeto</span> <span class='ocrx_word' id='word_1_14' title='bbox 1560 371 1595 400; x_wconf 91' lang='lat' dir='ltr'>et</span> <span class='ocrx_word' id='word_1_15' title='bbox 1626 366 1710 413; x_wconf 87' lang='lat' dir='ltr'>ejus-</span> 
     </span>
     <span class='ocr_line' id='line_1_3' title="bbox 228 419 1710 470; baseline 0.002 -15"><span class='ocrx_word' id='word_1_16' title='bbox 228 421 307 455; x_wconf 89' lang='lat' dir='ltr'>dem</span> <span class='ocrx_word' id='word_1_17' title='bbox 326 420 392 454; x_wconf 85' lang='lat' dir='ltr'>loci</span> <span class='ocrx_word' id='word_1_18' title='bbox 413 421 601 454; x_wconf 91' lang='lat' dir='ltr'>conventui</span> <span class='ocrx_word' id='word_1_19' title='bbox 621 433 684 467; x_wconf 89' lang='lat' dir='ltr'>pro</span> <span class='ocrx_word' id='word_1_20' title='bbox 702 420 850 466; x_wconf 87' lang='lat' dir='ltr'>quadam</span> <span class='ocrx_word' id='word_1_21' title='bbox 871 419 1002 455; x_wconf 82' lang='lat' dir='ltr'>summa</span> <span class='ocrx_word' id='word_1_22' title='bbox 1020 422 1166 468; x_wconf 82' lang='lat' dir='ltr'>pecunie</span> <span class='ocrx_word' id='word_1_23' title='bbox 1192 422 1283 456; x_wconf 89' lang='lat' dir='ltr'>inter</span> <span class='ocrx_word' id='word_1_24' title='bbox 1302 435 1362 456; x_wconf 88' lang='lat' dir='ltr'>eos</span> <span class='ocrx_word' id='word_1_25' title='bbox 1380 428 1554 457; x_wconf 87' lang='lat' dir='ltr'>conventa</span> <span class='ocrx_word' id='word_1_26' title='bbox 1584 428 1618 457; x_wconf 88' lang='lat' dir='ltr'>et</span> <span class='ocrx_word' id='word_1_27' title='bbox 1647 435 1710 470; x_wconf 85' lang='lat' dir='ltr'>per</span> 
     </span>
     <span class='ocr_line' id='line_1_4' title="bbox 228 476 1709 524; baseline 0.001 -13"><span class='ocrx_word' id='word_1_28' title='bbox 228 477 341 511; x_wconf 61' lang='lat' dir='ltr'>dietos</span> <span class='ocrx_word' id='word_1_29' title='bbox 358 476 532 511; x_wconf 78' lang='lat' dir='ltr'>Abbatem</span> <span class='ocrx_word' id='word_1_30' title='bbox 553 483 587 510; x_wconf 87' lang='lat' dir='ltr'>et</span> <span class='ocrx_word' id='word_1_31' title='bbox 606 483 819 511; x_wconf 81' lang='lat' dir='ltr'>conventum</span> <span class='ocrx_word' id='word_1_32' title='bbox 838 477 933 511; x_wconf 61' lang='lat' dir='ltr'>dicito</span> <span class='ocrx_word' id='word_1_33' title='bbox 956 477 1119 512; x_wconf 88' lang='lat' dir='ltr'>Wilelmo</span> <span class='ocrx_word' id='word_1_34' title='bbox 1132 478 1286 524; x_wconf 82' lang='lat' dir='ltr'>plenarie</span> <span class='ocrx_word' id='word_1_35' title='bbox 1305 478 1425 513; x_wconf 80' lang='lat' dir='ltr'>soluta.</span> <span class='ocrx_word' id='word_1_36' title='bbox 1479 478 1560 514; x_wconf 79' lang='lat' dir='ltr'>Etfi</span> <span class='ocrx_word' id='word_1_37' title='bbox 1574 479 1709 514; x_wconf 86' lang='lat' dir='ltr'>contin-</span> 
     </span>
     <span class='ocr_line' id='line_1_5' title="bbox 226 532 1707 580; baseline 0.003 -14"><span class='ocrx_word' id='word_1_38' title='bbox 226 539 296 580; x_wconf 82' lang='lat' dir='ltr'>gat,</span> <span class='ocrx_word' id='word_1_39' title='bbox 310 534 403 579; x_wconf 85' lang='lat' dir='ltr'>quod</span> <span class='ocrx_word' id='word_1_40' title='bbox 419 532 511 573; x_wconf 77' lang='lat' dir='ltr'>abiit,</span> <span class='ocrx_word' id='word_1_41' title='bbox 530 533 661 579; x_wconf 90' lang='lat' dir='ltr'>[quod]</span> <span class='ocrx_word' id='word_1_42' title='bbox 677 533 792 579; x_wconf 85' lang='lat' dir='ltr'>aliqua</span> <span class='ocrx_word' id='word_1_43' title='bbox 806 534 1013 574; x_wconf 85' lang='lat' dir='ltr'>vendicatio,</span> <span class='ocrx_word' id='word_1_44' title='bbox 1031 535 1264 570; x_wconf 74' lang='lat' dir='ltr'>0011t1·adi6&#39;ci0</span> <span class='ocrx_word' id='word_1_45' title='bbox 1279 536 1334 570; x_wconf 92' lang='lat' dir='ltr'>vel</span> <span class='ocrx_word' id='word_1_46' title='bbox 1350 537 1459 570; x_wconf 85' lang='lat' dir='ltr'>motio</span> <span class='ocrx_word' id='word_1_47' title='bbox 1472 536 1707 570; x_wconf 80' lang='lat' dir='ltr'>altercationis</span> 
     </span>
     <span class='ocr_line' id='line_1_6' title="bbox 226 589 1708 640; baseline 0.001 -16"><span class='ocrx_word' id='word_1_48' title='bbox 226 589 294 624; x_wconf 85' lang='lat' dir='ltr'>five</span> <span class='ocrx_word' id='word_1_49' title='bbox 313 589 548 636; x_wconf 86' lang='lat' dir='ltr'>cujuscunque</span> <span class='ocrx_word' id='word_1_50' title='bbox 562 590 827 636; x_wconf 82' lang='lat' dir='ltr'>interruptionis</span> <span class='ocrx_word' id='word_1_51' title='bbox 841 596 964 625; x_wconf 89' lang='lat' dir='ltr'>contra</span> <span class='ocrx_word' id='word_1_52' title='bbox 978 591 1107 625; x_wconf 62' lang='lat' dir='ltr'>dietam</span> <span class='ocrx_word' id='word_1_53' title='bbox 1124 591 1361 626; x_wconf 91' lang='lat' dir='ltr'>venditionem</span> <span class='ocrx_word' id='word_1_54' title='bbox 1377 592 1437 626; x_wconf 88' lang='lat' dir='ltr'>fiat</span> <span class='ocrx_word' id='word_1_55' title='bbox 1450 593 1708 640; x_wconf 85' lang='lat' dir='ltr'>imperpetuum</span> 
     </span>
     <span class='ocr_line' id='line_1_7' title="bbox 227 645 1710 696; baseline 0.002 -16"><span class='ocrx_word' id='word_1_56' title='bbox 227 659 290 693; x_wconf 91' lang='lat' dir='ltr'>per</span> <span class='ocrx_word' id='word_1_57' title='bbox 308 659 363 680; x_wconf 90' lang='lat' dir='ltr'>me</span> <span class='ocrx_word' id='word_1_58' title='bbox 382 646 437 679; x_wconf 84' lang='lat' dir='ltr'>vel</span> <span class='ocrx_word' id='word_1_59' title='bbox 457 659 519 693; x_wconf 85' lang='lat' dir='ltr'>per</span> <span class='ocrx_word' id='word_1_60' title='bbox 537 646 687 691; x_wconf 82' lang='lat' dir='ltr'>aliquem</span> <span class='ocrx_word' id='word_1_61' title='bbox 706 645 935 680; x_wconf 76' lang='lat' dir='ltr'>successorum</span> <span class='ocrx_word' id='word_1_62' title='bbox 955 660 1125 687; x_wconf 88' lang='lat' dir='ltr'>meorum,</span> <span class='ocrx_word' id='word_1_63' title='bbox 1158 648 1241 681; x_wconf 87' lang='lat' dir='ltr'>volo</span> <span class='ocrx_word' id='word_1_64' title='bbox 1270 654 1305 682; x_wconf 84' lang='lat' dir='ltr'>et</span> <span class='ocrx_word' id='word_1_65' title='bbox 1336 649 1492 683; x_wconf 86' lang='lat' dir='ltr'>concedo</span> <span class='ocrx_word' id='word_1_66' title='bbox 1519 661 1583 696; x_wconf 91' lang='lat' dir='ltr'>pro</span> <span class='ocrx_word' id='word_1_67' title='bbox 1600 661 1657 682; x_wconf 84' lang='lat' dir='ltr'>me</span> <span class='ocrx_word' id='word_1_68' title='bbox 1675 655 1710 682; x_wconf 82' lang='lat' dir='ltr'>et</span> 
     </span>
     <span class='ocr_line' id='line_1_8' title="bbox 226 700 1707 752; baseline 0.002 -16"><span class='ocrx_word' id='word_1_69' title='bbox 226 703 412 738; x_wconf 83' lang='lat' dir='ltr'>heredibus</span> <span class='ocrx_word' id='word_1_70' title='bbox 431 703 516 737; x_wconf 89' lang='lat' dir='ltr'>meis</span> <span class='ocrx_word' id='word_1_71' title='bbox 535 709 569 737; x_wconf 92' lang='lat' dir='ltr'>et</span> <span class='ocrx_word' id='word_1_72' title='bbox 587 700 832 736; x_wconf 70' lang='lat' dir='ltr'>ihcceffl›1·ibus</span> <span class='ocrx_word' id='word_1_73' title='bbox 849 704 943 749; x_wconf 91' lang='lat' dir='ltr'>quod</span> <span class='ocrx_word' id='word_1_74' title='bbox 963 703 1059 737; x_wconf 84' lang='lat' dir='ltr'>nulla</span> <span class='ocrx_word' id='word_1_75' title='bbox 1077 704 1309 739; x_wconf 67' lang='lat' dir='ltr'>contradictio</span> <span class='ocrx_word' id='word_1_76' title='bbox 1328 705 1384 739; x_wconf 90' lang='lat' dir='ltr'>vel</span> <span class='ocrx_word' id='word_1_77' title='bbox 1403 706 1512 739; x_wconf 90' lang='lat' dir='ltr'>motio</span> <span class='ocrx_word' id='word_1_78' title='bbox 1527 704 1707 752; x_wconf 88' lang='lat' dir='ltr'>cujuscun-</span> 
     </span>
     <span class='ocr_line' id='line_1_9' title="bbox 226 758 1708 808; baseline 0 -14"><span class='ocrx_word' id='word_1_79' title='bbox 226 773 293 806; x_wconf 90' lang='lat' dir='ltr'>que</span> <span class='ocrx_word' id='word_1_80' title='bbox 312 759 458 808; x_wconf 86' lang='lat' dir='ltr'>persone</span> <span class='ocrx_word' id='word_1_81' title='bbox 478 759 535 793; x_wconf 85' lang='lat' dir='ltr'>seu</span> <span class='ocrx_word' id='word_1_82' title='bbox 553 758 699 805; x_wconf 85' lang='lat' dir='ltr'>alicujus</span> <span class='ocrx_word' id='word_1_83' title='bbox 719 760 862 794; x_wconf 80' lang='lat' dir='ltr'>materie</span> <span class='ocrx_word' id='word_1_84' title='bbox 881 760 1031 806; x_wconf 81' lang='lat' dir='ltr'>prolatio</span> <span class='ocrx_word' id='word_1_85' title='bbox 1051 759 1297 807; x_wconf 83' lang='lat' dir='ltr'>qualiscunque</span> <span class='ocrx_word' id='word_1_86' title='bbox 1313 761 1469 796; x_wconf 84' lang='lat' dir='ltr'>obtineat</span> <span class='ocrx_word' id='word_1_87' title='bbox 1483 761 1591 796; x_wconf 88' lang='lat' dir='ltr'>robur</span> <span class='ocrx_word' id='word_1_88' title='bbox 1602 761 1708 795; x_wconf 88' lang='lat' dir='ltr'>firmi-</span> 
     </span>
     <span class='ocr_line' id='line_1_10' title="bbox 226 815 1705 865; baseline 0.001 -14"><span class='ocrx_word' id='word_1_89' title='bbox 226 818 316 851; x_wconf 82' lang='lat' dir='ltr'>tatis.</span> <span class='ocrx_word' id='word_1_90' title='bbox 371 817 414 850; x_wconf 93' lang='lat' dir='ltr'>In</span> <span class='ocrx_word' id='word_1_91' title='bbox 442 816 540 863; x_wconf 84' lang='lat' dir='ltr'>cujus</span> <span class='ocrx_word' id='word_1_92' title='bbox 568 817 617 850; x_wconf 90' lang='lat' dir='ltr'>rei</span> <span class='ocrx_word' id='word_1_93' title='bbox 649 815 882 850; x_wconf 85' lang='lat' dir='ltr'>testimonium</span> <span class='ocrx_word' id='word_1_94' title='bbox 903 815 1051 862; x_wconf 67' lang='lat' dir='ltr'>sigillum</span> <span class='ocrx_word' id='word_1_95' title='bbox 1071 830 1187 851; x_wconf 88' lang='lat' dir='ltr'>meum</span> <span class='ocrx_word' id='word_1_96' title='bbox 1207 818 1422 863; x_wconf 85' lang='lat' dir='ltr'>presentibus</span> <span class='ocrx_word' id='word_1_97' title='bbox 1441 817 1488 852; x_wconf 85' lang='lat' dir='ltr'>est</span> <span class='ocrx_word' id='word_1_98' title='bbox 1505 816 1705 865; x_wconf 87' lang='lat' dir='ltr'>appensum.</span> 
     </span>
     <span class='ocr_line' id='line_1_11' title="bbox 227 872 1706 919; baseline 0 -12"><span class='ocrx_word' id='word_1_99' title='bbox 227 873 362 907; x_wconf 88' lang='lat' dir='ltr'>Datum</span> <span class='ocrx_word' id='word_1_100' title='bbox 381 873 473 919; x_wconf 87' lang='lat' dir='ltr'>apud</span> <span class='ocrx_word' id='word_1_101' title='bbox 492 872 635 918; x_wconf 85' lang='lat' dir='ltr'>Glasgw</span> <span class='ocrx_word' id='word_1_102' title='bbox 654 872 708 906; x_wconf 92' lang='lat' dir='ltr'>die</span> <span class='ocrx_word' id='word_1_103' title='bbox 730 872 878 906; x_wconf 85' lang='lat' dir='ltr'>Veneris</span> <span class='ocrx_word' id='word_1_104' title='bbox 896 873 1057 919; x_wconf 83' lang='lat' dir='ltr'>proxima</span> <span class='ocrx_word' id='word_1_105' title='bbox 1074 879 1155 909; x_wconf 82' lang='lat' dir='ltr'>ante</span> <span class='ocrx_word' id='word_1_106' title='bbox 1173 873 1292 908; x_wconf 87' lang='lat' dir='ltr'>festum</span> <span class='ocrx_word' id='word_1_107' title='bbox 1324 874 1445 908; x_wconf 64' lang='lat' dir='ltr'>Saneti</span> <span class='ocrx_word' id='word_1_108' title='bbox 1475 874 1573 909; x_wconf 89' lang='lat' dir='ltr'>Luce</span> <span class='ocrx_word' id='word_1_109' title='bbox 1604 886 1706 909; x_wconf 84' lang='lat' dir='ltr'>evan-</span> 
     </span>
     <span class='ocr_line' id='line_1_12' title="bbox 224 929 860 976; baseline -0.005 -12"><span class='ocrx_word' id='word_1_110' title='bbox 224 929 342 976; x_wconf 84' lang='lat' dir='ltr'>geliste</span> <span class='ocrx_word' id='word_1_111' title='bbox 361 942 454 963; x_wconf 83' lang='lat' dir='ltr'>anno</span> <span class='ocrx_word' id='word_1_112' title='bbox 472 929 584 975; x_wconf 85' lang='lat' dir='ltr'>gratie</span> <span class='ocrx_word' id='word_1_113' title='bbox 603 933 647 962; x_wconf 88' lang='lat' dir='ltr'>M⁰</span> <span class='ocrx_word' id='word_1_114' title='bbox 667 933 750 962; x_wconf 86' lang='lat' dir='ltr'>ccc⁰</span> <span class='ocrx_word' id='word_1_115' title='bbox 769 932 860 961; x_wconf 76' lang='lat' dir='ltr'>XX10.</span> 
     </span>
    </p>
   </div>
   <div class='ocr_carea' id='block_1_3' title="bbox 228 1097 1510 1147">
    <p class='ocr_par' dir='ltr' id='par_1_3' title="bbox 228 1097 1510 1147">
     <span class='ocr_line' id='line_1_13' title="bbox 228 1097 1510 1147; baseline 0.002 -14"><span class='ocrx_word' id='word_1_116' title='bbox 228 1099 424 1133; x_wconf 84' lang='lat' dir='ltr'>Indentura</span> <span class='ocrx_word' id='word_1_117' title='bbox 441 1098 533 1132; x_wconf 83' lang='lat' dir='ltr'>inter</span> <span class='ocrx_word' id='word_1_118' title='bbox 551 1110 615 1131; x_wconf 88' lang='lat' dir='ltr'>nos</span> <span class='ocrx_word' id='word_1_119' title='bbox 634 1102 668 1131; x_wconf 91' lang='lat' dir='ltr'>et</span> <span class='ocrx_word' id='word_1_120' title='bbox 689 1097 877 1131; x_wconf 84' lang='lat' dir='ltr'>Patricium</span> <span class='ocrx_word' id='word_1_121' title='bbox 898 1097 1047 1133; x_wconf 83' lang='lat' dir='ltr'>Glowar</span> <span class='ocrx_word' id='word_1_122' title='bbox 1064 1099 1272 1147; x_wconf 85' lang='lat' dir='ltr'>burgensem</span> <span class='ocrx_word' id='word_1_123' title='bbox 1292 1101 1334 1134; x_wconf 91' lang='lat' dir='ltr'>de</span> <span class='ocrx_word' id='word_1_124' title='bbox 1354 1098 1510 1146; x_wconf 81' lang='lat' dir='ltr'>Glasgw.</span> 
     </span>
    </p>
   </div>
   <div class='ocr_carea' id='block_1_4' title="bbox 223 1210 1709 2389">
    <p class='ocr_par' dir='ltr' id='par_1_4' title="bbox 223 1210 1709 2389">
     <span class='ocr_line' id='line_1_14' title="bbox 229 1210 1709 1260; baseline 0.001 -14"><span class='ocrx_word' id='word_1_125' title='bbox 229 1210 379 1246; x_wconf 90' lang='lat' dir='ltr'>ANNO</span> <span class='ocrx_word' id='word_1_126' title='bbox 398 1211 440 1244; x_wconf 87' lang='lat' dir='ltr'>ab</span> <span class='ocrx_word' id='word_1_127' title='bbox 460 1211 700 1245; x_wconf 84' lang='lat' dir='ltr'>incarnatione</span> <span class='ocrx_word' id='word_1_128' title='bbox 720 1211 867 1245; x_wconf 86' lang='lat' dir='ltr'>Domini</span> <span class='ocrx_word' id='word_1_129' title='bbox 887 1216 930 1245; x_wconf 81' lang='grc' dir='ltr'>Μ0</span> <span class='ocrx_word' id='word_1_130' title='bbox 950 1217 1057 1247; x_wconf 81' lang='grc' dir='ltr'>0000ο</span> <span class='ocrx_word' id='word_1_131' title='bbox 1076 1220 1170 1253; x_wconf 84' lang='lat' dir='ltr'>xm0,</span> <span class='ocrx_word' id='word_1_132' title='bbox 1204 1213 1258 1247; x_wconf 89' lang='lat' dir='ltr'>die</span> <span class='ocrx_word' id='word_1_133' title='bbox 1288 1212 1415 1248; x_wconf 82' lang='lat' dir='ltr'>Martis</span> <span class='ocrx_word' id='word_1_134' title='bbox 1440 1213 1602 1260; x_wconf 85' lang='lat' dir='ltr'>proximo</span> <span class='ocrx_word' id='word_1_135' title='bbox 1629 1219 1709 1247; x_wconf 87' lang='lat' dir='ltr'>ante</span> 
     </span>
     <span class='ocr_line' id='line_1_15' title="bbox 225 1267 1707 1315; baseline 0 -12"><span class='ocrx_word' id='word_1_136' title='bbox 225 1268 345 1303; x_wconf 87' lang='lat' dir='ltr'>festum</span> <span class='ocrx_word' id='word_1_137' title='bbox 366 1268 617 1314; x_wconf 83' lang='lat' dir='ltr'>purificationis</span> <span class='ocrx_word' id='word_1_138' title='bbox 636 1267 735 1301; x_wconf 88' lang='lat' dir='ltr'>beate</span> <span class='ocrx_word' id='word_1_139' title='bbox 755 1267 911 1313; x_wconf 79' lang='lat' dir='ltr'>Virginis</span> <span class='ocrx_word' id='word_1_140' title='bbox 933 1268 1048 1303; x_wconf 82' lang='lat' dir='ltr'>Marie</span> <span class='ocrx_word' id='word_1_141' title='bbox 1062 1270 1155 1303; x_wconf 58' lang='lat' dir='ltr'>faeta</span> <span class='ocrx_word' id='word_1_142' title='bbox 1173 1269 1220 1304; x_wconf 89' lang='lat' dir='ltr'>est</span> <span class='ocrx_word' id='word_1_143' title='bbox 1237 1270 1300 1304; x_wconf 81' lang='lat' dir='ltr'>hec</span> <span class='ocrx_word' id='word_1_144' title='bbox 1315 1270 1503 1304; x_wconf 91' lang='lat' dir='ltr'>conventio</span> <span class='ocrx_word' id='word_1_145' title='bbox 1519 1269 1623 1304; x_wconf 88' lang='lat' dir='ltr'>modo</span> <span class='ocrx_word' id='word_1_146' title='bbox 1638 1282 1707 1315; x_wconf 88' lang='lat' dir='ltr'>quo</span> 
     </span>
     <span class='ocr_line' id='line_1_16' title="bbox 226 1323 1708 1371; baseline 0 -12"><span class='ocrx_word' id='word_1_147' title='bbox 226 1324 379 1371; x_wconf 85' lang='lat' dir='ltr'>sequitur</span> <span class='ocrx_word' id='word_1_148' title='bbox 398 1325 489 1358; x_wconf 84' lang='lat' dir='ltr'>inter</span> <span class='ocrx_word' id='word_1_149' title='bbox 510 1323 742 1358; x_wconf 83' lang='lat' dir='ltr'>venerabilem</span> <span class='ocrx_word' id='word_1_150' title='bbox 762 1331 896 1371; x_wconf 78' lang='lat' dir='ltr'>patrem</span> <span class='ocrx_word' id='word_1_151' title='bbox 916 1325 1096 1361; x_wconf 87' lang='lat' dir='ltr'>dominum</span> <span class='ocrx_word' id='word_1_152' title='bbox 1120 1325 1321 1360; x_wconf 88' lang='lat' dir='ltr'>Wilelmum</span> <span class='ocrx_word' id='word_1_153' title='bbox 1341 1326 1383 1360; x_wconf 91' lang='lat' dir='ltr'>de</span> <span class='ocrx_word' id='word_1_154' title='bbox 1404 1325 1609 1360; x_wconf 75' lang='lat' dir='ltr'>Chessielme</span> <span class='ocrx_word' id='word_1_155' title='bbox 1637 1326 1708 1360; x_wconf 90' lang='lat' dir='ltr'>Dei</span> 
     </span>
     <span class='ocr_line' id='line_1_17' title="bbox 225 1381 1708 1428; baseline 0 -13"><span class='ocrx_word' id='word_1_156' title='bbox 225 1382 337 1428; x_wconf 80' lang='lat' dir='ltr'>gratia</span> <span class='ocrx_word' id='word_1_157' title='bbox 355 1381 514 1415; x_wconf 83' lang='lat' dir='ltr'>abbatem</span> <span class='ocrx_word' id='word_1_158' title='bbox 534 1386 569 1414; x_wconf 89' lang='lat' dir='ltr'>et</span> <span class='ocrx_word' id='word_1_159' title='bbox 587 1388 801 1415; x_wconf 88' lang='lat' dir='ltr'>conventum</span> <span class='ocrx_word' id='word_1_160' title='bbox 821 1382 863 1416; x_wconf 90' lang='lat' dir='ltr'>de</span> <span class='ocrx_word' id='word_1_161' title='bbox 884 1382 1028 1421; x_wconf 64' lang='lat' dir='ltr'>Pallam,</span> <span class='ocrx_word' id='word_1_162' title='bbox 1057 1382 1189 1416; x_wconf 81' lang='lat' dir='ltr'>ordinis</span> <span class='ocrx_word' id='word_1_163' title='bbox 1208 1381 1455 1422; x_wconf 77' lang='lat' dir='ltr'>Cluniacenfis,</span> <span class='ocrx_word' id='word_1_164' title='bbox 1485 1381 1708 1428; x_wconf 84' lang='lat' dir='ltr'>Glasguenfis</span> 
     </span>
     <span class='ocr_line' id='line_1_18' title="bbox 226 1437 1708 1487; baseline 0.001 -15"><span class='ocrx_word' id='word_1_165' title='bbox 226 1437 377 1477; x_wconf 83' lang='lat' dir='ltr'>diocelis,</span> <span class='ocrx_word' id='word_1_166' title='bbox 400 1450 442 1471; x_wconf 81' lang='lat' dir='ltr'>ex</span> <span class='ocrx_word' id='word_1_167' title='bbox 460 1450 531 1471; x_wconf 87' lang='lat' dir='ltr'>una</span> <span class='ocrx_word' id='word_1_168' title='bbox 548 1443 658 1484; x_wconf 84' lang='lat' dir='ltr'>parte,</span> <span class='ocrx_word' id='word_1_169' title='bbox 679 1443 713 1471; x_wconf 91' lang='lat' dir='ltr'>et</span> <span class='ocrx_word' id='word_1_170' title='bbox 734 1437 922 1472; x_wconf 85' lang='lat' dir='ltr'>Patricium</span> <span class='ocrx_word' id='word_1_171' title='bbox 939 1438 1088 1473; x_wconf 86' lang='lat' dir='ltr'>Glower</span> <span class='ocrx_word' id='word_1_172' title='bbox 1107 1438 1312 1485; x_wconf 88' lang='lat' dir='ltr'>burgensem</span> <span class='ocrx_word' id='word_1_173' title='bbox 1333 1440 1375 1474; x_wconf 92' lang='lat' dir='ltr'>de</span> <span class='ocrx_word' id='word_1_174' title='bbox 1396 1438 1541 1485; x_wconf 83' lang='lat' dir='ltr'>Glasgw</span> <span class='ocrx_word' id='word_1_175' title='bbox 1553 1453 1596 1474; x_wconf 82' lang='lat' dir='ltr'>ex</span> <span class='ocrx_word' id='word_1_176' title='bbox 1609 1446 1708 1487; x_wconf 87' lang='lat' dir='ltr'>parte</span> 
     </span>
     <span class='ocr_line' id='line_1_19' title="bbox 226 1493 1707 1542; baseline 0.001 -14"><span class='ocrx_word' id='word_1_177' title='bbox 226 1494 336 1528; x_wconf 85' lang='lat' dir='ltr'>altera</span> <span class='ocrx_word' id='word_1_178' title='bbox 351 1508 359 1536; x_wconf 89' lang='lat'>;</span> <span class='ocrx_word' id='word_1_179' title='bbox 382 1493 545 1527; x_wconf 88' lang='lat' dir='ltr'>videlicet</span> <span class='ocrx_word' id='word_1_180' title='bbox 559 1493 653 1539; x_wconf 92' lang='lat' dir='ltr'>quod</span> <span class='ocrx_word' id='word_1_181' title='bbox 666 1494 757 1528; x_wconf 89' lang='lat' dir='ltr'>idem</span> <span class='ocrx_word' id='word_1_182' title='bbox 774 1494 894 1528; x_wconf 88' lang='lat' dir='ltr'>Abbas</span> <span class='ocrx_word' id='word_1_183' title='bbox 908 1500 942 1529; x_wconf 86' lang='lat' dir='ltr'>et</span> <span class='ocrx_word' id='word_1_184' title='bbox 956 1501 1151 1529; x_wconf 88' lang='lat' dir='ltr'>conventus</span> <span class='ocrx_word' id='word_1_185' title='bbox 1165 1508 1262 1530; x_wconf 86' lang='lat' dir='ltr'>mera</span> <span class='ocrx_word' id='word_1_186' title='bbox 1276 1501 1309 1530; x_wconf 90' lang='lat' dir='ltr'>et</span> <span class='ocrx_word' id='word_1_187' title='bbox 1322 1495 1512 1542; x_wconf 86' lang='lat' dir='ltr'>spontanea</span> <span class='ocrx_word' id='word_1_188' title='bbox 1525 1496 1707 1531; x_wconf 85' lang='lat' dir='ltr'>voluntate</span> 
     </span>
     <span class='ocr_line' id='line_1_20' title="bbox 225 1549 1708 1593; baseline 0.001 -8"><span class='ocrx_word' id='word_1_189' title='bbox 225 1549 424 1585; x_wconf 83' lang='lat' dir='ltr'>affedarunt</span> <span class='ocrx_word' id='word_1_190' title='bbox 455 1556 489 1584; x_wconf 88' lang='lat' dir='ltr'>et</span> <span class='ocrx_word' id='word_1_191' title='bbox 519 1550 564 1584; x_wconf 84' lang='lat' dir='ltr'>ad</span> <span class='ocrx_word' id='word_1_192' title='bbox 581 1549 811 1585; x_wconf 86' lang='lat' dir='ltr'>feodifirmam</span> <span class='ocrx_word' id='word_1_193' title='bbox 832 1551 1036 1586; x_wconf 87' lang='lat' dir='ltr'>dimiserunt</span> <span class='ocrx_word' id='word_1_194' title='bbox 1055 1552 1167 1586; x_wconf 89' lang='lat' dir='ltr'>eidem</span> <span class='ocrx_word' id='word_1_195' title='bbox 1188 1552 1351 1593; x_wconf 84' lang='lat' dir='ltr'>Patricio,</span> <span class='ocrx_word' id='word_1_196' title='bbox 1384 1552 1571 1587; x_wconf 83' lang='lat' dir='ltr'>heredibus</span> <span class='ocrx_word' id='word_1_197' title='bbox 1588 1552 1655 1587; x_wconf 87' lang='lat' dir='ltr'>suis</span> <span class='ocrx_word' id='word_1_198' title='bbox 1674 1559 1708 1588; x_wconf 90' lang='lat' dir='ltr'>et</span> 
     </span>
     <span class='ocr_line' id='line_1_21' title="bbox 224 1607 1708 1657; baseline 0.001 -15"><span class='ocrx_word' id='word_1_199' title='bbox 224 1607 407 1653; x_wconf 77' lang='lat' dir='ltr'>assignatis,</span> <span class='ocrx_word' id='word_1_200' title='bbox 441 1607 528 1640; x_wconf 92' lang='lat' dir='ltr'>illud</span> <span class='ocrx_word' id='word_1_201' title='bbox 547 1619 669 1641; x_wconf 87' lang='lat' dir='ltr'>eorum</span> <span class='ocrx_word' id='word_1_202' title='bbox 688 1607 897 1654; x_wconf 79' lang='lat' dir='ltr'>burgagium</span> <span class='ocrx_word' id='word_1_203' title='bbox 915 1608 1009 1654; x_wconf 88' lang='lat' dir='ltr'>quod</span> <span class='ocrx_word' id='word_1_204' title='bbox 1033 1607 1128 1655; x_wconf 88' lang='lat' dir='ltr'>jacet</span> <span class='ocrx_word' id='word_1_205' title='bbox 1146 1608 1237 1642; x_wconf 86' lang='lat' dir='ltr'>infra</span> <span class='ocrx_word' id='word_1_206' title='bbox 1254 1609 1404 1655; x_wconf 89' lang='lat' dir='ltr'>burgum</span> <span class='ocrx_word' id='word_1_207' title='bbox 1436 1609 1479 1643; x_wconf 93' lang='lat' dir='ltr'>de</span> <span class='ocrx_word' id='word_1_208' title='bbox 1508 1609 1653 1657; x_wconf 86' lang='lat' dir='ltr'>Glasgw</span> <span class='ocrx_word' id='word_1_209' title='bbox 1670 1611 1708 1644; x_wconf 91' lang='lat' dir='ltr'>in</span> 
     </span>
     <span class='ocr_line' id='line_1_22' title="bbox 224 1663 1705 1713; baseline 0.001 -15"><span class='ocrx_word' id='word_1_210' title='bbox 224 1664 302 1698; x_wconf 88' lang='lat' dir='ltr'>vico</span> <span class='ocrx_word' id='word_1_211' title='bbox 321 1663 529 1698; x_wconf 88' lang='lat' dir='ltr'>occidentali</span> <span class='ocrx_word' id='word_1_212' title='bbox 548 1663 639 1697; x_wconf 89' lang='lat' dir='ltr'>inter</span> <span class='ocrx_word' id='word_1_213' title='bbox 652 1669 782 1698; x_wconf 84' lang='lat' dir='ltr'>terram</span> <span class='ocrx_word' id='word_1_214' title='bbox 798 1664 821 1699; x_wconf 88' lang='lat' dir='ltr'>J</span> <span class='ocrx_word' id='word_1_215' title='bbox 824 1665 962 1699; x_wconf 85' lang='lat' dir='ltr'>ohanne</span> <span class='ocrx_word' id='word_1_216' title='bbox 977 1664 1097 1711; x_wconf 86' lang='lat' dir='ltr'>Pydde</span> <span class='ocrx_word' id='word_1_217' title='bbox 1116 1677 1158 1699; x_wconf 85' lang='lat' dir='ltr'>ex</span> <span class='ocrx_word' id='word_1_218' title='bbox 1176 1671 1275 1712; x_wconf 87' lang='lat' dir='ltr'>parte</span> <span class='ocrx_word' id='word_1_219' title='bbox 1293 1665 1442 1705; x_wconf 84' lang='lat' dir='ltr'>australi,</span> <span class='ocrx_word' id='word_1_220' title='bbox 1457 1678 1500 1700; x_wconf 88' lang='lat' dir='ltr'>ex</span> <span class='ocrx_word' id='word_1_221' title='bbox 1511 1672 1609 1713; x_wconf 88' lang='lat' dir='ltr'>parte</span> <span class='ocrx_word' id='word_1_222' title='bbox 1623 1679 1705 1707; x_wconf 89' lang='lat' dir='ltr'>una,</span> 
     </span>
     <span class='ocr_line' id='line_1_23' title="bbox 225 1719 1707 1769; baseline 0.001 -15"><span class='ocrx_word' id='word_1_223' title='bbox 225 1725 259 1754; x_wconf 85' lang='lat' dir='ltr'>et</span> <span class='ocrx_word' id='word_1_224' title='bbox 277 1725 407 1754; x_wconf 80' lang='lat' dir='ltr'>terram</span> <span class='ocrx_word' id='word_1_225' title='bbox 425 1719 447 1754; x_wconf 84' lang='lat' dir='ltr'>J</span> <span class='ocrx_word' id='word_1_226' title='bbox 451 1719 598 1753; x_wconf 82' lang='lat' dir='ltr'>ohannis</span> <span class='ocrx_word' id='word_1_227' title='bbox 617 1720 768 1754; x_wconf 84' lang='lat' dir='ltr'>Stewart</span> <span class='ocrx_word' id='word_1_228' title='bbox 786 1733 889 1767; x_wconf 85' lang='lat' dir='ltr'>quam</span> <span class='ocrx_word' id='word_1_229' title='bbox 908 1720 1097 1767; x_wconf 83' lang='lat' dir='ltr'>burgenses</span> <span class='ocrx_word' id='word_1_230' title='bbox 1115 1721 1267 1769; x_wconf 89' lang='lat' dir='ltr'>ejusdem</span> <span class='ocrx_word' id='word_1_231' title='bbox 1287 1722 1389 1769; x_wconf 83' lang='lat' dir='ltr'>burgi</span> <span class='ocrx_word' id='word_1_232' title='bbox 1408 1723 1520 1757; x_wconf 89' lang='lat' dir='ltr'>eidem</span> <span class='ocrx_word' id='word_1_233' title='bbox 1551 1723 1574 1758; x_wconf 87' lang='lat' dir='ltr'>J</span> <span class='ocrx_word' id='word_1_234' title='bbox 1577 1723 1707 1758; x_wconf 82' lang='lat' dir='ltr'>ohanni</span> 
     </span>
     <span class='ocr_line' id='line_1_24' title="bbox 225 1775 1706 1826; baseline 0.003 -16"><span class='ocrx_word' id='word_1_235' title='bbox 225 1775 454 1810; x_wconf 83' lang='lat' dir='ltr'>contulerunt</span> <span class='ocrx_word' id='word_1_236' title='bbox 472 1788 515 1809; x_wconf 86' lang='lat' dir='ltr'>ex</span> <span class='ocrx_word' id='word_1_237' title='bbox 532 1782 632 1822; x_wconf 88' lang='lat' dir='ltr'>parte</span> <span class='ocrx_word' id='word_1_238' title='bbox 650 1776 847 1818; x_wconf 88' lang='lat' dir='ltr'>borientali,</span> <span class='ocrx_word' id='word_1_239' title='bbox 868 1778 1117 1812; x_wconf 84' lang='lat' dir='ltr'>extendentem</span> <span class='ocrx_word' id='word_1_240' title='bbox 1136 1779 1173 1812; x_wconf 93' lang='lat' dir='ltr'>in</span> <span class='ocrx_word' id='word_1_241' title='bbox 1191 1779 1340 1825; x_wconf 85' lang='lat' dir='ltr'>quadam</span> <span class='ocrx_word' id='word_1_242' title='bbox 1355 1784 1453 1826; x_wconf 87' lang='lat' dir='ltr'>parte</span> <span class='ocrx_word' id='word_1_243' title='bbox 1471 1779 1514 1813; x_wconf 86' lang='lat' dir='ltr'>ad</span> <span class='ocrx_word' id='word_1_244' title='bbox 1534 1779 1706 1814; x_wconf 84' lang='lat' dir='ltr'>orientem</span> 
     </span>
     <span class='ocr_line' id='line_1_25' title="bbox 225 1831 1705 1882; baseline 0.003 -16"><span class='ocrx_word' id='word_1_245' title='bbox 225 1845 267 1866; x_wconf 80' lang='lat' dir='ltr'>ex</span> <span class='ocrx_word' id='word_1_246' title='bbox 286 1832 396 1865; x_wconf 80' lang='lat' dir='ltr'>altera</span> <span class='ocrx_word' id='word_1_247' title='bbox 414 1837 512 1878; x_wconf 87' lang='lat' dir='ltr'>parte</span> <span class='ocrx_word' id='word_1_248' title='bbox 528 1846 537 1873; x_wconf 83' lang='lat'><em>3</em></span> <span class='ocrx_word' id='word_1_249' title='bbox 570 1831 784 1867; x_wconf 80' lang='lat' dir='ltr'>Habenduin</span> <span class='ocrx_word' id='word_1_250' title='bbox 804 1840 838 1868; x_wconf 87' lang='lat' dir='ltr'>et</span> <span class='ocrx_word' id='word_1_251' title='bbox 856 1834 1048 1868; x_wconf 89' lang='lat' dir='ltr'>tenendum</span> <span class='ocrx_word' id='word_1_252' title='bbox 1069 1835 1202 1869; x_wconf 68' lang='grc'>1116111111</span> <span class='ocrx_word' id='word_1_253' title='bbox 1221 1835 1428 1882; x_wconf 81' lang='lat' dir='ltr'>burgagium</span> <span class='ocrx_word' id='word_1_254' title='bbox 1445 1835 1540 1870; x_wconf 63' lang='lat' dir='ltr'>dieto</span> <span class='ocrx_word' id='word_1_255' title='bbox 1554 1835 1705 1871; x_wconf 87' lang='lat' dir='ltr'>Patricio</span> 
     </span>
     <span class='ocr_line' id='line_1_26' title="bbox 224 1886 1706 1937; baseline 0.003 -14"><span class='ocrx_word' id='word_1_256' title='bbox 224 1893 259 1923; x_wconf 87' lang='lat' dir='ltr'>et</span> <span class='ocrx_word' id='word_1_257' title='bbox 277 1888 463 1922; x_wconf 86' lang='lat' dir='ltr'>heredibus</span> <span class='ocrx_word' id='word_1_258' title='bbox 481 1886 547 1921; x_wconf 87' lang='lat' dir='ltr'>suis</span> <span class='ocrx_word' id='word_1_259' title='bbox 566 1894 600 1922; x_wconf 91' lang='lat' dir='ltr'>et</span> <span class='ocrx_word' id='word_1_260' title='bbox 618 1887 790 1935; x_wconf 86' lang='lat' dir='ltr'>affignatis</span> <span class='ocrx_word' id='word_1_261' title='bbox 809 1890 851 1924; x_wconf 89' lang='lat' dir='ltr'>de</span> <span class='ocrx_word' id='word_1_262' title='bbox 870 1891 1011 1937; x_wconf 85' lang='lat' dir='ltr'>prefatis</span> <span class='ocrx_word' id='word_1_263' title='bbox 1031 1891 1170 1926; x_wconf 86' lang='lat' dir='ltr'>Abbate</span> <span class='ocrx_word' id='word_1_264' title='bbox 1190 1898 1225 1927; x_wconf 89' lang='lat' dir='ltr'>et</span> <span class='ocrx_word' id='word_1_265' title='bbox 1243 1898 1421 1927; x_wconf 88' lang='lat' dir='ltr'>conventu</span> <span class='ocrx_word' id='word_1_266' title='bbox 1440 1898 1474 1927; x_wconf 89' lang='lat' dir='ltr'>et</span> <span class='ocrx_word' id='word_1_267' title='bbox 1493 1906 1616 1928; x_wconf 91' lang='lat' dir='ltr'>eorum</span> <span class='ocrx_word' id='word_1_268' title='bbox 1634 1893 1706 1928; x_wconf 85' lang='lat' dir='ltr'>suc-</span> 
     </span>
     <span class='ocr_line' id='line_1_27' title="bbox 225 1943 1703 1996; baseline 0.003 -17"><span class='ocrx_word' id='word_1_269' title='bbox 225 1943 411 1979; x_wconf 76' lang='lat' dir='ltr'>cefl&#39;oribus</span> <span class='ocrx_word' id='word_1_270' title='bbox 425 1945 484 1990; x_wconf 92' lang='lat' dir='ltr'>qui</span> <span class='ocrx_word' id='word_1_271' title='bbox 502 1957 566 1991; x_wconf 84' lang='lat' dir='ltr'>pro</span> <span class='ocrx_word' id='word_1_272' title='bbox 584 1950 744 1992; x_wconf 85' lang='lat' dir='ltr'>tempore</span> <span class='ocrx_word' id='word_1_273' title='bbox 762 1946 893 1980; x_wconf 89' lang='lat' dir='ltr'>fuerint</span> <span class='ocrx_word' id='word_1_274' title='bbox 907 1945 1099 1989; x_wconf 86' lang='lat' dir='ltr'>succeffive,</span> <span class='ocrx_word' id='word_1_275' title='bbox 1117 1961 1196 1983; x_wconf 87' lang='lat' dir='ltr'>eum</span> <span class='ocrx_word' id='word_1_276' title='bbox 1215 1949 1376 1983; x_wconf 90' lang='lat' dir='ltr'>omnibus</span> <span class='ocrx_word' id='word_1_277' title='bbox 1390 1949 1457 1984; x_wconf 86' lang='lat' dir='ltr'>suis</span> <span class='ocrx_word' id='word_1_278' title='bbox 1472 1950 1703 1996; x_wconf 84' lang='lat' dir='ltr'>pertinentiis,</span> 
     </span>
     <span class='ocr_line' id='line_1_28' title="bbox 224 2000 1706 2054; baseline 0.005 -20"><span class='ocrx_word' id='word_1_279' title='bbox 224 2000 453 2040; x_wconf 80' lang='lat' dir='ltr'>libertatibus,</span> <span class='ocrx_word' id='word_1_280' title='bbox 474 2001 780 2035; x_wconf 86' lang='lat' dir='ltr'>commoditatibus</span> <span class='ocrx_word' id='word_1_281' title='bbox 798 2008 833 2036; x_wconf 87' lang='lat' dir='ltr'>et</span> <span class='ocrx_word' id='word_1_282' title='bbox 850 2002 1066 2049; x_wconf 82' lang='lat' dir='ltr'>ayfiamentis</span> <span class='ocrx_word' id='word_1_283' title='bbox 1084 2005 1127 2039; x_wconf 85' lang='lat' dir='ltr'>ad</span> <span class='ocrx_word' id='word_1_284' title='bbox 1146 2005 1281 2040; x_wconf 71' lang='grc'>1116111111</span> <span class='ocrx_word' id='word_1_285' title='bbox 1300 2005 1508 2052; x_wconf 85' lang='lat' dir='ltr'>burgagium</span> <span class='ocrx_word' id='word_1_286' title='bbox 1521 2005 1706 2054; x_wconf 62' lang='grc'>[1106101111-</span> 
     </span>
     <span class='ocr_line' id='line_1_29' title="bbox 223 2057 1702 2108; baseline 0.003 -16"><span class='ocrx_word' id='word_1_287' title='bbox 223 2058 287 2092; x_wconf 86' lang='lat' dir='ltr'>bus</span> <span class='ocrx_word' id='word_1_288' title='bbox 306 2058 361 2091; x_wconf 84' lang='lat' dir='ltr'>seu</span> <span class='ocrx_word' id='word_1_289' title='bbox 381 2058 631 2103; x_wconf 88' lang='lat' dir='ltr'>quoquomodo</span> <span class='ocrx_word' id='word_1_290' title='bbox 649 2057 805 2105; x_wconf 58' lang='lat' dir='ltr'>speetare</span> <span class='ocrx_word' id='word_1_291' title='bbox 824 2060 1018 2094; x_wconf 83' lang='lat' dir='ltr'>valentibus</span> <span class='ocrx_word' id='word_1_292' title='bbox 1037 2061 1072 2094; x_wconf 93' lang='lat' dir='ltr'>in</span> <span class='ocrx_word' id='word_1_293' title='bbox 1090 2061 1260 2101; x_wconf 90' lang='lat' dir='ltr'>futurum,</span> <span class='ocrx_word' id='word_1_294' title='bbox 1294 2061 1413 2102; x_wconf 87' lang='lat' dir='ltr'>libere,</span> <span class='ocrx_word' id='word_1_295' title='bbox 1446 2063 1573 2108; x_wconf 87' lang='lat' dir='ltr'>quiete,</span> <span class='ocrx_word' id='word_1_296' title='bbox 1602 2062 1702 2104; x_wconf 88' lang='lat' dir='ltr'>bene,</span> 
     </span>
     <span class='ocr_line' id='line_1_30' title="bbox 225 2114 1704 2164; baseline 0.004 -16"><span class='ocrx_word' id='word_1_297' title='bbox 225 2116 361 2159; x_wconf 81' lang='lat' dir='ltr'>integre</span> <span class='ocrx_word' id='word_1_298' title='bbox 380 2119 413 2147; x_wconf 88' lang='lat' dir='ltr'>et</span> <span class='ocrx_word' id='word_1_299' title='bbox 433 2114 468 2146; x_wconf 91' lang='lat' dir='ltr'>in</span> <span class='ocrx_word' id='word_1_300' title='bbox 486 2127 582 2160; x_wconf 80' lang='lat' dir='ltr'>pace,</span> <span class='ocrx_word' id='word_1_301' title='bbox 614 2115 651 2148; x_wconf 90' lang='lat' dir='ltr'>in</span> <span class='ocrx_word' id='word_1_302' title='bbox 669 2115 773 2149; x_wconf 88' lang='lat' dir='ltr'>feodo</span> <span class='ocrx_word' id='word_1_303' title='bbox 805 2122 839 2150; x_wconf 91' lang='lat' dir='ltr'>et</span> <span class='ocrx_word' id='word_1_304' title='bbox 867 2116 1060 2151; x_wconf 83' lang='lat' dir='ltr'>hereditate</span> <span class='ocrx_word' id='word_1_305' title='bbox 1079 2117 1350 2164; x_wconf 85' lang='lat' dir='ltr'>imperpetuum.</span> <span class='ocrx_word' id='word_1_306' title='bbox 1404 2118 1604 2153; x_wconf 88' lang='lat' dir='ltr'>Reddendo</span> <span class='ocrx_word' id='word_1_307' title='bbox 1622 2121 1704 2155; x_wconf 88' lang='lat' dir='ltr'>inde</span> 
     </span>
     <span class='ocr_line' id='line_1_31' title="bbox 224 2169 1705 2221; baseline 0.004 -17"><span class='ocrx_word' id='word_1_308' title='bbox 224 2169 405 2204; x_wconf 83' lang='lat' dir='ltr'>annuatim</span> <span class='ocrx_word' id='word_1_309' title='bbox 425 2170 539 2204; x_wconf 64' lang='lat' dir='ltr'>dietus</span> <span class='ocrx_word' id='word_1_310' title='bbox 559 2169 739 2211; x_wconf 79' lang='lat' dir='ltr'>Patricius,</span> <span class='ocrx_word' id='word_1_311' title='bbox 760 2171 906 2207; x_wconf 86' lang='lat' dir='ltr'>heredes</span> <span class='ocrx_word' id='word_1_312' title='bbox 923 2172 972 2207; x_wconf 89' lang='lat' dir='ltr'>sui</span> <span class='ocrx_word' id='word_1_313' title='bbox 992 2179 1026 2207; x_wconf 85' lang='lat' dir='ltr'>et</span> <span class='ocrx_word' id='word_1_314' title='bbox 1044 2172 1198 2219; x_wconf 82' lang='lat' dir='ltr'>assignati</span> <span class='ocrx_word' id='word_1_315' title='bbox 1214 2173 1411 2221; x_wconf 85' lang='lat' dir='ltr'>prescriptis</span> <span class='ocrx_word' id='word_1_316' title='bbox 1431 2175 1560 2209; x_wconf 86' lang='lat' dir='ltr'>Abbati</span> <span class='ocrx_word' id='word_1_317' title='bbox 1575 2182 1610 2210; x_wconf 90' lang='lat' dir='ltr'>et</span> <span class='ocrx_word' id='word_1_318' title='bbox 1623 2189 1705 2211; x_wconf 84' lang='lat' dir='ltr'>con-</span> 
     </span>
     <span class='ocr_line' id='line_1_32' title="bbox 225 2224 1704 2276; baseline 0.006 -16"><span class='ocrx_word' id='word_1_319' title='bbox 225 2227 346 2261; x_wconf 88' lang='lat' dir='ltr'>ventui</span> <span class='ocrx_word' id='word_1_320' title='bbox 362 2232 396 2260; x_wconf 92' lang='lat' dir='ltr'>et</span> <span class='ocrx_word' id='word_1_321' title='bbox 415 2239 536 2261; x_wconf 89' lang='lat' dir='ltr'>eorum</span> <span class='ocrx_word' id='word_1_322' title='bbox 552 2224 798 2261; x_wconf 78' lang='lat' dir='ltr'>succefl&#39;oribus</span> <span class='ocrx_word' id='word_1_323' title='bbox 812 2229 904 2276; x_wconf 87' lang='lat' dir='ltr'>apud</span> <span class='ocrx_word' id='word_1_324' title='bbox 920 2229 1074 2276; x_wconf 78' lang='lat' dir='ltr'>Glalgw,</span> <span class='ocrx_word' id='word_1_325' title='bbox 1096 2231 1271 2267; x_wconf 81' lang='lat' dir='ltr'>mediatim</span> <span class='ocrx_word' id='word_1_326' title='bbox 1285 2232 1327 2266; x_wconf 86' lang='lat' dir='ltr'>ad</span> <span class='ocrx_word' id='word_1_327' title='bbox 1340 2232 1428 2266; x_wconf 84' lang='lat' dir='ltr'>duos</span> <span class='ocrx_word' id='word_1_328' title='bbox 1439 2233 1521 2266; x_wconf 83' lang='lat' dir='ltr'>anni</span> <span class='ocrx_word' id='word_1_329' title='bbox 1535 2234 1704 2269; x_wconf 88' lang='lat' dir='ltr'>terminos</span> 
     </span>
     <span class='ocr_line' id='line_1_33' title="bbox 225 2282 1702 2337; baseline 0.007 -22"><span class='ocrx_word' id='word_1_330' title='bbox 225 2282 360 2316; x_wconf 89' lang='lat' dir='ltr'>debitos</span> <span class='ocrx_word' id='word_1_331' title='bbox 379 2288 413 2316; x_wconf 87' lang='lat' dir='ltr'>et</span> <span class='ocrx_word' id='word_1_332' title='bbox 432 2282 615 2317; x_wconf 74' lang='lat' dir='ltr'>eonffietos</span> <span class='ocrx_word' id='word_1_333' title='bbox 632 2282 761 2318; x_wconf 83' lang='lat' dir='ltr'>scilicet</span> <span class='ocrx_word' id='word_1_334' title='bbox 790 2284 872 2319; x_wconf 84' lang='lat' dir='ltr'>festa</span> <span class='ocrx_word' id='word_1_335' title='bbox 900 2285 1119 2321; x_wconf 86' lang='lat' dir='ltr'>Pentecostes</span> <span class='ocrx_word' id='word_1_336' title='bbox 1145 2293 1180 2321; x_wconf 87' lang='lat' dir='ltr'>et</span> <span class='ocrx_word' id='word_1_337' title='bbox 1211 2287 1330 2322; x_wconf 65' lang='lat' dir='ltr'>Sancti</span> <span class='ocrx_word' id='word_1_338' title='bbox 1351 2288 1499 2323; x_wconf 85' lang='lat' dir='ltr'>Martini</span> <span class='ocrx_word' id='word_1_339' title='bbox 1526 2290 1562 2324; x_wconf 93' lang='lat' dir='ltr'>in</span> <span class='ocrx_word' id='word_1_340' title='bbox 1590 2303 1702 2337; x_wconf 86' lang='lat' dir='ltr'>yeme,</span> 
     </span>
     <span class='ocr_line' id='line_1_34' title="bbox 225 2338 1703 2389; baseline 0.007 -18"><span class='ocrx_word' id='word_1_341' title='bbox 225 2339 369 2385; x_wconf 83' lang='lat' dir='ltr'>triginta</span> <span class='ocrx_word' id='word_1_342' title='bbox 386 2338 547 2373; x_wconf 83' lang='lat' dir='ltr'>denarios</span> <span class='ocrx_word' id='word_1_343' title='bbox 564 2352 627 2386; x_wconf 89' lang='lat' dir='ltr'>per</span> <span class='ocrx_word' id='word_1_344' title='bbox 645 2340 784 2387; x_wconf 81' lang='lat' dir='ltr'>equales</span> <span class='ocrx_word' id='word_1_345' title='bbox 802 2343 981 2389; x_wconf 85' lang='lat' dir='ltr'>portiones</span> <span class='ocrx_word' id='word_1_346' title='bbox 1011 2343 1054 2378; x_wconf 88' lang='lat' dir='ltr'>de</span> <span class='ocrx_word' id='word_1_347' title='bbox 1084 2343 1275 2380; x_wconf 89' lang='lat' dir='ltr'>sufficiente</span> <span class='ocrx_word' id='word_1_348' title='bbox 1302 2351 1443 2380; x_wconf 83' lang='lat' dir='ltr'>moneta</span> <span class='ocrx_word' id='word_1_349' title='bbox 1471 2354 1703 2383; x_wconf 85' lang='lat' dir='ltr'>concurrente</span> 
     </span>
    </p>
   </div>
  </div>
 </body>
</html>
