1839 2652
655 668 1190 730 REGISTRUM

293 857 855 920 MONASTERII
910 860 1032 921 DE
1087 860 1553 927 PASSELET.

184 1146 290 1181 Carta
308 1146 454 1182 Walteri
471 1147 533 1182 filii
554 1147 673 1187 Alani,
703 1146 887 1186 senescalli,
915 1146 957 1181 de
976 1148 1196 1183 ordinatione
1215 1150 1318 1196 primi
1342 1150 1484 1184 abbatis.

182 1256 421 1293 OMNIBUS
451 1257 568 1292 sanete
605 1258 724 1291 matris
751 1257 888 1291 ecclesle
916 1257 994 1292 filiis
1032 1264 1103 1293 tam
1128 1260 1345 1306 presentibus
1382 1274 1485 1307 quam
1516 1262 1653 1301 futuris,

182 1311 358 1346 Walterus
396 1313 488 1347 filius
516 1313 636 1353 Alani,
681 1313 813 1346 domini
846 1313 954 1359 Regis
984 1314 1171 1349 Scotorum
1200 1315 1415 1357 senescallus,
1448 1316 1594 1351 salutem
1621 1318 1657 1350 in

182 1367 352 1402 Domino.
404 1368 555 1402 Noverit
569 1367 770 1402 univerfitas
782 1368 892 1402 vestra
909 1381 964 1403 me
979 1369 1172 1405 conceffiffe
1187 1377 1221 1406 et
1232 1372 1297 1406 hac
1310 1372 1460 1419 presenti
1474 1378 1569 1407 carta
1580 1386 1657 1407 mea

181 1421 395 1458 confirmaffe
413 1423 550 1458 ecclesie
569 1424 689 1458 Sancti
706 1423 829 1459 Jacobi
848 1424 890 1458 de
910 1424 1081 1461 Paffeleth
1099 1433 1133 1461 et
1151 1428 1329 1462 monachis
1346 1429 1474 1463 ibidem
1490 1428 1571 1463 Deo
1590 1428 1656 1463 ser-

180 1479 353 1514 vientibus
371 1485 406 1514 et
422 1480 460 1514 in
482 1485 692 1527 perpetuum
709 1478 898 1520 servituris,
926 1481 1071 1516 liberam
1089 1488 1125 1517 et
1143 1484 1345 1518 canonicam
1360 1484 1571 1519 eleetionem
1582 1490 1654 1518 tam

179 1537 308 1571 abbatis
331 1550 436 1583 quam
461 1537 586 1584 prioris
604 1536 706 1583 super
735 1535 768 1570 se
795 1537 947 1577 creandi,
975 1536 1068 1572 salvo
1096 1538 1181 1572 mihi
1211 1544 1246 1573 et
1272 1539 1457 1574 heredibus
1476 1541 1561 1574 meis
1573 1541 1655 1587 jure

178 1597 381 1638 patronatus
392 1593 487 1638 quod
498 1593 542 1626 ad
555 1605 611 1626 me
623 1598 658 1626 et
671 1592 715 1626 ad
733 1592 878 1626 heredes
895 1605 991 1626 meos
1010 1592 1053 1627 de
1065 1593 1147 1639 jure
1166 1594 1335 1628 canonico
1350 1594 1453 1629 debet
1464 1596 1653 1641 pertinere.

179 1647 337 1682 Testibus
371 1648 446 1688 hiis,
495 1648 638 1682 domino
670 1648 829 1682 lValtero
864 1647 1023 1695 episcopo
1052 1648 1269 1695 Glasguenfi,
1322 1650 1465 1684 domino
1498 1651 1653 1685 Ricardo

176 1703 298 1738 abbate
317 1705 359 1739 de
379 1704 529 1744 Keleou,
551 1704 708 1751 Hugone
727 1705 770 1738 de
789 1704 890 1738 Liam
909 1704 1025 1751 priore
1044 1704 1086 1738 de
1106 1704 1300 1751 Lesmagw,
1326 1705 1349 1740 J
1352 1706 1489 1740 ohanne
1520 1707 1652 1740 decano

177 1760 219 1794 de
237 1760 327 1795 valle
347 1760 451 1801 Clud,
486 1760 647 1807 Philippo
675 1760 718 1794 de
747 1759 930 1807 Pertheyc,
961 1760 1126 1795 Wilelmo
1145 1761 1187 1795 de
1204 1761 1332 1796 Anssee
1363 1763 1532 1796 canonico
1552 1762 1652 1797 Glas-

175 1816 305 1862 guenfi,
326 1816 444 1852 Olauo
462 1817 505 1851 de
526 1816 781 1863 Mungumbry,
803 1816 967 1851 lVilelmo
987 1816 1029 1850 de
1049 1815 1229 1863 BIeringg’
1248 1823 1282 1852 et
1299 1817 1385 1852 aliis.

174 1983 281 2035 Carta,
296 1984 510 2019 fundationis
527 1983 723 2019 monasterii
741 1984 784 2018 de
803 1982 947 2018 Passeto.

174 2094 366 2129 SCIANT
382 2095 557 2142 presentes
571 2101 606 2130 et
619 2095 739 2136 futuri,
754 2096 848 2142 quod
866 2108 932 2142 ego
951 2095 1129 2130 Walterus
1146 2096 1237 2130 filius
1257 2096 1376 2137 Alani,
1397 2097 1529 2144 dapifer
1543 2097 1652 2144 Regis

173 2150 299 2190 Scotie,
318 2163 383 2197 pro
400 2151 516 2185 anima
532 2152 623 2198 regis
649 2151 769 2186 David
790 2157 825 2185 et
843 2152 933 2197 regis
953 2151 1113 2191 Henrici‚
1145 2157 1179 2186 et
1197 2153 1332 2186 comitis
1352 2152 1513 2194 Henrici‚
1534 2160 1569 2188 et
1586 2167 1650 2200 pro

170 2206 349 2240 animabus
364 2207 520 2241 omnium
537 2213 722 2255 parentum
741 2220 901 2242 meorum
921 2212 955 2242 et
972 2207 1249 2248 benefactorum,
1279 2213 1313 2242 et
1339 2221 1403 2255 pro
1434 2208 1543 2243 salute
1573 2222 1648 2244 cor-

169 2263 262 2308 poris
290 2268 324 2296 et
354 2263 468 2297 anime
494 2264 584 2310 regis
604 2263 798 2304 Malcolmi,
826 2276 965 2298 necnon
996 2268 1030 2297 et
1059 2264 1128 2297 mei
1158 2262 1269 2310 ipsius,
1302 2264 1346 2298 ad
1372 2264 1543 2299 honorem
1563 2264 1644 2305 Dei,

169 2316 268 2364 ipsius
287 2325 454 2366 operante
471 2320 592 2367 gratia,
623 2320 827 2355 constituam
845 2319 1019 2366 quandam
1039 2319 1184 2353 domum
1205 2319 1384 2366 religionis
1406 2320 1496 2355 infra
1513 2326 1640 2355 terram

896 2387 919 2409 A
