1870 2683
222 294 293 326 320
636 290 951 326 REGISTRUM
981 290 1317 326 MONASTERII

225 387 417 422 Vilelmum
436 386 596 421 abbatem
610 393 644 421 et
657 393 871 425 conventum
887 387 930 422 de
950 386 1083 422 Passeto
1102 400 1146 421 ex
1163 387 1283 428 altera,
1304 385 1406 433 super
1423 387 1601 422 taxatione
1613 388 1705 422 vica-

224 446 354 479 riarum
374 442 593 478 ecclefiarum
612 445 655 478 ad
673 444 920 479 monasterium
939 444 981 478 de
1001 442 1134 477 Passeto
1156 442 1388 490 spectantium
1406 442 1442 476 in
1464 442 1587 477 diocefi
1605 443 1705 478 Glas-

223 498 352 547 guenfi,
386 500 597 534 auctoritate
615 500 813 535 litterarum
832 501 965 535 domini
988 499 1078 546 Pape
1096 512 1180 545 quas
1200 499 1285 533 ᾶίὅὶὶ
1316 498 1478 532 monachi
1497 498 1540 532 de
1560 496 1705 533 Paffelet

225 558 502 603 impetraverunt
520 557 563 590 ad
582 562 696 591 certos
714 562 900 597 taxatores,
930 557 965 590 in
983 556 1048 590 hec
1065 555 1173 589 verba
1188 569 1197 596 ;
1231 553 1510 589 HONORIUS
1529 554 1706 602 episcopus

225 613 342 646 servus
360 612 541 647 servorum
561 612 630 647 Dei
651 613 839 647 venerabili
858 613 956 647 fratri
976 610 1148 659 Episcopo
1172 609 1402 645 Lel'morienfi
1421 616 1455 644 et
1473 610 1610 645 dilectis
1627 610 1707 644 filiis

226 668 268 702 de
290 667 498 715 Kilwinnyn
517 674 552 703 et
570 669 613 703 de
632 669 836 715 Dercongal
856 669 1066 710 Abbatibus,
1088 667 1310 715 Glasguenfis
1329 666 1481 708 dlocefis,
1509 666 1654 702 salutem
1674 673 1708 702 et

225 723 445 771 apostolicam
464 724 758 760 benedictionem.
812 725 977 761 Dilectus
995 726 1087 760 filius
1108 725 1227 759 Abbas
1246 725 1288 760 de
1309 723 1466 764 Paffelet,
1497 724 1706 759 Cluniacen-

224 779 264 813 fis
283 780 425 820 ordinis,
446 780 482 814 in
499 781 613 815 nostra
631 780 810 828 proposuit
828 782 1000 829 presentia
1018 781 1224 816 constitutus
1239 781 1334 827 quod
1349 780 1568 815 venerabiles
1583 780 1706 815 fratres

226 835 331 870 nostri
351 835 471 870 Sancti
491 836 636 872 Andree
656 843 690 871 et
709 836 930 884 Glasguenfis
949 838 1109 886 episcopi,
1140 836 1317 872 occaslone
1349 836 1528 883 cujusdam
1547 837 1709 872 constitu-

226 892 331 926 tionis
350 893 384 926 in
402 893 558 939 generali
576 892 717 928 confilio
731 894 963 941 promulgate,
983 908 1051 941 qua
1069 895 1271 929 continetur
1289 899 1338 934 ut,
1359 892 1610 941 consuetudine
1628 904 1709 939 qua-

228 948 311 983 libet
330 948 477 996 episcopi
496 950 551 983 vel
570 950 708 996 patroni
727 949 785 983 seu
805 950 983 997 cujussibet
1002 951 1145 985 alterius
1164 963 1236 985 non
1252 950 1417 991 obstante,
1439 949 1707 997 parrochialium

229 1003 446 1039 eccleliarum
465 1004 661 1052 presbiteris
690 1006 732 1040 de
761 1005 910 1052 ipsarum
928 1007 1156 1053 proventibus
1175 1007 1291 1053 portio
1318 1006 1490 1041 sufficiens
1508 1004 1706 1052 affignetur,

227 1060 373 1095 eoelestis
391 1061 587 1095 monasterii
606 1060 655 1095 sui
675 1074 737 1108 per
756 1074 879 1096 eorum
900 1063 1050 1097 dioceses
1081 1062 1274 1097 constitutis
1292 1075 1416 1108 graves
1435 1062 1585 1096 existunt
1602 1061 1710 1108 pluri-

231 1129 325 1150 mum
345 1123 378 1151 et
397 1117 540 1157 molesti,
560 1118 774 1152 taxationem
787 1119 958 1165 portionis
977 1118 1103 1153 eisdem
1120 1118 1315 1166 presbiteris
1327 1117 1525 1164 affignande
1539 1118 1609 1159 fibi,
1630 1130 1708 1152 cum

231 1186 273 1206 ex
292 1178 415 1207 tenore
434 1173 689 1207 constitutionis
708 1173 861 1220 ejusdem
893 1188 962 1209 non
994 1175 1154 1215 habeant,
1183 1176 1399 1222 usurpantes.
1454 1175 1559 1210 Unde
1578 1175 1710 1222 predic-

231 1235 286 1262 tus
307 1229 425 1263 Abbas
444 1229 623 1264 humiliter
641 1231 740 1277 petiit
758 1236 797 1264 ut
817 1231 1001 1277 providere
1021 1231 1121 1278 super
1139 1231 1205 1265 hoc
1224 1229 1283 1278 ipli
1300 1231 1510 1265 monasterio
1530 1237 1565 1265 et
1583 1231 1710 1265 eisdem

231 1284 377 1319 eccleliis
399 1286 635 1331 dignaremur.
673 1286 850 1327 Quocirca
864 1286 1061 1321 discretioni
1075 1286 1184 1321 vestre
1198 1299 1260 1334 per
1279 1287 1463 1334 apostolica
1479 1285 1605 1334 scripta
1616 1299 1710 1321 man—

232 1341 354 1375 damus
368 1347 550 1387 quatenus,
565 1342 702 1376 Abbate
717 1342 853 1389 prefato
867 1348 992 1377 vocato
1004 1348 1043 1376 ut
1055 1355 1116 1389 per
1128 1341 1161 1377 se
1177 1342 1233 1377 vel
1247 1348 1512 1389 procuratorem
1526 1341 1711 1383 interfit,et

232 1396 455 1442 qualitatibus
473 1397 699 1444 personarum
719 1411 758 1432 ac
776 1397 1054 1445 supradictarum
1086 1397 1304 1433 ecclefiarum
1323 1399 1544 1434 facultatibus
1563 1399 1710 1446 provida

232 1453 483 1488 deliberatione
502 1454 661 1501 pensatis,
682 1455 724 1489 de
743 1453 891 1502 ipsarum
912 1453 1130 1490 ecclesiarum
1145 1455 1374 1502 proventibus
1388 1455 1615 1490 sufficientem
1632 1468 1710 1502 por·

231 1511 363 1546 tionem
377 1511 481 1558 juxta
499 1509 600 1558 ipfius
619 1511 744 1545 statuta
762 1510 891 1546 confilii
910 1511 1120 1546 au6'writate
1138 1510 1253 1545 nostra
1267 1524 1386 1545 earum
1402 1511 1597 1558 presbiteris
1615 1510 1710 1558 aflig-

232 1567 333 1601 netis.
388 1566 495 1607 Quod
514 1566 536 1600 fi
555 1580 627 1601 non
659 1580 779 1602 omnes
808 1567 871 1601 hiis
899 1568 1110 1614 exequendis
1138 1568 1322 1614 potueritis
1350 1567 1509 1602 intereffe
1539 1572 1576 1602 tu
1603 1568 1710 1602 frater

233 1622 402 1669 Episcope
434 1635 512 1656 cum
543 1635 665 1657 eorum
701 1623 812 1657 altero
843 1636 883 1658 ea
910 1624 1158 1658 nichilominus
1192 1625 1384 1669 exequaris.
1438 1624 1572 1659 Datum
1605 1624 1709 1659 Reati

231 1692 276 1712 xv
310 1678 488 1712 Kalendas
521 1678 680 1714 Januarii
711 1679 933 1726 pontificatus
968 1679 1073 1714 nostri
1101 1693 1195 1714 anno
1223 1680 1369 1714 decimo.
1438 1680 1599 1714 Tandem
1633 1693 1710 1727 pre-

234 1735 349 1769 dictus
368 1735 530 1768 dominus
550 1734 741 1782 Episcopus
760 1735 802 1769 de
821 1736 963 1783 capituli
990 1735 1040 1770 sui
1058 1735 1190 1771 affensu
1210 1742 1243 1771 et
1264 1736 1383 1770 Abbas
1402 1742 1436 1771 et
1454 1743 1648 1771 conventus
1667 1737 1709 1771 de

234 1790 380 1825 Pafl'elet
411 1791 445 1824 in
474 1804 537 1825 nos
555 1791 781 1826 amicabiliter
810 1791 1124 1839 compromiserunt
1154 1799 1204 1832 ut,
1238 1792 1460 1827 facultatibus
1490 1791 1707 1827 ecclefiarum

234 1847 385 1894 ejusdem
406 1847 602 1882 monasterii
620 1849 766 1895 provida
792 1848 1042 1883 deliberatione
1068 1848 1227 1896 pensatis,
1256 1849 1399 1884 idoneas
1425 1849 1570 1884 vicarias
1587 1862 1709 1884 earun-

234 1905 312 1938 dem
332 1903 550 1938 eccleliarum
571 1905 716 1945 vicariis,
737 1904 925 1939 secundum
947 1906 1099 1939 mandati
1117 1905 1292 1952 apostolici
1311 1911 1482 1946 tenorem,
1515 1919 1593 1941 cum
1614 1908 1707 1941 omni

234 1961 414 2007 diligentia
445 1966 564 1995 taxare
594 1961 812 1995 deberemus.
865 1961 941 1995 Nos
958 1967 1076 1995 autem
1095 1961 1131 1995 in
1149 1962 1291 1995 nomine
1312 1961 1458 1995 Domini
1478 1962 1582 1996 nostri
1601 1962 1707 1998 Jhesu

235 2017 370 2057 Christi,
399 2030 492 2051 anno
512 2016 662 2063 ejusdem
695 2017 942 2052 incarnationis
972 2016 1150 2051 millefimo
1180 2017 1414 2052 ducentelimo
1433 2016 1592 2052 vicesimo
1610 2018 1708 2066 septi-

233 2088 301 2115 mo,
330 2073 445 2108 mense
466 2073 686 2114 Novembris,
709 2074 763 2108 die
784 2074 911 2108 Martis
929 2074 1088 2121 proxima
1106 2080 1187 2108 ante
1215 2074 1336 2108 festum
1356 2074 1464 2108 sanGti
1485 2074 1643 2116 Martini,
1673 2076 1707 2109 in

232 2129 370 2165 ecclelia
389 2130 432 2164 de
453 2129 576 2170 Peblis‚
605 2131 649 2164 ad
667 2131 802 2164 firmam
820 2143 940 2178 pacem
960 2136 993 2165 et
1012 2130 1229 2165 stabilitatem
1259 2137 1464 2178 perpetuam
1491 2131 1583 2165 inter
1601 2132 1708 2166 eccle-

235 2186 314 2220 liam
346 2186 603 2232 Glasgwensen]
625 2192 657 2221 et
677 2186 922 2221 monasterium
951 2187 993 2222 de
1024 2186 1181 2227 Paffelet,
1210 2200 1331 2222 omnes
1359 2188 1394 2221 in
1425 2200 1533 2222 unum
1566 2201 1708 2222 concor-

235 2243 356 2276 dantes
375 2243 591 2289 providimus
610 2249 643 2278 et
663 2244 901 2278 ordinavimus
931 2256 970 2278 ac.
1000 2244 1102 2278 etiam
1122 2243 1324 2277 arbitrando
1343 2243 1651 2290 pronunciavimus
1668 2250 1706 2277 ut

235 2311 355 2332 omues
374 2298 511 2333 ecclesie
530 2300 571 2334 ad
592 2300 699 2347 ipsum
719 2300 963 2335 monasterium
982 2307 1066 2334 tunc
1084 2299 1278 2347 specstantes
1297 2300 1332 2333 in
1353 2299 1475 2334 diocefi
1495 2299 1707 2346 Glasgwenli

234 2361 403 2402 perpetuo
423 2355 546 2389 cedant
566 2356 600 2390 in
620 2355 699 2390 usus
718 2356 913 2391 monasterii
940 2357 1028 2391 adeo
1060 2356 1168 2391 libere
1197 2362 1231 2391 et
1261 2357 1378 2402 quiete
1397 2356 1479 2391 licut
1499 2356 1610 2402 alique
1630 2355 1707 2389 reli-
