1870 2683
195 278 264 309 «118
593 270 907 308 REGISTRUM
936 271 1273 309 MONASTERII

194 371 415 418 protectione
434 369 642 416 suscipimus.
684 368 887 415 Specialiter
905 374 1022 403 autem
1041 368 1216 404 ecelesiam
1235 370 1278 404 de
1298 369 1480 411 Cathkert,
1500 372 1671 407 ecclesiam

195 427 237 460 de
257 426 450 471 Ruthglen,
471 423 644 459 ecclesiam
665 425 707 459 de
727 424 965 465 Cunnannoc,
986 424 1161 459 ecclesiam
1179 425 1222 459 de
1243 424 1478 466 Kelberchan,
1499 427 1672 462 ecclesiam

194 483 236 516 de
256 481 412 521 Mernes,
445 480 619 515 ecclefiam
639 481 681 514 de
702 480 833 520 Polloc,
860 493 939 516 cum
957 483 1059 517 terris
1080 489 1115 517 et
1133 483 1275 517 decimis
1294 489 1328 518 et
1347 484 1507 518 omnibus
1525 485 1673 532 ipsarum

194 536 409 572 ecclesiarum
427 537 656 584 proventibus
673 535 757 571 ficut
776 549 832 571 eas
844 537 934 585 juste
953 544 988 573 et
1005 538 1148 586 pacifice
1165 537 1340 586 poffidetis
1354 545 1388 574 et
1402 538 1486 574 ficut
1504 540 1602 575 vobis
1618 554 1674 575 eas

193 594 282 627 bone
300 594 468 627 memorie
485 593 667 628 Jocelinus
686 592 907 639 Glasguenfis
924 593 1063 629 ecclesie
1081 594 1260 642 episcopus
1274 596 1311 629 in
1324 595 1404 630 usus
1422 596 1582 643 proprios
1594 609 1675 631 con-

194 649 273 683 tulit
291 655 325 683 et
343 654 438 683 carta
456 648 515 683 sua
532 649 762 690 confirmavit,
783 649 881 684 vobis
899 656 935 684 et
950 663 1013 697 per
1030 664 1093 685 vos
1111 651 1318 686 monasterio
1336 652 1448 687 vestro
1462 652 1673 687 auctoritate

191 704 375 752 apostolica
393 705 639 739 confirmamus
654 711 689 740 et
702 704 869 752 presentis
882 705 998 753 scripti
1016 707 1210 754 patrocinio
1226 709 1493 742 communimus.
1547 708 1674 743 Statui-

192 774 267 796 mus
286 763 388 796 etiam
408 768 447 796 ut
465 762 583 796 nullus
609 763 646 796 in
671 762 834 809 personas
852 762 978 797 vestras
996 763 1051 798 vel
1070 764 1106 797 in
1125 763 1271 798 vicarios
1290 763 1419 798 vestros
1437 765 1674 799 excommuni-

192 818 336 852 cationis
354 818 410 853 vel
428 817 663 865 liispenfionis,
695 824 754 852 aut
772 819 808 852 in
827 818 983 853 eeclefias
1000 818 1127 854 vestras
1144 820 1201 854 vel
1218 820 1255 854 in
1273 820 1421 867 capellas
1439 820 1483 854 ad
1500 832 1557 854 eas
1583 819 1675 867 spec-

193 880 304 910 tantes
322 875 502 909 interdicti
516 874 733 915 sententiam,
754 873 815 908 nifi
834 875 957 909 ordine
970 875 1060 922 juris
1079 876 1271 917 observato,
1292 876 1418 911 audeat
1436 876 1671 923 promulgare.

195 932 302 972 Quod
320 930 343 965 fi
361 930 456 965 secus
474 944 494 965 a
512 943 687 977 quoquam
718 931 754 964 in
773 943 834 965 vos
863 931 947 965 ausu
965 933 1151 967 temerario
1169 933 1275 967 fuerit
1293 932 1525 980 promulgata,
1558 944 1634 966 eam
1653 945 1673 965 a

193 988 290 1021 vobis
309 987 480 1022 observari
497 987 649 1022 districte
667 987 902 1034 prohibemus.
940 988 1144 1022 Inhibemus
1161 988 1300 1036 insuper
1314 1001 1358 1023 ne
1373 988 1533 1036 episcopo
1545 988 1668 1028 vestro,

193 1043 449 1084 archidiacono,
471 1044 602 1078 decano
621 1043 677 1078 vel
696 1056 817 1078 eorum
837 1043 1040 1078 officialibus
1055 1044 1299 1079 monasterium
1318 1044 1468 1079 vestrum
1486 1044 1542 1079 vel
1560 1044 1669 1079 eccle-

192 1099 252 1134 sias
264 1100 390 1135 vestras
401 1099 573 1146 aliquibus
585 1100 752 1134 conviviis
766 1099 822 1134 vel
837 1100 1078 1134 exactionibus
1091 1099 1149 1134 seu
1168 1100 1280 1135 talleis
1292 1100 1346 1135 vel
1360 1100 1575 1146 equitaturis,
1595 1113 1671 1148 pre-

191 1163 243 1190 ter
256 1169 358 1202 quam
372 1156 534 1190 statutum
549 1156 641 1190 estin
651 1155 874 1190 Lateranenfi
889 1155 1048 1196 concilio,
1070 1156 1210 1201 [liceat]
1224 1169 1445 1203 pergravare.
1473 1156 1573 1191 Nulli
1586 1169 1670 1202 ergo

192 1213 335 1245 omnino
354 1212 536 1246 hominum
556 1212 657 1246 liceat
674 1211 837 1258 personas
852 1211 977 1246 vestras
991 1212 1046 1246 vel
1059 1212 1230 1246 ministros
1247 1210 1467 1247 ecclesiarum
1480 1211 1670 1246 vestrarum

190 1268 245 1302 vel
264 1268 355 1302 bona
373 1268 483 1302 vestra
501 1274 632 1303 temere
650 1269 855 1315 perturbare
872 1268 929 1303 vel
947 1268 1045 1302 vobis
1062 1267 1131 1303 fine
1157 1268 1380 1316 inscriptione
1411 1270 1544 1303 crimen
1562 1269 1671 1315 impo-

191 1337 286 1365 nere,
319 1325 377 1359 seu
397 1326 485 1359 hanc
503 1326 665 1372 paginam
686 1324 793 1360 vestre
811 1325 1052 1372 protectionis,
1085 1325 1371 1365 confirmationis,
1404 1324 1668 1364 constitutionis,

191 1381 406 1416 inhibitionis
437 1382 626 1428 infringere
645 1381 701 1416 vel
720 1382 751 1415 ei
769 1381 988 1427 aliquatenus
1006 1378 1089 1415 ausu
1107 1381 1294 1415 temerario
1309 1381 1494 1415 contraire.
1546 1379 1581 1415 Si
1595 1380 1671 1426 quis

190 1444 306 1472 autem
324 1438 391 1472 hoc
409 1443 617 1485 attemptare
635 1436 878 1484 presumpserit
897 1437 1174 1483 indignationem
1189 1437 1440 1484 omnipotentis
1452 1437 1522 1471 Dei
1541 1441 1575 1471 et
1592 1436 1670 1471 bea-

188 1502 306 1530 torum
318 1495 413 1530 Petri
430 1501 463 1529 et
479 1495 578 1529 Pauli
593 1495 828 1542 apostolorum
844 1495 918 1542 ejus
931 1493 964 1528 se
979 1494 1118 1528 noverit
1129 1494 1360 1528 incursurum.
1405 1493 1539 1528 Datum
1556 1492 1670 1527 Rome

190 1551 282 1598 apud
302 1551 469 1585 SanGnun
491 1551 634 1586 Petrum
654 1551 699 1584 vii
721 1551 805 1585 Idus
824 1549 1032 1585 Decembris
1050 1549 1272 1595 pontificatus
1291 1549 1395 1584 nostri
1414 1561 1507 1583 anno
1525 1560 1633 1583 nono-

191 1721 302 1766 Super
320 1719 555 1753 taxationibus
573 1718 804 1753 ecclesiarum.

192 1830 435 1865 CLEMENS
460 1829 638 1877 episcopus
663 1830 780 1865 servus
806 1830 984 1864 servorum
1019 1830 1086 1864 Dei
1115 1830 1252 1864 dilectis
1269 1830 1358 1870 filiis,
1386 1834 1426 1864 ut
1437 1831 1558 1876 supra
1573 1829 1669 1875 folio

190 1888 290 1921 ccxvi
307 1888 349 1921 de
366 1887 482 1921 eodem
507 1887 710 1933 lzzccffque;
748 1886 881 1920 Datum
915 1885 1043 1920 Perufii
1072 1899 1094 1919 v
1123 1885 1301 1921 Kalendas
1330 1886 1415 1922 Julii
1446 1886 1669 1933 pontificatus

191 1943 294 1978 nostri
314 1955 407 1977 anno
425 1943 549 1989 primo.

192 2113 246 2146 Ne
265 2112 521 2146 conveniantur
540 2123 656 2145 coram
670 2110 846 2158 judicibus
864 2109 1084 2145 secularibus.

191 2224 433 2259 CLEMENS
452 2224 630 2272 episcopus
647 2223 765 2258 servus
783 2223 962 2258 servorum
982 2224 1052 2259 Dei
1071 2223 1208 2258 dilectis
1225 2223 1304 2257 filiis
1323 2223 1453 2257 Abbati
1468 2228 1502 2257 et
1516 2235 1666 2258 conven-

190 2281 240 2314 tui
258 2280 453 2315 monasterii
471 2281 514 2315 de
534 2279 690 2321 Paffelet,
724 2278 959 2315 Cluniacenfis
978 2280 1120 2320 ordinis,
1151 2278 1372 2325 Glasguenfis
1398 2278 1548 2319 diocefis,
1580 2278 1665 2313 salu-

189 2343 258 2371 tem
279 2342 313 2371 et
331 2336 550 2383 apostolicam
568 2336 863 2371 benedictionem.
915 2334 1105 2371 Defideriis
1122 2334 1240 2371 vestris
1270 2335 1305 2369 in
1335 2335 1400 2369 hiis
1418 2334 1544 2369 affeetu
1563 2334 1665 2369 bene-
