1870 2683
30 458 154 480 Noralium
168 457 286 486 perceptio.

44 1136 164 1160 Libertatis
174 1134 314 1165 presumtio.

310 298 382 333 306
710 294 1022 330 REGISTRUM
1052 294 1391 330 MONASTERII

312 407 391 429 nem
411 393 514 427 officii
532 391 638 426 nostri
665 391 709 425 ad
740 391 895 425 debitum
913 391 1127 438 perducatur
1145 391 1319 425 effectum.
1374 391 1425 425 Ea
1442 398 1585 439 propter
1603 393 1723 427 dilee‘ti
1750 393 1785 426 in

315 450 472 484 Domino
491 447 564 488 filii,
592 446 709 481 vestris
729 446 828 493 justis
854 446 1141 494 postulationibus
1171 452 1272 492 grato
1291 453 1541 482 concurrentes
1573 447 1714 489 affensu,
1743 449 1786 483 ad

313 505 416 540 instar
434 504 542 538 felicis
560 503 812 537 recordationis
831 502 1000 549 Gregorii
1018 515 1106 549 pape
1123 503 1208 536 noni
1226 501 1472 550 predecefforis
1492 503 1609 544 nostri,
1636 505 1734 539 vobis
1752 511 1786 539 et

314 560 477 595 fratribus
495 558 614 594 vestris
631 559 842 593 auctoritate
860 557 1073 606 presentium
1091 559 1313 605 indulgemus
1331 565 1370 593 ut
1397 559 1484 594 infra
1503 560 1702 606 parrochias
1719 561 1791 595 ves-

313 623 394 657 tras,
415 629 478 663 pro
497 628 538 650 ea
554 615 728 662 portione,
741 628 806 662 pro
820 628 889 661 qua
906 620 1041 650 veteres
1059 615 1209 649 decimas
1223 615 1269 649 ibi
1283 615 1415 650 habetis
1429 621 1531 662 atque
1545 617 1731 663 percipitis,
1750 617 1791 651 de

315 673 498 708 novalibus
516 671 667 706 redactis
685 671 824 706 noviter
842 671 885 705 ad
904 671 1077 705 culturam
1095 685 1162 718 que
1180 685 1201 706 a
1217 677 1375 718 tempore
1394 672 1492 719 cujus
1518 685 1591 707 non
1609 678 1704 707 extat
1725 686 1794 707 me-

315 729 426 763 moria
443 741 515 762 non
533 728 678 762 fuerunt
697 727 845 768 exculta,
862 727 1012 762 decimas
1025 728 1204 775 percipere
1223 729 1376 763 valeatis.
1429 728 1529 763 Nulli
1548 742 1632 775 ergo
1651 730 1794 764 omnino

316 785 498 820 hominum
519 784 622 818 liceat
639 784 729 818 hanc
758 784 920 831 paginam
950 783 1064 818 nostre
1093 783 1317 818 conceffionis
1347 784 1538 831 infringere
1568 785 1623 820 vel
1655 786 1685 819 ei
1713 786 1795 820 ausu

317 841 503 876 temerario
522 841 708 875 contraire.
763 840 798 874 Si
816 841 892 886 quis
910 846 1028 874 autem
1053 840 1120 875 hoc
1147 846 1354 888 attemptare
1372 840 1617 888 prefinnpserit
1636 842 1793 888 indigna-

318 899 449 932 tionem
469 897 721 943 omnipotentis
740 896 810 931 Dei
829 902 864 931 et
880 896 1065 931 beatorum
1086 897 1180 932 Petri
1208 903 1242 931 et
1274 897 1373 931 Pauli
1402 897 1636 944 apostolorum
1668 898 1741 944 ejus
1758 899 1791 933 se

319 954 458 988 noverit
487 952 718 987 incursurum.
770 952 906 986 Datum
935 952 1050 987 Rome
1078 953 1171 1000 apud
1200 953 1369 988 Sanctum
1399 953 1543 988 Petrum
1561 959 1597 988 x⁰
1617 954 1795 988 Kalendas

322 1010 501 1044 Februarii
528 1009 753 1056 pontificatus
783 1008 889 1042 nostri
919 1021 1013 1042 anno
1042 1008 1207 1044 seeundo.
1260 1009 1591 1043 ALEXANDER
1619 1009 1797 1057 episcopus

322 1068 439 1103 servus
457 1067 635 1101 servorum
656 1066 726 1100 Dei
745 1066 881 1100 dilectis
898 1065 976 1100 filiis
995 1065 1123 1100 Abbati
1146 1071 1180 1101 et
1207 1067 1395 1100 conventui
1416 1065 1636 1100 Cluniacenfi
1652 1066 1796 1101 [alutem

325 1130 360 1159 et
377 1123 597 1171 apostolicam
615 1122 909 1157 benedictionem.
961 1122 1053 1156 Cum
1071 1122 1179 1156 felicis
1197 1121 1448 1156 reeordationis
1464 1122 1694 1157 Innocentius
1712 1136 1797 1170 papa

324 1177 542 1227 predeceffor
575 1178 690 1213 noster
725 1178 809 1212 olim
843 1178 983 1212 duxerit
1009 1177 1241 1218 statuendum,
1270 1183 1309 1212 ut
1340 1178 1502 1225 exempti,
1531 1184 1798 1224 quantacunque

322 1236 499 1283 gaudeant
516 1234 688 1275 libertate,
718 1234 977 1274 nichilominus,
1005 1234 1141 1268 ratione
1160 1234 1279 1269 deliffi
1296 1233 1356 1268 seu
1374 1234 1575 1269 contractus
1593 1240 1653 1268 aut
1678 1235 1729 1269 rei
1756 1236 1799 1269 de

324 1305 392 1338 qua
410 1296 532 1325 contra
548 1290 637 1337 ipsos
656 1291 782 1336 agitur,
802 1290 868 1324 rite
887 1289 1012 1336 poffint
1030 1303 1147 1324 coram
1164 1291 1323 1325 locorum
1343 1291 1526 1325 ordinariis
1545 1292 1735 1332 conveniri,
1768 1298 1802 1326 et

324 1349 372 1383 illi
387 1361 456 1394 quo
470 1347 514 1381 ad
532 1347 598 1381 hoc
608 1346 704 1381 suam
722 1347 759 1380 in
772 1359 830 1380 eos
848 1346 989 1381 valeant
1001 1346 1281 1393 jurisdictionem
1299 1352 1405 1394 prout
1417 1347 1476 1394 jus
1491 1348 1599 1394 exigit
1611 1360 1772 1382 exercere
1789 1363 1798 1390 3

325 1418 397 1445 vos,
427 1404 625 1438 dubitantes
642 1416 687 1437 ne
705 1416 768 1450 per
786 1401 985 1449 hujusmodi
1004 1402 1285 1438 constitutionem
1304 1403 1521 1438 libertatibus
1539 1409 1574 1438 et
1603 1404 1802 1438 immunita-

328 1461 419 1495 tibus
438 1459 566 1500 vestris,
595 1458 694 1494 vobis
712 1464 746 1493 et
764 1459 879 1493 ordini
897 1458 1008 1493 vestro
1027 1471 1089 1506 per
1106 1459 1289 1506 privilegia
1307 1464 1341 1493 et
1359 1459 1594 1506 indulgentias
1612 1459 1654 1494 ab
1672 1460 1804 1507 aposto-

330 1517 397 1551 lica
413 1516 492 1550 sede
510 1512 685 1555 concesfis,
715 1515 925 1562 prejudicari
941 1514 1065 1555 valeat,
1094 1515 1194 1550 nobis
1211 1515 1390 1550 humiliter
1406 1515 1616 1563 iupplicastis
1632 1521 1672 1550 ut
1689 1517 1804 1563 provi-

330 1575 412 1608 dere
431 1572 532 1619 super
549 1573 616 1606 hoc
634 1572 881 1619 indempnitati
899 1571 1009 1606 vestre
1035 1576 1181 1618 paterna
1197 1570 1428 1606 sollicitudine
1447 1584 1658 1606 curaremus.
1712 1572 1806 1613 Quia

330 1643 414 1665 vero
434 1628 586 1676 ejusdem
605 1628 738 1662 ordinis
755 1627 849 1662 sacra
866 1627 989 1673 religio
1007 1626 1050 1661 fic
1068 1627 1161 1674 apud
1187 1640 1251 1661 nos
1272 1627 1392 1662 favore
1410 1640 1472 1662 vos
1490 1628 1614 1674 dignos
1632 1628 1807 1663 constituit

332 1693 371 1720 ut
389 1685 488 1720 nobis
504 1684 664 1719 votivum
682 1683 804 1718 existat
822 1696 884 1718 vos
903 1683 945 1717 ab
967 1683 1128 1717 omnibus
1153 1695 1216 1730 per
1247 1695 1314 1729 que
1332 1681 1467 1730 poffent
1494 1683 1592 1718 vobis
1619 1685 1806 1730 provenire

335 1742 511 1790 dispendia
528 1741 700 1775 immunes
718 1740 839 1774 libenti
858 1740 975 1774 animo
993 1738 1192 1786 preservare
1209 1754 1218 1782 ;
1247 1740 1457 1774 auctoritate
1475 1740 1573 1774 vobis
1596 1740 1807 1787 presentium

336 1799 558 1845 indulgemus
575 1802 615 1832 ut
633 1795 809 1831 occasione
827 1795 1080 1830 constitutionis
1098 1794 1294 1842 hujusmodi
1321 1795 1456 1829 nullum
1488 1795 1614 1830 eisdem
1645 1796 1809 1831 libertati-

336 1856 400 1889 bus
418 1860 454 1889 et
470 1853 747 1888 immunitatibus
764 1852 997 1899 prejudicium
1015 1858 1216 1898 generetur.
1252 1851 1351 1886 Nulli
1366 1864 1450 1898 ergo
1469 1853 1614 1886 omnino
1627 1853 1810 1887 hominum

338 1912 439 1945 liceat
469 1911 559 1945 hanc
576 1909 738 1957 paginam
756 1908 870 1943 nostre
889 1907 1112 1943 eonceffionis
1143 1908 1334 1954 infringere
1364 1908 1419 1942 vel
1451 1908 1482 1942 ei
1512 1908 1595 1943 ausu
1625 1910 1810 1943 temerario

339 1968 524 2002 contraire.
578 1966 613 2001 Si
631 1966 706 2012 quis
724 1970 842 2000 autem
861 1965 927 1999 hoc
943 1969 1151 2011 attemptare
1169 1963 1412 2011 presumpserit
1437 1964 1677 2010 indignatione
1702 1966 1812 1999 omni-

340 2023 493 2071 potentis
510 2022 582 2058 Dei
600 2027 635 2056 et
652 2021 834 2056 beatorum
854 2021 949 2055 Petri
968 2026 1003 2055 et
1030 2020 1130 2054 Pauli
1147 2019 1381 2067 apostolorum
1401 2020 1475 2066 ejus
1492 2020 1524 2054 se
1543 2021 1682 2055 noverit
1699 2021 1813 2055 incur-

342 2079 471 2115 surum.
524 2078 659 2113 Datum
678 2077 844 2112 Laterani
863 2077 978 2111 Nonis
1005 2076 1129 2110 Martii
1156 2076 1379 2123 pontificatus
1404 2075 1509 2110 nostri
1537 2089 1629 2110 anno
1647 2076 1810 2111 secundo.

343 2134 590 2171 URBANUS
617 2133 795 2181 episcopus
812 2132 929 2168 servus
946 2132 1125 2167 servorum
1144 2132 1215 2166 Dei
1231 2132 1487 2167 venerabilibus
1503 2132 1667 2166 fratribus
1684 2132 1813 2166 archie-

344 2191 488 2238 piscopis
506 2196 541 2225 et
561 2189 727 2237 episcopis
744 2190 787 2224 ad
805 2202 892 2236 quos
909 2189 1024 2223 littere
1042 2187 1101 2222 iste
1118 2189 1342 2235 pervenerint
1359 2187 1503 2222 salutem
1530 2193 1564 2222 et
1592 2187 1811 2234 apostolicam

345 2247 638 2281 benedictionem.
704 2246 810 2280 Illum
841 2245 884 2279 ad
915 2244 1134 2292 apostolicam
1161 2243 1276 2279 sedem
1304 2257 1427 2291 gerere
1458 2244 1589 2278 debetis
1618 2244 1812 2278 devotionis

346 2303 510 2336 affectum
528 2302 622 2348 quod
640 2301 940 2336 conservatoribus
965 2300 1022 2335 vel
1051 2301 1294 2335 executoribus
1323 2314 1344 2334 a
1371 2300 1450 2334 sede
1481 2301 1652 2347 deputatis
1679 2299 1810 2339 eadem,

349 2359 498 2404 negotiis
516 2358 563 2392 eis
582 2356 762 2392 commistis
789 2357 925 2391 nullum
943 2357 1173 2404 interponatis
1191 2356 1414 2397 obstaculum,
1441 2356 1499 2390 sed
1523 2357 1638 2403 potius
1666 2368 1744 2389 cum
1771 2358 1812 2391 ab
