1839 2652
734 273 804 308 DE
832 272 1102 309 PASSELET.
1589 278 1659 310 2223

173 377 216 406 vet
234 369 364 405 divifim
382 369 538 405 salutem.
589 370 685 411 Quia
704 369 862 404 dedimus
887 375 921 404 et
947 370 983 403 in
1009 382 1130 417 puram
1151 374 1186 404 et
1202 374 1407 417 perpetuam
1438 369 1659 405 elemofinam

178 425 403 462 conceffimus
423 427 515 468 Deo,
545 427 675 462 Sancto
692 426 837 467 Jacobo,
872 426 1002 460 Sancto
1023 425 1170 466 Mirino,
1198 426 1377 460 monachis
1396 431 1430 461 et
1447 426 1656 462 monasterio

179 484 222 518 de
243 483 387 523 Passeto,
421 488 528 517 totam
548 489 582 518 et
600 483 772 529 integram
798 480 975 529 piscariam
993 481 1144 516 nostram
1164 482 1206 516 de
1225 482 1426 530 Lenbreyu,
1456 495 1535 517 cum
1553 483 1656 518 terris

178 539 400 586 sequentibus
417 545 452 574 et
469 539 688 587 pertinentiis
707 551 750 573 ex
766 544 914 584 utraque
933 543 1032 584 parte
1047 538 1210 585 ejusdem,
1225 539 1402 585 jacentem
1417 538 1518 586 super
1531 552 1656 586 aquam

179 596 223 630 de
241 595 387 643 Leveyn
417 601 452 630 et
480 596 571 629 infra
588 595 870 630 vicecomitatum
896 594 1051 628 nostrum
1082 595 1125 629 de
1156 595 1334 636 Levenax,
1364 601 1470 642 prout
1499 596 1536 630 in
1563 602 1658 631 carta

179 651 294 686 nostra
323 652 371 686 eis
402 651 548 698 desuper
577 651 738 685 confe6'ffi
766 650 904 698 plenius
930 651 1155 693 continetur3
1185 664 1291 697 quare
1318 652 1416 686 vobis
1444 657 1479 687 et
1505 652 1657 687 vestrum

179 707 320 742 cuilibet
338 707 555 754 conjunctim
575 712 609 741 et
627 705 758 741 divifim
775 706 985 753 precipimus
1004 712 1038 740 et
1056 707 1262 742 mandamus
1280 709 1453 754 quatinus,
1486 708 1561 744 vifis
1579 722 1656 757 pre-

178 763 342 804 sentibus,
362 764 505 798 indilate
522 763 657 804 statum,
687 761 839 797 saisinam
858 767 892 797 et
910 767 1116 808 perpetuam
1135 762 1374 810 pofl'effionem
1392 766 1499 800 totius
1518 771 1552 800 et
1570 766 1658 800 inte-

177 832 240 866 gre
259 820 351 854 dicte
369 819 510 866 piscarie
529 820 571 854 de
591 819 780 865 Lenbreyn
799 831 876 852 cum
896 819 998 852 terris
1023 817 1246 865 sequentibus
1272 825 1307 854 et
1332 822 1552 867 pertinentiis
1571 822 1658 869 ejus-

179 875 270 916 dem,
288 875 429 922 prefatis
447 875 625 909 monachis
651 875 693 909 de
713 873 846 908 Passeto
864 873 921 908 vel
939 887 1061 908 eorum
1081 880 1177 909 certo
1196 876 1381 910 a&ornato
1399 877 1502 911 latori
1520 878 1658 925 presen-

177 931 277 971 tium,
306 930 496 965 secundum
514 931 596 971 vim,
625 931 772 965 formam
804 936 839 964 et
868 934 1028 965 tenorem
1047 937 1141 966 carte
1160 944 1261 978 quam
1289 932 1370 967 inde
1401 933 1542 976 habent,
1566 934 1658 981 juste

179 987 377 1021 deliberetis
395 992 430 1021 et
447 987 566 1021 haberi
583 987 714 1021 faciatis
732 991 767 1020 et
783 985 852 1020 fine
871 986 1050 1028 dilatione,
1083 993 1116 1022 et
1135 988 1201 1022 hoc
1219 988 1318 1022 nullo
1337 989 1443 1023 modo
1463 991 1630 1025 omittatis
1646 1005 1656 1033 3

178 1043 223 1077 ad
240 1043 335 1089 quod
352 1043 549 1078 faciendum
568 1043 665 1077 vobis
684 1048 719 1077 et
735 1042 886 1076 vestrum
905 1043 1047 1078 cuilibet
1066 1044 1284 1091 conjunctim
1304 1050 1338 1079 et
1358 1045 1489 1080 divifim
1507 1046 1658 1082 nostram

179 1098 371 1146 plenariam
397 1104 432 1133 et
463 1099 699 1133 omnimodam
730 1098 767 1132 in
796 1098 861 1132 hac
878 1104 976 1145 parte
995 1100 1245 1135 committimus
1263 1101 1467 1148 potestatem
1494 1115 1557 1149 per
1582 1116 1659 1150 pre-

179 1153 302 1189 sentes.
354 1155 398 1189 In
417 1155 515 1202 cujus
532 1155 583 1189 rei
601 1154 835 1189 testimonium
852 1153 999 1200 figillum
1027 1155 1180 1190 nostrum
1207 1156 1424 1204 presentibus
1455 1158 1502 1193 est
1532 1171 1660 1206 appen-

178 1209 254 1244 sum
282 1211 374 1258 apud
406 1210 575 1245 Passetum
594 1210 746 1245 lecundo
778 1211 833 1245 die
863 1210 985 1245 mensis
1003 1211 1163 1247 Januarii
1189 1226 1282 1248 anno
1312 1213 1460 1249 Domini
1478 1215 1659 1251 millefimo

179 1265 454 1313 quingentesimo
473 1266 631 1301 vicefimo
658 1268 798 1314 primo;
829 1279 946 1301 coram
965 1267 1029 1301 hiis
1048 1267 1200 1309 testibus,
1232 1269 1341 1304 nobili
1371 1275 1406 1304 et
1435 1273 1571 1318 potenti
1599 1273 1659 1307 do-

180 1322 275 1356 mino
311 1322 476 1357 Wilelmo
512 1323 654 1357 domino
691 1323 847 1370 Sympill,
894 1322 1044 1357 Patricio
1085 1323 1249 1359 Houston
1285 1326 1327 1360 de
1362 1327 1497 1368 eodem,
1542 1328 1659 1363 Alano

180 1377 338 1412 Steward
357 1379 399 1412 de
419 1378 631 1419 Cardonald,
653 1379 818 1414 VVilelmo
837 1379 1038 1426 Sterulyng‚
1059 1385 1093 1415 et
1111 1381 1271 1427 magistro
1293 1382 1452 1418 Roberto
1474 1383 1656 1426 Maxwess,

178 1446 258 1468 cum
287 1433 425 1469 diverfis
452 1435 537 1469 aliis.
590 1435 790 1470 Secundum
822 1436 920 1482 cujus
948 1437 1103 1483 precepti
1134 1443 1294 1473 tenorem
1322 1440 1477 1486 prefatus
1496 1441 1658 1477 dominus

179 1489 335 1524 Thomas
354 1491 484 1525 Panter
501 1492 598 1538 prior
617 1492 803 1526 claustralis
823 1493 866 1527 de
886 1492 1031 1534 Passeto‚
1046 1494 1250 1529 aetornatus
1265 1497 1443 1532 dictorum
1461 1499 1609 1535 Abbatis
1624 1507 1659 1536 et

178 1550 373 1579 conventus
408 1546 451 1580 de
487 1545 632 1587 Passeto,
674 1547 848 1582 actornati
882 1549 1036 1590 nomine,
1075 1550 1253 1597 requifivit
1288 1553 1422 1588 dictum
1459 1554 1657 1603 Georgium

180 1599 344 1635 Houston
362 1601 399 1635 in
416 1602 480 1636 hac
497 1608 597 1649 parte
615 1603 793 1644 ballivum,
822 1605 965 1639 nomine
997 1610 1031 1640 et
1062 1619 1105 1640 ex
1130 1613 1229 1654 parte
1249 1608 1426 1644 dustorum
1447 1611 1596 1647 Abbatis
1623 1620 1657 1648 et

176 1662 384 1697 conventus,
412 1656 468 1691 fibi
488 1658 570 1693 inde
589 1659 672 1693 dare
689 1658 813 1694 statum
833 1665 867 1694 et
897 1658 1050 1695 saisinam
1081 1669 1287 1710 perpetuam
1318 1666 1426 1700 totius
1457 1673 1492 1702 et
1520 1668 1657 1716 integre

179 1712 272 1747 dicte
289 1712 431 1759 piscarie
451 1714 493 1748 de
512 1713 744 1762 Lenebreyne
763 1729 842 1750 cum
861 1717 963 1751 terris
981 1716 1202 1764 sequentibus
1234 1726 1268 1755 et
1295 1723 1516 1768 pertinentiis
1544 1725 1658 1761 eidem

178 1768 427 1814 adjacentibus,
454 1782 606 1805 unacum
637 1772 802 1818 proficuis
833 1778 868 1807 et
896 1772 1113 1809 libertatibus
1144 1778 1318 1811 contentis
1347 1779 1384 1813 in
1413 1786 1508 1815 carta
1532 1783 1658 1828 prefati

179 1822 327 1858 Comitis
345 1825 387 1859 de
419 1824 586 1861 Levenax
615 1828 662 1861 eis
693 1827 840 1875 desuper
869 1830 1042 1866 confecta.
1085 1833 1298 1880 Quiquidem
1332 1837 1447 1872 dictus
1478 1838 1656 1887 Georgius

178 1878 341 1914 Houston
360 1880 395 1914 in
413 1881 476 1916 hac
502 1888 600 1929 parte
627 1883 785 1925 ballivus,
814 1886 936 1920 volens
966 1892 1006 1921 ut
1035 1888 1151 1923 decuit
1180 1889 1422 1938 obtemperare
1452 1900 1487 1928 et
1515 1895 1656 1931 obedire

176 1933 278 1981 ipfius
295 1936 421 1970 nobilis
448 1942 483 1971 et
512 1940 665 1984 potentis
684 1940 816 1975 domini
843 1941 1016 1978 Johannis
1044 1947 1180 1981 comitis
1208 1948 1250 1983 de
1282 1948 1451 1985 Levenax
1469 1957 1504 1986 et
1522 1953 1655 1988 domini

177 1990 314 2026 Dernle
332 1991 638 2039 supplicationibus
667 2002 701 2030 et
730 1999 913 2040 mandatis,
941 2000 1075 2036 acceffit
1093 2016 1245 2038 unacum
1271 2005 1412 2040 testibus
1430 2008 1653 2056 infrascriptis

176 2046 220 2080 ad
238 2047 367 2082 diffisam
385 2048 564 2095 piscariam
583 2051 625 2086 de
645 2052 865 2102 Lenebreyn,
894 2062 929 2090 et
954 2057 1082 2092 ibidem
1112 2058 1213 2106 super
1232 2061 1314 2095 litus
1332 2075 1420 2108 aque
1440 2064 1482 2098 de
1501 2064 1649 2112 Lewyn,

178 2102 267 2136 infra
284 2102 389 2149 ipsam
407 2117 543 2150 aquam,
563 2107 670 2141 totius
689 2114 723 2143 et
741 2110 876 2157 integre
896 2113 989 2148 dicte
1007 2113 1149 2161 pilcarie
1167 2116 1210 2150 de
1229 2116 1431 2165 Lenbreyn,
1451 2133 1530 2155 cum
1549 2123 1650 2157 terris

177 2158 332 2198 annexis,
360 2159 562 2205 adjacentiis
589 2169 623 2197 et
649 2165 870 2210 pertinentiis
901 2181 944 2202 ex
973 2174 1120 2216 utraque
1146 2177 1245 2217 parte
1277 2173 1429 2219 ejusdem
1454 2176 1652 2223 jacentibus

178 2213 278 2253 infra,
298 2212 400 2260 super
427 2220 462 2249 et
478 2215 581 2263 supra
597 2231 722 2264 aquam
741 2221 783 2255 de
802 2221 950 2270 Lewyn,
982 2226 1018 2260 in
1045 2227 1213 2262 comitatu
1244 2229 1287 2263 de
1316 2230 1484 2267 Levenax
1511 2239 1545 2268 et
1563 2236 1651 2270 vice-

179 2269 346 2303 comitatu
376 2270 418 2304 de
452 2271 675 2315 Dunbertan,
708 2288 787 2310 cum
805 2280 928 2313 ceteris
947 2282 1252 2318 commoditatibus
1271 2290 1306 2319 et
1323 2286 1549 2331 libertatibus,
1570 2304 1651 2326 con-

176 2325 282 2360 tentis
299 2325 336 2359 in
355 2331 448 2362 carta
466 2340 527 2375 per
546 2329 679 2365 dictum
709 2331 890 2369 dominum
919 2335 1094 2372 Comitem
1122 2339 1165 2374 de
1194 2339 1362 2377 Levenax
1392 2344 1538 2393 desuper
1568 2360 1648 2383 con-
