1839 2652
168 292 239 324 204
581 281 899 318 REGISTRUM
927 280 1266 316 MONASTERII

175 382 373 419 hominibus
390 379 470 421 suis,
500 379 562 414 nifi
593 379 700 426 gratis
717 378 776 413 fibi
793 378 924 412 fuerint
944 376 1084 411 oblata:
1113 382 1147 411 et
1174 376 1198 410 fi
1225 376 1348 422 aliquis
1380 376 1532 423 iptorum
1562 377 1651 412 hanc

177 452 289 474 meam
308 434 561 472 conceffionem
580 441 615 470 et
633 434 936 469 confirmationem
962 433 1000 466 in
1025 432 1144 478 aliquo
1163 429 1407 479 premifforum
1425 432 1653 479 transgredia-

176 502 245 535 tur,
261 506 351 541 pena
364 491 565 539 pecuniaria
578 491 635 525 vel
648 490 822 537 corporali
838 488 946 536 ipsum
961 489 1143 523 attrociter
1158 488 1339 535 castigabo,
1360 493 1395 523 et
1408 489 1653 524 nichilominus

177 551 440 596 delinquentem
459 547 503 581 ad
520 546 795 581 satil'fafflonem
812 545 1007 579 faciendam
1025 550 1277 591 competenter,
1306 549 1377 578 tam
1395 544 1472 591 ipfis
1490 543 1654 591 religiofis

176 619 279 653 quam
299 617 420 639 eorum
441 602 639 638 homiuibus
657 608 780 637 contra
797 614 884 648 quos
910 601 1067 646 deliquit,
1098 600 1305 647 compellam
1332 600 1423 634 infra
1440 600 1565 646 viginti
1583 600 1655 635 dies

177 664 221 699 ad
239 661 413 698 ecclefiam
433 661 476 695 de
496 659 695 707 Kylpatrik,
723 658 877 706 probatis
894 657 1025 691 ibidem
1044 657 1179 704 injuriis
1199 662 1233 691 et
1252 657 1411 703 dampnis
1429 661 1499 691 tam
1528 668 1591 703 per
1608 654 1656 690 sa—

178 724 357 755 cramenta
366 717 549 751 hominum
562 715 712 762 prediEH
725 714 873 749 Comitis
891 727 994 759 quam
1009 714 1252 760 p1·edi6torum
1267 712 1521 759 religiosorum.
1551 711 1657 746 Hanc

177 788 263 811 vero
282 786 395 809 meam
413 771 665 807 coneeffionem
684 776 719 806 et
736 771 1039 805 confirmationem
1057 782 1121 817 pro
1140 782 1195 803 nie
1225 774 1261 803 et
1288 768 1475 803 heredibus
1493 768 1578 802 meis
1595 767 1657 802 im-

178 836 388 879 perpetuum
407 828 563 863 concedo
582 833 617 862 et
634 826 785 875 presenti
803 832 899 861 carta
930 839 1007 860 mea
1033 826 1215 865 confirmo,
1244 830 1278 858 et
1304 824 1386 858 volo
1416 830 1456 858 ut
1487 828 1656 871 perpetue

178 886 352 922 firmitatis
370 885 478 919 robur
496 890 614 918 teneat
632 889 667 917 et
684 883 809 917 habeat
827 882 869 916 de
891 887 1019 916 cetero.
1073 881 1118 915 In
1136 881 1234 927 cujus
1252 881 1303 914 rei
1328 880 1562 914 testimonium
1580 892 1657 926 pre-

179 943 267 978 senti
284 942 410 989 scripto
428 939 577 987 sigillum
595 952 713 974 meum
731 939 816 973 duxi
833 937 1094 985 apponendum.
1146 936 1281 970 Datum
1311 937 1404 983 apud
1435 936 1574 970 Renfru
1601 935 1656 970 die

180 999 301 1035 Saneti
320 997 501 1033 Valentini
519 996 669 1030 martiris
687 996 769 1029 anni
786 995 897 1041 gratie
909 993 1077 1028 millesimi
1092 992 1315 1027 ducentefimi
1330 992 1567 1040 septuagesuni
1584 998 1652 1027 ter-

180 1056 230 1090 tii.
284 1054 363 1088 Hiis
381 1053 532 1093 testibus,
548 1053 691 1087 domino
707 1052 869 1097 Eugenio
885 1050 1076 1097 capellmio,
1096 1049 1215 1083 Alano
1230 1049 1273 1083 de
1289 1049 1470 1088 Ruthvan,
1492 1048 1656 1083 Gilberto

180 1113 253 1147 filio
274 1110 472 1150 Absolonis‚
495 1109 689 1143 Maleolmo
708 1109 750 1142 de
770 1107 946 1154 Drumyd,
980 1106 1120 1140 Thoma
1136 1105 1208 1139 filio
1229 1105 1473 1144 Summerledi,
1493 1104 1657 1139 Johanne

182 1169 225 1203 de
246 1168 361 1207 Knoc,
391 1167 532 1201 Thoma
550 1166 592 1199 de
612 1165 755 1205 Fulton,
774 1164 937 1199 ,Iohanne
957 1161 1072 1201 Pride‚
1093 1161 1270 1208 Stephano
1288 1161 1361 1195 filio
1382 1160 1526 1194 Ricardi
1545 1159 1656 1200 Thor,

183 1225 289 1259 Petro
307 1224 379 1258 filio
399 1221 593 1261 Malcolmi,
629 1221 789 1255 Henrico
808 1220 881 1254 filio
901 1218 1073 1257 Eufemie,
1104 1216 1210 1251 Petro
1242 1217 1285 1251 de
1315 1216 1443 1257 Insula,
1478 1215 1596 1250 Alano
1615 1215 1658 1249 de

184 1280 327 1320 Fulton,
348 1278 515 1319 W'ilelmo
534 1277 576 1311 de
598 1276 712 1317 Knoc,
730 1275 752 1311 J
757 1276 895 1310 ohanne
914 1274 985 1309 filio
1006 1273 1124 1314 Alani,
1145 1279 1179 1306 et
1197 1272 1282 1306 aliis.

183 1447 414 1484 Confirmatio
435 1445 618 1479 Maleolmi
636 1444 771 1478 comitis
789 1443 831 1478 de
851 1443 1028 1484 Levenax,
1049 1442 1092 1477 de
1119 1441 1280 1476 omnibus
1305 1441 1408 1476 terris
1425 1441 1470 1475 ad
1487 1439 1660 1476 ecclefiam

185 1504 304 1539 Saneti
323 1502 464 1537 Patricii
481 1500 747 1549 pertinentibus.

185 1613 423 1651 OMNIBUS
444 1612 569 1647 Christi
586 1611 746 1646 fidelibus
764 1610 903 1658 presens
920 1609 1084 1657 scriptum
1102 1609 1224 1644 visuris
1243 1609 1297 1643 vel
1316 1608 1487 1643 audituris
1512 1607 1661 1643 Malcol-

184 1683 261 1705 mus
279 1682 395 1704 comes
426 1669 469 1703 de
497 1668 666 1702 Levenax
694 1666 839 1701 salutem
870 1667 907 1700 in
934 1666 1091 1700 Domino
1109 1664 1365 1712 sempiternam.
1417 1663 1568 1698 Noverit
1585 1664 1661 1698 uni-

181 1725 321 1762 versitas
334 1724 445 1759 vestra
458 1737 525 1764 me,
544 1729 730 1769 antequam
748 1735 844 1756 arma
857 1722 979 1756 militie
992 1722 1118 1768 recepi,
1138 1719 1331 1755 concessifl'e
1349 1726 1384 1755 et
1401 1720 1552 1767 presenti
1566 1725 1661 1755 carta

183 1796 261 1818 mea
279 1779 493 1816 confirmafle
512 1780 604 1819 Deo,
637 1778 774 1813 SanEtis
791 1778 924 1813 Jacobo
943 1783 978 1812 et
997 1777 1133 1811 Mirino
1165 1777 1208 1811 de
1240 1774 1387 1810 Paffelet
1418 1781 1452 1810 et
1482 1776 1661 1810 monachis

184 1839 312 1873 ibidem
332 1837 413 1871 Deo
432 1835 658 1870 servientibus
676 1839 710 1868 et
728 1835 986 1880 imperpetuum
1004 1832 1180 1867 servituris
1198 1845 1262 1879 pro
1280 1831 1387 1866 stilute
1407 1832 1539 1865 domini
1552 1831 1661 1866 Alex-

184 1895 285 1929 andri
303 1892 440 1927 illustris
458 1892 550 1938 regis
568 1891 694 1931 Scotie,
723 1887 976 1924 antecefforum
995 1901 1153 1923 meorum
1182 1895 1217 1922 et
1246 1886 1488 1928 sucoefl'orum,
1517 1893 1552 1922 et
1577 1888 1661 1922 mei-

183 1950 296 1998 ipfius,
329 1946 501 1983 ecclefiam
533 1947 576 1981 de
607 1946 794 1994 Kylpatrik
823 1958 902 1979 cum
934 1945 1094 1979 omnibus
1122 1944 1352 1991 pertinentiiS,
1384 1944 1600 1978 libertatibus
1626 1950 1661 1978 et

184 2005 387 2045 afiamentis,
424 2009 458 2038 et
485 2009 595 2037 terras
625 2003 667 2037 de
699 2001 932 2041 Cocmanach,
965 2000 1215 2047 Edynbernan,
1253 1999 1405 2040 Baekan‚
1436 1999 1466 2034 F
1466 2000 1658 2046 ymbalach,

185 2063 420 2100 Drumcreue,
430 2058 744 2105 Cragbrecholaeh,
755 2056 1039 2096 Monaukenran,
1050 2056 1353 2102 Drumthglunan,
1371 2055 1561 2102 Cultbouy,
1576 2055 1661 2090 Dal-

184 2119 313 2158 lefnan,
335 2115 616 2155 Drumthouher‚
637 2113 834 2161 Reynfode,
855 2118 889 2147 et
908 2111 1185 2159 DrumdynaniS,
1206 2124 1286 2146 eum
1305 2111 1466 2145 omnibus
1484 2112 1661 2158 pertinen-

185 2175 240 2209 tiis
258 2173 335 2213 suis,
355 2177 389 2206 et
408 2172 525 2206 omnia
541 2171 608 2205 alia
625 2171 661 2204 in
679 2182 829 2216 quorum
846 2166 1047 2216 poffeffione
1071 2167 1214 2201 suerunt
1233 2168 1288 2202 die
1306 2167 1409 2214 hujus
1438 2165 1661 2202 coneeffionis

185 2235 219 2265 et
237 2228 521 2268 confirmationis,
541 2239 620 2261 cum
637 2225 847 2260 molendinis
866 2230 900 2259 et
912 2223 1072 2258 omnibus
1083 2223 1158 2257 aliis
1172 2236 1294 2257 eorum
1308 2223 1540 2269 pertinentiis,
1560 2223 1660 2257 liber-

185 2285 313 2320 tatibus
331 2289 365 2317 et
383 2282 574 2317 afialnentis
592 2283 635 2317 de
647 2282 729 2329 jure
746 2280 804 2315 fibi
822 2279 1077 2328 pertinentibus
1095 2279 1149 2314 vel
1168 2279 1394 2326 pertinendiS,
1416 2284 1449 2313 et
1467 2291 1545 2312 cum
1564 2280 1660 2313 omni

182 2341 262 2388 jure
281 2339 365 2373 mihi
382 2339 439 2373 vel
456 2338 642 2373 heredibus
659 2337 745 2372 meis
762 2337 960 2384 pertinente
972 2336 1008 2370 in
1020 2334 1185 2383 premiffis
1202 2335 1256 2370 vel
1271 2336 1387 2381 aliquo
1405 2333 1657 2382 premifforum,
