1839 2652
699 278 770 312 DE
797 276 1067 313 PASSELET.
1553 277 1623 312 ⁶239

146 377 266 422 quinta
285 373 407 410 mensis
426 375 618 415 Februarii,
638 387 732 409 anno
752 374 900 409 Domini
927 373 1106 409 millefimo
1125 370 1467 420 quadringentesimo
1487 370 1622 404 decimo

145 438 281 478 quarto,
301 444 399 466 more
418 431 606 466 Gallicano
625 431 774 478 sumpto.

242 488 394 523 Collatio
413 488 506 522 facta
523 487 570 522 est
587 500 649 534 per
668 500 723 522 me
750 487 927 522 notarium
953 486 1132 534 publicum
1164 484 1416 532 infrascriptum
1448 483 1490 518 de
1521 483 1624 517 dietis

242 545 366 579 litteris
377 543 570 591 apostolicis
583 543 811 590 originalibus
824 542 980 590 superius
994 542 1129 577 insertis
1143 542 1186 576 ad
1200 540 1340 589 presens
1354 539 1622 586 transumptum,

244 599 486 647 transcriptum
506 599 564 634 seu
584 600 744 640 vidimus,
764 599 859 645 liguo
878 612 956 633 meo
976 598 1129 633 manuali
1148 598 1223 632 fieri
1242 597 1343 632 solito
1361 595 1455 630 teste.

1340 653 1374 689 J.
1395 652 1576 687 Ginaneti.

150 826 286 860 Littera
303 823 560 859 conservatoria
578 823 775 859 monasterii
793 824 836 858 de
856 823 989 858 Passeto
1016 836 1086 870 quo
1111 823 1156 857 ad
1186 822 1378 870 privilegia,
1399 820 1534 856 directa
1554 818 1626 853 Ab-

149 881 284 916 batibus
303 881 345 915 de
364 880 628 926 Dunfermling‚
659 879 779 927 Cupro
799 885 833 914 et
851 879 1056 920 Newbotill,
1076 878 1137 913 sub
1155 878 1267 913 forma
1283 876 1514 912 instrumenti.

152 992 208 1026 IN
236 991 450 1027 NOMINE
479 992 571 1026 DEI
600 992 729 1027 Amen.
794 992 863 1026 Per
892 992 959 1026 hoc
988 991 1128 1039 presens
1155 991 1333 1038 publicum
1362 988 1631 1023 instrumentum

150 1049 286 1083 cunctis
300 1053 417 1096 pateat
431 1048 612 1083 evidenter
626 1048 721 1095 quod
734 1060 828 1082 anno
842 1048 884 1082 ab
896 1047 1137 1082 incarnatione
1152 1046 1311 1086 Domini,
1328 1044 1518 1080 secundum
1536 1055 1628 1077 com-

151 1105 369 1152 putationem
395 1104 496 1151 regni
524 1104 652 1145 Scotie,
688 1103 868 1138 millefimo
899 1102 1241 1150 quadringentesimo
1270 1101 1440 1136 tricesimo
1470 1099 1627 1147 septimo,

152 1159 273 1196 menfis
309 1160 431 1195 Martii
466 1160 522 1194 die
557 1160 671 1201 tertia,
716 1160 909 1195 indictione
943 1160 1065 1207 prima,
1110 1159 1333 1207 pontificatus
1366 1155 1563 1192 sanctiffimi
1598 1156 1633 1189 in

154 1216 290 1251 Christo
308 1217 416 1264 patris
443 1222 477 1251 et
504 1217 637 1251 domini
666 1216 773 1251 nostri
805 1216 938 1251 domini
970 1216 1121 1262 Eugenii
1153 1216 1270 1250 divina
1297 1214 1519 1262 providentia
1543 1225 1631 1260 pape

153 1273 268 1318 quarti
285 1285 378 1306 anno
395 1272 553 1319 septimo,
582 1273 618 1306 in
637 1273 706 1307 mei
724 1273 851 1306 notarii
877 1273 1006 1320 publici
1033 1278 1067 1306 et
1096 1272 1233 1307 testium
1260 1270 1530 1318 subscriptorum
1555 1281 1632 1316 pre-

154 1328 262 1362 sentia
272 1327 502 1375 personaliter
514 1328 721 1363 constitutus
735 1327 915 1375 religiosus
933 1329 986 1363 vir
1005 1329 1168 1363 dominus
1187 1328 1351 1362 Andreas
1367 1327 1517 1361 Stewart
1535 1325 1631 1372 prior

154 1384 351 1418 monasterii
372 1385 414 1419 de
434 1384 579 1426 Passeto,
609 1385 740 1419 ordinis
772 1384 1018 1426 Cfflniacenfis,
1047 1383 1278 1431 Glasgwenfis
1309 1381 1461 1423 diocefis,
1489 1382 1633 1416 veniens

156 1453 272 1474 coram
299 1441 491 1475 venerabili
518 1441 594 1475 viro
626 1440 787 1487 magistro
806 1441 984 1488 Stephano
1017 1441 1091 1475 Ker
1123 1441 1262 1475 officiali
1291 1437 1506 1486 Glasgwenfi
1524 1438 1560 1471 in
1579 1450 1632 1471 ec-

155 1496 253 1532 clefia
271 1496 423 1544 ejusdem
454 1510 519 1545 pro
550 1497 715 1532 tribunali
733 1498 885 1538 sedente,
914 1498 1057 1531 nomine
1076 1503 1110 1532 et
1128 1510 1172 1531 ex
1190 1503 1287 1544 parte
1308 1496 1455 1531 Abbatis
1487 1500 1522 1529 et
1552 1506 1632 1528 con-

156 1558 281 1587 ventus
300 1553 383 1587 dicti
404 1553 612 1594 monasterii,
641 1554 820 1588 humiliter
844 1553 1049 1601 supplicavit
1080 1559 1114 1588 et
1144 1554 1243 1601 petiit
1273 1552 1438 1587 instanter
1464 1556 1636 1597 quatenus

156 1608 317 1655 quasdam
337 1609 470 1644 litteras
488 1609 689 1657 apostolicas
716 1622 862 1656 quarum
881 1616 984 1644 tenor
1002 1610 1092 1643 infra
1108 1609 1262 1655 sequitur
1288 1609 1390 1643 faciat
1408 1607 1467 1642 sua
1484 1606 1635 1641 auetori-

157 1672 228 1699 tate
245 1665 426 1713 publicari,
448 1670 482 1700 et
501 1665 536 1699 in
554 1665 728 1712 publicam
747 1666 894 1700 formam
914 1665 1036 1712 redigi,
1057 1678 1149 1706 cum,
1170 1665 1214 1699 ob
1233 1665 1429 1699 discrimina
1447 1664 1582 1698 viarum
1601 1668 1635 1696 et

158 1721 397 1756 difficultatem
415 1721 641 1768 probationis,
664 1721 784 1756 Abbas
802 1727 837 1756 et
855 1730 1050 1756 conventus
1069 1723 1154 1757 dieti
1172 1721 1370 1756 monasterii
1389 1722 1431 1755 de
1464 1719 1597 1754 Passeto
1616 1732 1636 1752 a

154 1779 234 1824 jure
264 1778 325 1812 suo
357 1778 481 1812 cadere
510 1776 657 1824 poffent,
686 1778 789 1813 dietis
818 1778 943 1813 litteris
972 1779 1100 1826 ereptis
1120 1779 1260 1826 penitus
1284 1778 1340 1812 vel
1364 1775 1497 1811 amiflis.
1551 1776 1637 1816 Qui-

159 1834 298 1880 quidem
312 1834 474 1868 dominus
489 1833 658 1868 Officialis
671 1834 793 1869 volens
807 1834 1071 1881 probationibus
1087 1834 1281 1875 subvenire,
1299 1848 1343 1869 ne
1362 1835 1509 1869 veritate
1524 1832 1638 1867 occul-

161 1897 231 1924 tata
243 1889 375 1937 justitia
391 1889 505 1924 valeat
532 1890 702 1937 deperire,
732 1891 843 1924 citatis
861 1891 1074 1937 generaliter
1093 1891 1254 1926 omnibus
1273 1897 1308 1926 et
1332 1890 1471 1937 fingulis
1489 1902 1637 1936 quorum

160 1945 320 1980 interfuit
338 1950 371 1980 et
389 1945 448 1991 qui
466 1944 525 1979 sua
542 1945 713 1992 putabant
740 1945 901 1981 intereffe
932 1959 1050 1981 coram
1082 1947 1316 1994 infrascriptis,
1345 1946 1530 1981 intervallo
1557 1945 1639 1979 octo

162 2003 296 2036 dierum
316 2001 442 2036 eisdem
462 2000 619 2035 concefl'o
652 2002 695 2036 ad
724 2003 974 2049 opponendum
992 2002 1015 2036 fi
1033 2004 1115 2049 quid
1136 2016 1314 2050 opponere
1333 2003 1465 2037 vellent
1494 2007 1639 2049 propter

162 2058 255 2104 quod
274 2056 471 2104 hujusmodi
489 2057 676 2104 publicatio
694 2058 771 2092 fieri
788 2071 861 2093 non
881 2058 1034 2099 deberet,
1063 2072 1132 2104 quo
1152 2059 1207 2093 die
1226 2059 1388 2093 veniente
1408 2064 1442 2092 et
1472 2057 1547 2104 ipfis
1565 2070 1638 2091 non

163 2114 454 2162 comparentibus,
483 2127 562 2148 cum
581 2114 687 2148 nichil
706 2113 899 2161 oppositum
917 2115 1023 2149 fuerit
1040 2120 1185 2162 propter
1204 2115 1298 2160 quod
1316 2113 1512 2161 hujusmodi
1530 2113 1641 2160 publi-

163 2171 252 2205 catio
272 2170 394 2205 debeat
413 2170 583 2217 impediri,
605 2170 706 2204 dictis
724 2170 848 2204 litteris
867 2170 1029 2218 inspecffis
1048 2176 1081 2205 et
1100 2172 1251 2205 inventis
1269 2183 1341 2204 non
1360 2170 1558 2204 cancellatis
1576 2182 1640 2204 nec

164 2228 200 2261 in
219 2226 333 2272 aliqua
350 2231 448 2272 parte
467 2226 516 2259 sui
536 2225 710 2273 suspectis,
739 2226 824 2260 mihi
854 2227 992 2261 notario
1022 2226 1240 2274 infrascripto
1272 2227 1427 2274 precepit
1453 2232 1493 2261 ut
1519 2239 1639 2261 earum

164 2291 325 2319 tenorem
345 2284 382 2317 in
399 2282 574 2330 publicam
592 2283 740 2317 formam
770 2283 966 2330 redigerem
997 2283 1041 2317 ad
1071 2283 1175 2317 fidem
1204 2289 1408 2331 perpetuam
1435 2283 1640 2317 faciendam.

168 2339 325 2387 Ipsarum
345 2352 428 2374 vero
447 2339 642 2374 litterarum
663 2344 766 2374 tenor
784 2338 938 2385 sequitur
964 2340 1000 2373 in
1027 2339 1091 2374 hiis
1109 2339 1234 2375 verbis.
1287 2338 1530 2374 CLEMENS
1561 2340 1642 2385 epis-

889 2399 910 2429 2
930 2407 951 2430 o
