1870 2683
216 274 286 309 386
610 271 925 308 REGISTRUM
954 271 1294 307 MONASTERII

219 369 440 418 burgensium
460 375 494 403 et
512 369 707 403 vicinorum
728 369 813 403 dicti
832 369 934 415 burgi
953 368 996 402 ad
1014 367 1081 402 hoc
1099 368 1291 415 specialiter
1318 375 1534 412 vocatorum,
1568 378 1602 406 et
1634 372 1701 419 ipsa

221 426 337 461 saisina
353 424 489 472 gavisus
506 424 556 458 fui
574 424 716 471 pacifice
734 437 796 472 per
815 437 946 459 annum
964 437 1075 458 unum
1107 431 1142 459 et
1171 425 1261 459 diem
1292 424 1362 460 fine
1394 426 1526 461 01311160
1545 428 1700 475 alicujus.

224 483 270 518 Et
289 495 353 528 ego
374 481 557 515 Wilelmus
589 486 623 515 et
649 481 795 515 heredes
813 481 880 515 mei
900 481 1029 515 dictam
1048 488 1177 516 terram
1197 495 1275 516 cum
1294 483 1513 529 pertinentiis
1532 484 1633 518 dictis
1651 497 1703 519 re-

222 538 357 587 ligiofis‚
377 539 568 573 secundum
587 539 682 585 quod
699 539 757 573 lex
774 539 967 585 burgorum
987 538 1094 584 exigit
1113 544 1148 572 et
1165 539 1321 585 requirit,
1354 545 1476 573 contra
1505 552 1625 574 omnes
1644 541 1703 575 ho-

223 598 332 631 mines
351 601 385 630 et
402 595 548 630 feminas
566 595 871 629 warantizabimus
899 601 933 630 et
963 595 1202 629 defendemus.
1256 594 1422 629 Preterea
1440 595 1556 641 obligo
1588 609 1644 631 me
1671 602 1705 631 et

223 653 368 687 heredes
386 664 482 686 meos
501 657 535 686 et
552 651 759 686 successores
778 665 873 686 meos
891 650 1114 698 quoscunque
1133 650 1266 685 solvere.
1284 651 1412 685 fabrice
1440 652 1579 698 majoris
1598 653 1704 687 eccle-

224 709 266 744 116
285 706 507 754 Glasguenlis
535 708 655 742 decem
674 708 779 742 libras
797 708 1041 754 sterlingorum
1061 708 1203 741 nomine
1231 720 1332 754 pene,
1366 714 1399 742 et
1419 708 1520 742 dic—tis
1539 708 1704 755 religiosis

222 766 305 800 alias
324 766 442 800 decem
462 765 566 799 libras
583 765 828 811 sterlingorum
860 765 1002 799 nomine
1034 764 1267 811 dampnorum
1298 764 1438 798 suorum
1470 771 1504 799 et
1532 764 1702 806 intereffe,

221 822 344 868 absque
362 822 479 867 aliquo
498 821 639 868 strepitu
653 821 823 869 judiciali,
844 821 943 855 nullo
962 821 1194 868 proponendo
1213 820 1379 861 obstante,
1405 821 1703 868 quotienscunque

223 878 409 924 contigerit
427 890 490 911 nos
508 877 563 911 vel
582 877 731 923 aliquem
752 877 905 912 nostrum
925 883 1048 911 contra
1066 876 1261 923 presentem
1280 877 1518 911 venditionem
1539 877 1606 912 five
1623 891 1704 912 0011-

222 940 276 968 113
293 934 442 980 aliquem
462 933 648 968 articulum
668 934 703 967 in
722 933 938 980 presentibus
956 933 1080 967 litteris
1099 939 1316 973 contentum,
1338 934 1373 967 in
1392 934 1469 967 foro
1482 933 1704 969 ecclesiastico

222 991 278 1025 vel
297 990 400 1030 civili,
428 990 464 1023 in
482 996 558 1024 toto
577 990 630 1024 vel
652 990 686 1023 in
705 996 815 1037 parte,
836 1003 978 1024 movere
1000 989 1058 1023 sen
1076 990 1210 1023 moveri
1229 989 1342 1024 facere
1361 990 1573 1036 questionem
1589 1004 1597 1025 :
1628 1004 1704 1038 pre-

224 1047 310 1082 senti
329 1046 577 1080 nichilominus
595 1046 798 1080 venditione
817 1059 895 1081 mea
925 1047 959 1080 in
988 1046 1048 1080 suo
1067 1046 1193 1080 robore
1213 1046 1391 1080 duratura.
1445 1047 1703 1082 Renunciando

224 1116 288 1150 pro
323 1116 378 1137 1116
414 1108 448 1137 61
482 1102 668 1137 heredibus
703 1103 788 1136 meis
819 1108 853 1137 et
883 1101 1128 1137 successoribus
1163 1101 1286 1136 nostris
1313 1102 1574 1149 quibuscunque
1608 1105 1703 1138 omni

222 1159 457 1208 prosecutioni
476 1164 510 1193 et
528 1159 671 1199 affioni,
705 1159 912 1205 exceptioni,
947 1159 1171 1198 cavillationi,
1202 1158 1297 1204 regie
1315 1159 1552 1205 prohibitioni,
1580 1159 1704 1194 litteris

223 1217 327 1262 regiis
347 1215 539 1262 impetratis
556 1215 614 1249 seu
632 1215 870 1261 impetrandis
892 1215 987 1248 omni
1006 1215 1190 1261 privilegio
1209 1213 1445 1260 crucesignato
1464 1215 1520 1249 vel
1539 1215 1705 1262 crucesig-

222 1273 345 1307 nandis
364 1271 502 1306 indulto
522 1271 576 1304 vel
595 1271 824 1317 indulgendo,
854 1276 888 1305 et
917 1271 1012 1304 omni
1037 1271 1127 1317 juris
1146 1271 1302 1305 remedio
1321 1276 1391 1305 tam
1423 1272 1582 1306 canonici
1600 1284 1703 1318 quam

222 1328 330 1363 civilis
348 1340 415 1374 que
434 1327 533 1361 nobis
552 1327 607 1361 vel
626 1327 729 1361 3110111
749 1326 903 1361 nostrum
924 1327 959 1361 in
978 1326 1144 1373 premiffis
1159 1327 1213 1361 vel
1233 1327 1350 1373 aliquo
1364 1326 1607 1374 premissorum
1625 1341 1704 1375 pro-

222 1383 312 1419 defl'e
331 1389 366 1418 et
385 1383 486 1417 dictis
504 1381 668 1429 religiosis
688 1382 800 1417 obefle
819 1389 987 1430 poterunt
1005 1384 1041 1417 in
1059 1383 1229 1417 futurum.
1284 1383 1330 1418 Et
1358 1384 1402 1417 ad
1433 1384 1550 1418 01111113
1578 1389 1612 1418 61
1642 1383 1704 1418 110-

223 1441 306 1488 gula
323 1441 359 1474 in
380 1439 595 1487 presentibus
614 1439 738 1474 litteris
756 1446 923 1474 contenta
941 1439 1091 1474 fideliter
1122 1445 1156 1473 et
1184 1440 1320 1486 integre
1339 1440 1492 1474 tenenda
1520 1445 1554 1474 et
1580 1441 1706 1487 perim-

225 1497 363 1545 plenda‚
385 1496 490 1530 fidem
508 1509 572 1543 pro
592 1509 647 1530 me
661 1502 695 1530 et
709 1496 894 1531 heredibus
909 1497 993 1531 meis
1005 1501 1040 1530 et
1053 1494 1298 1530 succefforibus
1311 1496 1432 1530 nostris
1444 1495 1705 1542 quibuscunque

224 1553 353 1601 prestiti
370 1552 599 1599 corporalem,
619 1552 832 1599 subjiciendo
844 1565 908 1587 nos
920 1559 954 1587 et
969 1552 1159 1598 quemlibet
1177 1552 1331 1586 nostrum
1350 1552 1550 1586 cohercioni
1565 1551 1706 1587 Officia-

224 1610 266 1644 lis
285 1609 380 1644 curie
401 1607 622 1654 Glasguenfis
641 1609 699 1654 qui
718 1621 782 1655 pro
800 1614 958 1656 tempore
976 1610 1092 1649 suerit,
1121 1609 1214 1655 quod
1242 1607 1341 1656 possit
1367 1622 1430 1643 nos
1457 1614 1492 1642 61
1518 1609 1705 1654 quemlibet

225 1665 380 1700 nostrum
398 1677 461 1712 per
479 1664 660 1699 censuram
679 1663 946 1705 eeclefiasticam,
967 1665 1137 1711 legittima
1154 1665 1348 1699 monitione
1366 1663 1535 1711 premissa,
1556 1665 1707 1712 compel-

224 1723 297 1758 lere
316 1722 359 1756 ad
377 1721 571 1756 tenendum
591 1727 624 1756 et
643 1721 860 1768 implendum
880 1721 998 1755 omnia
1016 1727 1050 1755 et
1067 1720 1200 1767 singula
1214 1734 1280 1767 que
1299 1721 1335 1754 in
1353 1720 1570 1768 presentibus
1582 1721 1707 1755 litteris

226 1779 464 1814 continentur.
517 1777 562 1812 In
581 1778 678 1825 cujus
710 1778 760 1812 rei
787 1777 1019 1813 testimonium
1039 1776 1186 1823 sigillum
1214 1790 1330 1811 meum
1358 1790 1508 1811 unacum
1529 1778 1705 1811 communi

227 1835 337 1882 figillo
357 1835 442 1870 dieu
460 1834 563 1881 burgi
594 1839 629 1869 et
657 1833 767 1881 figillo
787 1833 1006 1868 officialitatis
1024 1834 1119 1867 curie
1149 1833 1345 1881 supradifflae
1376 1834 1419 1868 ad
1450 1832 1706 1880 requisitionem

227 1905 352 1932 meam,
385 1890 485 1926 causa
503 1890 645 1938 majoris
671 1891 857 1932 evidenfie,
890 1890 936 1925 est
953 1889 1153 1938 appensum.
1207 1889 1309 1925 Teste
1337 1890 1588 1925 communitate
1606 1890 1706 1936 burgi

227 1947 427 1995 supradifiti.

228 2118 428 2153 Ratificatio
446 2118 660 2152 venditionis
677 2117 836 2164 burg-agii
855 2117 891 2151 in
909 2117 939 2151 le
959 2116 1154 2151 Ratonraw
1173 2116 1215 2151 de
1235 2115 1390 2162 Glasgw.

230 2230 444 2265 PATEAT
462 2229 628 2265 univerfis
646 2230 691 2264 ad
707 2242 796 2277 quos
813 2228 989 2277 presentes
1007 2229 1122 2263 littere
1140 2228 1366 2276 pervenerint
1384 2228 1478 2274 quod
1493 2240 1558 2274 ego
1578 2227 1706 2263 Nicho-

228 2287 302 2320 laus
321 2286 473 2333 Sprowll
491 2292 602 2321 ratam
619 2286 731 2321 habeo
751 2292 785 2321 et
802 2291 938 2333 gratam
956 2298 1020 2333 pro
1038 2298 1094 2320 me
1113 2290 1148 2320 et
1165 2284 1351 2319 heredibus
1372 2284 1457 2319 meis
1474 2284 1569 2318 illam
1587 2283 1706 2318 vendi-

227 2343 357 2376 tionem
378 2347 470 2377 terre
489 2343 525 2376 in
543 2342 714 2390 superiori
732 2347 831 2389 parte
851 2342 931 2378 ville
951 2339 1171 2388 Glasguenfis
1189 2353 1293 2388 quam
1306 2340 1489 2375 Wilelmus
1504 2339 1546 2374 de
1561 2338 1703 2374 Bonkill
