1839 2652
162 256 209 296 76
560 250 875 289 REGISTRUM
903 253 1245 289 MONASTERII

166 405 397 442 Confirmatio
421 404 572 438 Wilelmi
589 404 681 451 regis
700 404 897 446 Scotorum,
920 405 962 439 de
983 404 1108 439 Molla.

170 517 438 553 VILELMUS
458 515 528 550 Dei
542 515 654 562 gratia
667 529 730 550 rex
742 516 1123 565 Scotorum,episcopis‚
1140 516 1330 557 abbatibus,
1346 517 1540 557 comitibus,
1548 518 1646 553 baro-

168 574 280 614 nibus,
289 572 495 620 justiciariis,
510 572 781 613 vicecomitibus,
798 573 959 607 ministris
973 579 1008 607 et
1022 573 1182 607 omnibus
1194 572 1311 620 probis
1325 573 1522 607 hominibus
1540 574 1648 608 totius

167 636 260 664 terre
280 628 337 663 sue
353 628 487 663 clericis
501 633 535 662 et
549 628 644 662 laicis
661 627 819 662 salutem.
872 629 989 663 Sciant
1006 628 1182 676 presentes
1201 635 1235 663 et
1252 630 1362 664 futuri
1380 643 1435 664 me
1454 628 1647 664 conceffiffe

171 691 204 720 et
222 686 286 719 hac
305 690 401 719 carta
418 697 496 718 mea
514 681 730 718 confirmasse
751 683 834 718 Deo
853 689 888 719 et
907 685 1034 720 Sancte
1055 685 1170 720 Mai-ie
1190 685 1330 731 Virgini
1349 691 1384 720 et
1402 685 1539 720 eccleiie
1558 686 1648 720 beati

171 741 315 788 apostoli
332 740 466 780 Jacobi,
488 739 607 774 Sancti
628 738 752 773 Mirini
780 746 815 774 et
833 740 961 775 Sancte
981 740 1162 787 Milburge
1181 741 1224 775 de
1244 739 1400 781 Paffelet,
1421 747 1455 776 et
1484 741 1597 776 Priori
1616 748 1650 776 et

172 797 350 831 monachis
380 796 508 829 ibidem
536 795 616 829 Deo
643 794 881 837 servientibus,
910 798 946 830 in
964 797 1106 832 liberam
1127 803 1161 832 et
1179 803 1384 845 perpetuam
1415 797 1647 838 elemofinam,

172 866 279 887 unam
298 857 495 886 carucatam
512 857 606 886 terre
625 852 661 885 in
681 851 795 886 Molla
813 865 875 898 per
893 852 1027 887 easdem
1056 853 1177 888 divisas
1194 866 1257 900 per
1275 866 1358 899 quas
1386 855 1433 888 eis
1452 852 1649 888 mensurata

174 910 241 943 fuit
268 914 302 943 et
332 907 585 955 perambulata,
613 913 648 942 et
675 907 847 954 pasturam
866 910 1064 956 quingentis
1093 910 1225 950 ovibus,
1246 916 1281 945 et
1299 909 1497 944 aifiamenta
1514 909 1649 957 pasture

176 965 300 1000 ceteris
318 964 522 998 animalibus
541 969 711 1009 quantum
737 964 890 1010 pertinet
916 965 960 999 ad
987 979 1091 1000 unam
1113 972 1308 1000 carucatam
1327 972 1432 1006 terre,
1465 967 1500 999 in
1530 966 1651 1000 eadem

176 1021 270 1061 villa,
291 1033 370 1054 cum
389 1020 551 1054 omnibus
568 1019 642 1053 aliis
660 1018 876 1060 aifiamentis‚
896 1021 944 1055 ita
960 1021 1115 1068 plenarie
1134 1028 1168 1056 et
1179 1022 1371 1056 honorifice
1386 1028 1420 1056 et
1432 1021 1598 1056 italibere
1617 1028 1652 1055 et

175 1077 292 1123 quiete
311 1076 353 1110 ab
371 1076 532 1109 omnibus
551 1074 859 1110 consuetudinibus
878 1082 912 1111 et
930 1077 1170 1111 exactionibus
1189 1083 1223 1112 et
1237 1078 1333 1111 omni
1350 1077 1489 1112 servitio
1508 1077 1651 1111 seculari

178 1133 263 1168 ficut
281 1138 374 1167 carte
395 1132 542 1166 lValteri
560 1132 622 1165 filii
642 1132 749 1166 Alani
765 1132 907 1179 dapiferi
927 1133 995 1167 mei
1010 1139 1043 1167 et
1062 1132 1210 1167 Eschine
1224 1134 1343 1167 uxoris
1354 1133 1412 1167 sue
1425 1134 1472 1167 eis
1485 1133 1653 1167 testantur

179 1196 214 1224 et
255 1190 475 1224 confirmant.
540 1187 711 1228 Testibus‚
746 1187 906 1222 Roberto
937 1189 980 1223 de
1008 1188 1138 1229 Quinci
1167 1188 1369 1235 justiciario,
1412 1188 1570 1223 lValtero
1610 1190 1652 1223 de

179 1245 319 1280 Berkel'
350 1244 552 1283 camerario,
589 1243 751 1277 Wilelmo
781 1244 823 1277 de
855 1244 977 1278 Veteri
1004 1250 1124 1291 ponte,
1153 1244 1353 1279 Gilleberto
1381 1244 1453 1278 filio
1485 1244 1651 1284 Richerii,

181 1302 343 1348 Philippo
362 1301 404 1335 de
423 1300 563 1340 Valon',
591 1299 756 1334 Johanne
775 1299 816 1334 de
836 1299 1042 1341 Londoniis‚
1077 1300 1236 1335 Roberto
1257 1300 1298 1335 de
1318 1300 1490 1341 Berkelei,
1512 1300 1653 1335 Simone

179 1357 349 1397 Loccard,
377 1356 469 1404 apud
489 1355 698 1390 Lanarcum.

182 1528 239 1561 De
257 1532 351 1561 terra
369 1526 411 1560 de
432 1525 556 1560 Molla.

185 1637 424 1673 OMNIBUS
451 1636 568 1671 sancte
587 1637 706 1670 matris
724 1636 862 1671 ecclefie
881 1637 958 1671 filiis
988 1644 1059 1671 tam
1090 1638 1305 1685 presentibus
1331 1651 1434 1685 quam
1452 1639 1577 1673 futuris
1595 1640 1656 1674 has

183 1694 318 1728 litteras
336 1692 459 1728 visuris
476 1692 532 1727 vel
562 1692 743 1732 audituris,
771 1692 878 1727 frater
898 1692 1080 1727 Wilelmus
1109 1694 1223 1728 dietus
1253 1694 1356 1728 abbas
1387 1695 1429 1729 de
1458 1694 1603 1731 Paffelet
1622 1703 1656 1731 et

185 1750 336 1797 ejusdem
356 1750 423 1784 loci
442 1754 635 1783 conventus
654 1754 810 1782 eternam
837 1749 871 1782 in
900 1748 1057 1783 Domino
1075 1749 1230 1784 ialutem.
1283 1750 1403 1785 Sciatis
1421 1764 1485 1785 nos
1504 1752 1546 1786 de
1565 1765 1656 1786 com-

184 1806 282 1839 muni
301 1804 441 1840 confilio
460 1810 494 1839 et
512 1803 643 1839 affensu
661 1804 768 1838 totius
786 1804 929 1851 capituli
947 1805 1051 1839 nostri
1071 1804 1197 1840 dediffe
1219 1804 1412 1841 conceffiffe
1430 1812 1464 1841 et
1481 1807 1546 1842 hac
1564 1814 1658 1842 carta

185 1861 301 1896 nostra
319 1859 533 1896 confirmaffe
554 1860 713 1894 Roberto
734 1859 945 1899 Maleverer,
972 1873 1036 1906 pro
1063 1860 1224 1906 homagio
1251 1860 1311 1895 suo
1330 1867 1364 1896 et
1381 1861 1532 1902 servitio,
1551 1875 1657 1896 unam

187 1924 383 1952 carucatam
401 1923 494 1952 terre
512 1929 615 1963 quam
633 1916 669 1950 in
686 1916 864 1950 territorio
891 1916 933 1950 de
963 1916 1077 1951 Molla
1093 1918 1258 1952 habemus
1275 1933 1284 1960 3
1314 1918 1522 1953 Tenendam
1539 1918 1596 1953 fibi
1624 1925 1659 1953 et

187 1973 374 2008 heredibus
401 1972 468 2007 suis
497 1973 540 2007 de
566 1971 677 2012 nobis,
716 1972 985 2018 imperpetuum,
1021 1973 1109 2007 adeo
1137 1973 1256 2014 libere,
1285 1975 1412 2020 quiete,
1440 1975 1594 2022 plenarie
1625 1981 1660 2009 et

188 2030 381 2064 honorifice
394 2028 478 2064 ficut
496 2042 559 2063 nos
578 2029 723 2063 eandem
741 2033 870 2062 terram
888 2028 1039 2069 liberius,
1055 2029 1215 2075 quietius,
1231 2030 1366 2076 plenius
1381 2036 1415 2064 et
1429 2030 1660 2065 honorificen-

188 2087 257 2120 tius
274 2086 450 2120 tenuimus
469 2091 503 2120 et
520 2083 740 2132 poffedimus,
758 2097 821 2131 per
839 2097 959 2118 omnes
977 2083 1051 2119 suas
1069 2086 1182 2119 rectas
1197 2085 1328 2126 divisas,
1350 2091 1384 2120 et
1403 2099 1481 2120 cum
1501 2086 1660 2121 omuibus

190 2143 257 2176 iuis
269 2142 367 2188 justis
393 2142 623 2188 pertinentiis,
653 2140 842 2176 secundum
871 2146 1030 2175 tenorem
1061 2146 1233 2175 cartarum
1263 2155 1346 2187 quas
1374 2154 1438 2176 nos
1467 2142 1508 2176 de
1539 2143 1660 2176 eadem

192 2205 285 2232 terra
302 2190 491 2232 habemus:
521 2197 720 2232 Reddendo
738 2196 837 2231 nobis
854 2195 993 2242 fingulis
1023 2197 1122 2231 annis
1152 2197 1196 2231 ad
1227 2197 1453 2232 Pentecosten
1484 2198 1660 2231 dimidiam

193 2268 343 2292 marcam
362 2256 497 2301 argenti
515 2255 608 2302 apud
635 2252 781 2289 Paffelet
807 2267 870 2301 pro
900 2253 995 2288 omni
1022 2253 1172 2293 servitio,
1203 2253 1386 2288 exactione
1417 2259 1451 2287 et
1479 2253 1660 2288 demanda.

193 2311 270 2347 Nos
288 2324 371 2345 vero
390 2311 583 2358 predictam
601 2316 729 2346 terram
744 2311 839 2345 dicto
856 2309 1013 2344 Roberto
1031 2308 1230 2344 Maleverer
1245 2314 1279 2343 et
1293 2309 1477 2343 heredibus
1494 2308 1560 2343 suis
1571 2308 1661 2356 juste
