1839 2652
196 275 266 308 144
599 269 915 306 REGISTRUM
943 269 1281 306 MONASTERII

196 381 408 417 comparere,
439 367 664 414 volentesque
682 373 722 402 ut
740 367 920 401 ambarum
937 367 1089 414 partium
1107 366 1283 401 laboribus
1299 373 1462 414 parcatur
1477 368 1609 415 pariter
1637 373 1672 402 et

196 424 360 473 expenfis,
381 425 418 458 in
435 424 535 458 causa
552 424 608 458 vel
626 422 731 458 caufis
750 435 853 469 quam
871 422 927 457 vel
945 435 1029 469 quas
1047 423 1132 457 dieti
1150 422 1298 469 religiofi
1322 422 1518 458 monasterii
1535 424 1577 458 de
1594 422 1673 458 Pas-

192 482 277 516 selet
295 486 418 516 contra
435 480 570 514 dietum
597 480 779 514 dominum
806 478 1016 526 Episcopum
1034 478 1297 526 Ergadiensem,
1323 491 1463 514 necnon
1489 485 1523 514 et
1548 485 1672 514 contra

192 536 412 584 quascunque
431 536 513 570 alias
530 536 693 583 personas
711 534 946 570 ecclesiasticas
972 535 1029 570 vel
1053 535 1225 570 seculares
1242 534 1478 582 cujuscunque
1493 535 1598 570 status
1615 535 1671 570 vel

193 593 402 628 conditionis
420 593 610 632 extiterint,
629 604 773 626 movere
794 591 994 631 intendunt,
1021 591 1120 626 vobis
1138 591 1194 626 vel
1211 591 1363 626 vestrum
1379 591 1502 632 tribus,
1532 591 1670 626 duobus

192 655 253 684 aut
269 650 331 684 uni
350 648 568 696 conjunctim
586 647 643 683 seu
663 647 793 682 divifim
810 648 904 683 vices
922 647 1053 684 nostras
1079 652 1251 694 quatenus
1275 645 1463 695 possumuS,
1492 646 1670 694 quousque

194 706 357 740 duximus
374 705 599 745 revocandas,
630 717 709 739 cum
725 704 892 739 canonica
906 704 1120 744 cohertione‚
1149 716 1212 751 per
1229 703 1407 751 presentes
1420 703 1669 738 committimus

193 768 227 797 et
244 760 519 807 subdelegamus,
551 760 649 794 vobis
666 761 876 795 au&oritate
894 773 962 806 qua
979 760 1159 806 fungimur
1176 760 1213 794 in
1230 760 1293 795 hac
1311 765 1410 807 parte
1427 759 1576 794 firmiter
1591 771 1669 807 pre-

192 818 369 866 cipientes,
390 817 552 863 quatinus
571 817 606 850 in
624 816 723 851 causa
740 817 796 851 vel
824 815 928 851 caufis
954 815 1171 863 supradietis,
1198 817 1359 862 quotiens
1388 828 1452 863 per
1478 815 1593 850 dictos
1616 827 1671 850 re-

192 873 331 921 ligiosos
348 873 483 908 fueritis
499 871 662 919 requisiti,
688 871 878 907 secundum
904 877 1065 906 tenorem
1091 872 1185 907 bulle
1210 872 1341 919 papalis
1366 877 1561 919 prenotate,
1578 871 1673 918 iegi-

193 932 277 965 time
295 929 502 977 procedatis.
555 929 689 963 Datum
706 928 769 963 sub
786 928 901 975 figillis
919 928 1114 962 officiorum
1132 928 1328 963 nostrorum
1341 928 1434 975 apud
1454 928 1670 974 Edynburgh

188 985 349 1021 vicefimo
366 985 510 1032 septimo
537 985 593 1019 die
618 983 742 1019 mensls
768 984 980 1020 Novembris
998 996 1091 1018 anno
1111 984 1258 1018 Domini
1276 982 1455 1019 millefimo
1474 982 1669 1025 trecentefi-

190 1055 248 1077 mo
266 1040 548 1088 quinquagesimo
565 1041 690 1088 primo.

192 1211 329 1245 Littera
344 1208 568 1256 suspensionis
588 1208 736 1242 Martini
756 1206 904 1255 episcopi
924 1205 1152 1253 Ergadienfis.

190 1321 469 1357 JOHANNES
500 1320 622 1367 Penny
640 1319 866 1359 subdecanus,
895 1324 929 1352 et
956 1318 1141 1352 Wilelmus
1159 1318 1201 1352 de
1221 1318 1338 1364 Curry
1356 1319 1543 1352 canonicus
1570 1317 1669 1352 Glas-

190 1376 324 1420 guenfis
350 1376 499 1416 ecelefie,
528 1374 747 1410 commiffarii
773 1374 1024 1409 venerabilium
1050 1374 1087 1407 in
1114 1373 1251 1408 Christo
1277 1379 1416 1421 patrum
1445 1374 1668 1409 dominorum

191 1433 361 1468 Johannis
379 1439 414 1468 et
434 1432 584 1466 Wilelmi
613 1431 682 1466 Dei
709 1431 821 1478 gratia
847 1431 890 1465 de
918 1430 1178 1476 Dunfermelyn
1205 1436 1240 1464 et
1265 1431 1308 1464 de
1327 1430 1511 1477 waotyll
1537 1429 1670 1464 monas-

195 1490 362 1524 teriorum
380 1489 555 1528 abbatum,
577 1488 697 1522 Saneti
717 1487 864 1521 Andree
883 1485 1032 1526 dioeefis,
1065 1485 1349 1520 conservatorum
1368 1491 1404 1520 et
1414 1486 1575 1532 judicum
1592 1486 1672 1520 reli-

192 1545 291 1591 giofis
309 1545 392 1579 viris
411 1544 542 1578 Abbati
561 1549 595 1578 et
614 1543 804 1578 conventui
822 1541 1019 1576 monasterii
1034 1542 1076 1576 de
1092 1541 1249 1582 Paffelet,
1269 1542 1401 1576 ordinis
1420 1540 1667 1581 Cluniacenfis,

195 1599 417 1647 Glasguenfis
436 1599 587 1639 diocefis,
614 1612 636 1633 a
660 1599 739 1633 sede
756 1598 942 1646 apostolica
958 1597 1150 1645 specialiter
1167 1598 1427 1644 deputatorum,
1457 1597 1617 1632 omnibus
1635 1604 1670 1632 et

191 1656 332 1703 sing-ulis
350 1656 539 1696 abbatibus,
566 1655 751 1702 prioribus,
772 1655 921 1694 decanis,
949 1653 1196 1694 archidecanis,
1224 1653 1437 1694 officialibus,
1458 1653 1603 1687 decanis
1614 1666 1671 1687 ru-

192 1712 333 1753 ralibus,
359 1711 567 1751 restoribus,
594 1711 731 1745 vicariis
761 1716 796 1745 et
823 1710 1021 1757 capellaniS‚
1049 1714 1121 1743 tam
1148 1710 1275 1743 curatis
1302 1722 1404 1755 quam
1431 1721 1504 1743 non
1529 1710 1667 1749 curatis,

193 1782 255 1816 per
272 1774 363 1803 totas
382 1767 611 1814 Ergadienies
629 1772 664 1802 et
683 1765 893 1801 Sodorenses
911 1766 1067 1800 civitates
1085 1771 1121 1799 et
1138 1764 1289 1799 dioceses
1307 1765 1511 1805 constitutis,
1530 1777 1670 1799 necnon

195 1831 230 1859 et
248 1823 401 1859 discretis
429 1824 513 1858 viris
539 1823 688 1857 dominis
716 1822 871 1857 Ricardo
899 1821 1069 1867 Daurog’,
1099 1821 1256 1855 VValtero
1286 1821 1368 1855 Rwl
1395 1826 1430 1855 et
1457 1820 1600 1855 Thome
1624 1821 1668 1854 de

195 1880 372 1927 Arthurly
389 1880 520 1914 rectori
538 1885 572 1914 et
589 1879 725 1914 vicariis
743 1879 786 1913 de
807 1877 1046 1925 Kyrkmichel‚
1069 1877 1233 1924 Herikyn
1251 1883 1286 1912 et
1305 1877 1348 1912 de
1367 1877 1507 1924 Dalyel,
1526 1876 1671 1911 salutem

196 1943 230 1970 et
256 1936 427 1970 mandatis
444 1935 566 1969 nostris
592 1948 631 1969 ac
658 1935 833 1969 diffitemini
864 1933 1147 1968 conservatorum
1175 1939 1210 1967 et
1230 1933 1402 1980 judicum,
1432 1934 1540 1968 immo
1557 1933 1672 1967 verius

195 1991 399 2038 apostolicis,
431 1991 583 2026 obedire.
636 1991 731 2032 Quia
757 1990 964 2025 venerabilis
994 1990 1031 2023 in
1059 1989 1170 2024 Cristo
1197 1995 1296 2036 pater
1314 1989 1476 2023 dominus
1495 1988 1672 2022 Martinus

196 2049 267 2082 Dei
283 2048 395 2094 gratia
413 2048 589 2095 episcopus
609 2046 838 2093 Ergadienlis,
857 2046 901 2080 ad
920 2045 1113 2080 instantiam
1141 2051 1176 2080 et
1200 2046 1404 2092 petitionem
1424 2045 1600 2079 di&orum
1619 2057 1670 2078 re-

195 2105 397 2150 ligiosorum
418 2103 564 2138 Abbatis
582 2109 617 2137 et
635 2108 828 2137 conventus
846 2101 1042 2136 monasterii
1061 2102 1104 2136 de
1120 2099 1277 2141 Paffelet‚
1297 2102 1340 2135 de
1358 2101 1524 2135 mandato
1542 2099 1668 2139 nostrO,

198 2161 321 2194 citatus
351 2160 394 2194 ad
421 2159 692 2206 comparendum
721 2171 838 2193 coram
864 2157 964 2192 nobis
989 2158 1082 2205 apud
1101 2157 1245 2204 Glasgw
1262 2158 1298 2191 in
1317 2155 1456 2192 ecclefia
1482 2155 1670 2191 cathedrali

198 2215 360 2261 ejusdem,
380 2214 559 2250 trecefimo
573 2215 629 2249 die
654 2214 776 2249 menfis
791 2213 880 2248 Maii
898 2214 980 2248 anni
997 2213 1175 2261 presentis,
1204 2213 1371 2260 predififis
1390 2212 1522 2247 Abbati
1536 2217 1572 2246 et
1588 2219 1668 2245 con-

197 2271 318 2304 ventui
344 2271 400 2305 vel
430 2284 551 2305 eorum
582 2270 867 2318 procuratoribus
892 2269 952 2304 seu
980 2269 1211 2317 procuratori,
1243 2269 1346 2316 super
1371 2269 1472 2303 certis
1503 2265 1607 2301 caufis
1632 2267 1668 2299 in

201 2327 295 2361 ‹lie'to
315 2327 473 2361 citatorio
493 2325 664 2373 expreffis,
685 2332 719 2362 et
731 2327 805 2361 aliis
816 2338 884 2372 que
901 2324 959 2360 fibi
978 2326 1116 2361 obicere
1133 2325 1322 2365 voluerint,
1342 2323 1544 2371 responsur’‚
1565 2323 1668 2356 etiam
