1839 2652
170 271 215 302 38
571 265 884 301 REGISTRUM
914 266 1250 302 MONASTERH

173 366 208 399 in
229 363 364 400 Christo
384 363 526 397 domiuo
560 362 718 397 Roberto
746 362 816 396 Dei
846 362 958 407 gratia
975 363 1089 397 abbati
1108 363 1305 397 monasterii
1324 364 1366 398 de
1387 363 1647 411 Kylwynnyne,

176 435 215 456 ac
245 420 440 455 reverendo
472 419 547 453 viro
577 419 720 452 domino
756 417 920 452 Wilelmo
950 418 1059 465 priori
1090 419 1133 453 de
1161 417 1413 466 Leffinahagw,
1442 419 1586 454 salutem
1618 428 1653 455 et

175 477 345 512 mandatis
363 475 485 510 nostris
503 488 620 522 ymmo
639 475 755 509 verius
785 474 978 521 apostolicis
1008 475 1154 510 firmiter
1185 475 1339 510 obedire.
1391 475 1572 510 Noveritis
1589 489 1653 510 nos

175 533 381 568 mandatum
413 531 638 579 apostolicum
667 532 702 565 in
731 531 837 565 modo
868 536 902 565 et
932 531 1045 565 forma
1074 532 1133 577 qui
1162 530 1316 578 sequitur
1351 530 1525 578 recepfflb,
1554 532 1653 579 cujus

177 597 279 625 tenor
306 589 383 623 talis
402 587 473 630 est;
515 585 759 622 CLEMENS
779 586 957 634 episcopus
974 586 1093 622 servus
1112 587 1290 622 servorum
1312 588 1382 622 Dei
1411 588 1547 622 diletstis
1577 588 1655 622 ffliis

178 647 221 681 de
248 644 529 691 Dunfermelyne
559 649 594 678 et
622 644 665 678 de
695 644 817 691 Cupro
845 657 883 678 ac
912 643 955 677 de
984 643 1166 678 Neubotill
1198 644 1307 679 fausti
1338 644 1486 679 Andree
1515 643 1656 679 diocefis

179 701 464 736 monasteriorum
485 700 675 741 abbatibus,
696 699 839 734 salutem
860 706 894 734 et
912 699 1131 747 apostolicam
1151 700 1444 735 benedictionem.
1494 700 1565 735 Etfi
1583 702 1656 747 qui-

180 757 323 792 bussibet
341 755 506 803 religiosis
524 755 677 803 personis
696 762 730 790 et
747 756 832 790 locis
851 769 893 790 ex
911 756 1068 804 injuncte
1081 757 1180 791 nobis
1195 757 1366 792 servitutis
1381 757 1495 791 officio
1510 755 1655 791 affistere

181 813 387 849 defensionis
405 813 551 860 presidio
571 819 763 853 teneamur,
791 813 858 846 illis
884 818 959 847 tum
987 812 1166 860 specialius
1195 820 1229 848 et
1260 813 1431 848 efficacius
1461 812 1574 848 adeffe
1592 826 1656 846 nos

182 871 347 905 convenit
364 871 422 916 qui
441 869 510 904 sedi
528 869 712 917 apostolice
730 869 917 903 immediate
943 868 1100 917 subjecti,
1128 883 1200 904 non
1218 870 1347 904 habent
1377 875 1495 917 preter
1528 869 1657 904 Roma-

182 940 266 961 num
285 927 487 974 pontificem
518 926 625 960 alium
654 924 881 960 defensorem.
935 926 1025 960 Sane
1054 926 1263 960 dile&orum
1282 926 1434 960 filiorum
1449 926 1596 960 Abbatis
1623 932 1657 959 et

183 989 376 1018 conventus
395 982 590 1017 monasterii
609 981 855 1021 Cluniacenfis,
877 994 1015 1016 necnon
1033 982 1206 1022 abbatum,
1222 983 1379 1029 priorum
1394 988 1428 1017 et
1443 983 1656 1017 decanorum

183 1039 481 1080 monasteriorum,
509 1040 729 1086 prioratuum
756 1044 789 1072 et
821 1039 1052 1073 decanatuum
1082 1038 1317 1073 Cluniacenlis
1336 1039 1478 1079 ordinis,
1512 1044 1546 1072 et
1576 1050 1659 1072 conx

183 1102 353 1131 ventuum
371 1096 562 1130 eorundem
583 1095 838 1141 conquestione,
859 1095 1086 1141 percepimus,
1107 1095 1200 1141 quod
1219 1095 1380 1129 nonnulli
1399 1093 1656 1141 archiepiscopi,

186 1159 220 1187 et
238 1152 397 1200 episcopi,
426 1152 575 1192 abbates,
604 1152 748 1198 priores,
769 1157 803 1186 et
821 1151 878 1185 alii
897 1150 1022 1190 clerici,
1055 1157 1088 1184 ct
1107 1149 1325 1185 eccleliastice
1343 1150 1488 1198 persone
1516 1156 1587 1185 tam
1606 1162 1658 1183 re-

186 1208 303 1256 ligiose
317 1222 419 1255 quam
432 1208 611 1248 seculares,
627 1220 766 1241 necnon
782 1207 897 1247 duces,
918 1207 1061 1241 comites
1080 1212 1114 1240 et
1131 1207 1289 1247 barones,
1311 1207 1447 1246 milites,
1468 1212 1502 1240 et
1520 1206 1658 1240 univer-

185 1265 298 1300 sitates
315 1278 354 1299 ac
371 1264 558 1311 singulares
577 1263 722 1311 persone
741 1264 920 1298 civitatum
940 1269 973 1297 et
992 1262 1165 1297 diocesum
1185 1276 1223 1297 ac
1242 1263 1392 1309 partium
1411 1263 1604 1297 vicinarum
1624 1263 1659 1295 in

185 1322 308 1369 quibus
334 1322 466 1355 dictum
498 1319 755 1359 monasterium,
785 1325 819 1353 et
850 1324 965 1353 cetera
994 1319 1210 1359 monasteria,
1243 1319 1428 1365 prioratus
1460 1318 1657 1358 decanatus,

186 1380 321 1419 domus,
342 1383 375 1412 et
394 1378 460 1412 alia
477 1377 553 1411 loca
571 1382 605 1411 et
624 1376 780 1410 membra
798 1376 910 1410 eidem
929 1375 1136 1409 monasterio
1156 1373 1376 1410 Cluniacenli
1394 1373 1559 1422 subjecta,
1579 1386 1660 1408 con-

186 1434 295 1469 fistere
315 1433 576 1481 dignoscuntur,
615 1439 831 1479 occuparunt
866 1438 901 1466 et
935 1432 1097 1478 occupari
1125 1431 1285 1466 fecerunt
1317 1431 1451 1471 domos,
1490 1429 1658 1470 ecclefias,

185 1491 357 1538 grangias,
378 1490 590 1529 molendina,
622 1489 782 1528 decimas,
816 1488 1041 1528 obedientiam,
1070 1486 1201 1528 casalia,
1230 1494 1352 1527 terras,
1381 1488 1509 1527 vineas,
1539 1485 1660 1533 posses-

185 1548 305 1588 iiones,
326 1545 456 1586 census,
490 1546 657 1585 redditus,
687 1551 721 1579 et
738 1551 940 1592 proventus,
963 1543 1225 1591 jurisdi6tiones
1243 1549 1277 1577 et
1298 1543 1389 1590 jura,
1420 1556 1460 1577 ac
1490 1542 1661 1576 nonnulla

184 1605 276 1639 bona
294 1603 436 1637 mobilia
453 1608 487 1637 et
505 1602 697 1636 immobilia
727 1602 771 1635 ad
802 1602 934 1636 dietum
965 1599 1194 1634 Cluniacense
1223 1605 1257 1634 et
1287 1599 1354 1633 alia
1372 1598 1577 1633 monasteria
1601 1598 1659 1632 fibi

186 1660 350 1707 subjecta,
379 1671 518 1693 necnon
537 1659 721 1705 prioratus,
751 1657 950 1697 decanatus,
982 1661 1018 1691 et
1048 1657 1180 1696 domos,
1222 1662 1257 1692 et
1297 1656 1363 1689 alia
1393 1655 1561 1702 prelibata
1587 1656 1661 1702 ejus

187 1716 353 1756 membra,
372 1715 574 1763 spefi'ffintia,
602 1720 637 1748 et
655 1727 695 1748 ea
713 1714 871 1748 detinent
889 1712 1042 1747 indebite
1060 1718 1238 1759 occupata,
1259 1711 1317 1746 seu
1336 1712 1457 1746 eadem
1475 1712 1660 1746 detinenti-

186 1774 250 1808 bus
264 1772 415 1820 prestant
428 1771 607 1811 auxilium,
628 1769 805 1805 confilium
825 1775 859 1804 et
877 1769 1033 1803 favorem
1049 1783 1058 1811 ;
1079 1768 1241 1802 nonnulli
1260 1769 1365 1803 etiam
1382 1768 1534 1815 partium
1549 1768 1660 1802 diver-

187 1830 300 1864 sarum
319 1829 376 1874 qui
391 1840 520 1862 nomen
540 1826 688 1861 Domini
703 1826 739 1859 in
756 1838 905 1860 vacuum
925 1825 1079 1872 recipere
1098 1837 1171 1858 non
1189 1825 1389 1865 formidant,
1411 1824 1512 1858 dietis
1531 1824 1660 1858 abbati-

188 1887 252 1920 bus
270 1891 305 1920 et
332 1884 505 1932 prloribus
523 1896 563 1917 ac
581 1883 719 1917 decanis
748 1888 783 1916 et
811 1881 1040 1916 conventibus
1058 1880 1345 1915 monasteriorum
1377 1886 1411 1915 et
1440 1881 1660 1927 prioratuum

189 1942 394 1981 eorundem,
430 1941 465 1974 in
500 1938 657 1979 ecclesiis,
692 1938 856 1984 grangiis,
885 1937 1105 1977 molendinis,
1135 1937 1287 1978 decimis,
1325 1936 1502 1978 casalibus,
1533 1936 1657 1977 castris,

189 1998 300 2038 terris,
323 1995 635 2044 jurisdffikionibus,
657 1993 807 2041 juribus,
828 1993 938 2033 bonis,
959 1998 994 2027 et
1011 1993 1115 2028 rebus
1133 1993 1208 2027 aliis
1225 1994 1268 2027 ad
1287 1993 1503 2034 monasteria,
1530 1994 1661 2040 priora-

188 2061 255 2095 tus,
276 2059 311 2088 et
329 2054 451 2087 domos
468 2051 637 2099 predffika,
657 2048 903 2097 spefihintibuS,
935 2049 1146 2096 multiplices
1172 2049 1343 2084 molestias
1361 2055 1396 2084 et
1413 2049 1557 2096 injurias
1575 2049 1659 2083 infe-

190 2116 274 2145 runt
292 2115 326 2144 et
338 2109 517 2156 ja&uras;
545 2120 654 2153 quare
671 2119 736 2153 pro
754 2111 853 2153 parte
871 2105 1047 2139 dictorum
1068 2106 1216 2140 Abbatis
1243 2112 1277 2141 et
1296 2112 1490 2141 conventus
1508 2105 1660 2153 ejusdem

191 2166 387 2201 monasterii
406 2163 641 2204 Cluniacenfis
658 2162 759 2197 nobis
785 2162 900 2196 extitit
918 2162 1096 2196 humiliter
1122 2162 1361 2210 supplicatum,
1394 2168 1434 2197 ut
1463 2175 1542 2197 cum
1561 2162 1661 2196 valde

191 2223 329 2258 difficile
344 2222 510 2256 reddatur
525 2220 650 2255 eisdem
663 2224 697 2254 et
711 2219 785 2253 aliis
797 2218 985 2259 abbatibus,
1006 2219 1189 2266 prioribUS,
1207 2220 1356 2260 decanis,
1372 2225 1406 2254 et
1421 2232 1542 2254 eorum
1557 2231 1662 2252 mem-

191 2281 271 2321 bris,
292 2293 355 2327 pro
375 2279 512 2325 lingulis
530 2277 679 2324 querelis
696 2277 740 2311 ad
758 2275 977 2323 apostolicam
997 2274 1110 2309 sedem
1128 2275 1254 2309 habere
1274 2275 1461 2316 recursum,
1477 2274 1662 2322 providere

193 2338 240 2371 eis
267 2335 369 2382 super
398 2336 462 2369 hoc
490 2341 635 2381 paterna
663 2332 843 2379 diligentia
871 2344 1082 2366 curaremus.
1135 2331 1211 2365 Nos
1235 2332 1352 2377 igitur,
1389 2330 1662 2366 consideratione
