1839 2652
196 287 266 319 224
600 278 913 315 REGISTRUM
944 278 1281 315 MONASTERII

197 380 299 420 seete,
327 378 461 416 statum,
488 375 641 410 saisinam
660 381 694 410 et
711 380 915 421 perpetuam
933 373 1181 421 poiseffionem,
1209 388 1272 422 per
1289 381 1394 416 terre,
1413 376 1545 423 lapidis,
1566 391 1665 425 aque,

196 435 283 481 ligni
301 439 335 468 et
353 432 459 466 sabuli
478 432 713 470 traditionem,
741 429 876 476 prefato
896 430 1038 464 domino
1058 430 1196 465 Thome
1224 431 1354 466 Panter
1371 432 1479 478 priori
1497 433 1667 468 claustrali

197 492 239 525 de
259 489 391 524 Passeto
409 489 594 522 aetornato
613 487 789 521 dietorum
804 486 1027 520 dominorum
1046 485 1194 520 Abbatis
1208 491 1243 520 et
1256 492 1450 522 conventus
1464 488 1506 522 de
1522 488 1666 530 Passeto,

196 546 349 585 nomine,
378 544 599 583 auctoritate,
627 542 778 577 utilitate
798 546 832 575 et
858 541 1016 588 proficuo
1044 540 1196 588 ipsorum
1228 542 1451 577 dominorum
1470 543 1617 578 Abbatis
1636 551 1669 579 et

195 608 389 635 conventus
415 600 684 646 imperpetuum,
713 597 902 631 seeundum
923 597 1003 637 vim,
1032 597 1180 631 formam
1213 602 1247 632 et
1277 603 1436 632 tenorem
1455 604 1548 633 carte
1566 612 1668 645 quam

194 657 276 691 inde
294 656 435 696 habent,
465 655 571 695 dedit,
601 654 755 694 tradidit,
784 653 934 687 contulit
964 659 999 687 et
1031 653 1184 694 donavit,
1212 666 1252 687 ac
1282 654 1415 688 dictum
1433 654 1667 696 actornatum,

195 712 338 747 nomine
357 716 391 746 et
409 724 452 746 ex
470 716 567 758 parte
587 710 763 744 dictorum
782 708 930 742 Abbatis
957 714 991 742 et
1021 714 1215 742 conventus
1247 708 1442 743 monasterii
1461 710 1503 744 de
1522 710 1666 751 Passeto,

194 767 296 816 super
313 767 394 802 litus
413 767 506 801 dicte
524 779 612 812 aque
632 766 674 800 de
694 765 840 812 Lewyn,
869 765 905 798 in
923 769 997 798 tota
1015 770 1049 798 et
1067 765 1204 810 integra
1222 764 1316 798 dieta
1333 763 1475 811 piscaria
1503 765 1545 800 de
1577 765 1668 800 Len-

195 824 305 871 breyn
339 836 418 858 cum
453 822 555 857 terris
583 820 831 868 adjacentibus,
860 820 1175 861 commoditatibus,
1203 821 1368 867 proficuis
1400 826 1435 855 et
1464 820 1669 856 aifiamentis

196 879 360 927 ejusdem,
377 877 539 925 imposuit
557 883 591 912 et
609 876 791 911 investivit.
844 876 955 922 Super
973 876 1097 922 quibus
1116 876 1276 910 omnibus
1294 882 1328 911 et
1346 876 1485 922 singulis
1503 875 1668 924 premissis

195 936 294 983 petiit
312 934 506 982 iepedic'tus
537 933 700 967 dominus
719 932 874 966 Thomas
894 931 1024 966 Pariter
1041 932 1244 966 adornatus
1261 944 1281 965 3
1299 945 1354 966 me
1373 933 1510 966 notario
1528 933 1667 979 publico

194 990 395 1037 subscripto,
422 990 564 1024 nomine
583 994 618 1023 et
636 1002 679 1023 ex
696 993 794 1035 parte
813 988 988 1021 dictorum
1007 988 1229 1022 dominorum
1250 987 1396 1022 Abbatis
1415 993 1449 1022 et
1475 994 1668 1023 conventus

197 1048 239 1082 de
259 1046 402 1086 Passeto‚
430 1045 489 1079 fibi
508 1050 542 1080 et
561 1045 609 1079 eis
627 1045 708 1079 inde
726 1045 802 1079 fieri
819 1056 930 1078 unum
949 1049 983 1077 et
1001 1043 1102 1090 plura
1119 1043 1297 1090 publicum
1328 1049 1362 1078 et
1391 1043 1530 1090 publica
1546 1043 1667 1079 instru-

194 1108 352 1137 mentum
371 1107 406 1136 et
423 1101 660 1135 instrumenta.
713 1101 809 1134 Acta
827 1104 926 1134 erant
951 1099 1015 1133 hec
1045 1099 1081 1132 in
1107 1099 1185 1133 loco
1215 1099 1308 1133 dicte
1338 1098 1479 1146 piscarie
1506 1099 1548 1133 de
1575 1100 1667 1134 Len-

194 1160 304 1206 breyn
332 1159 391 1193 ubi
422 1157 528 1205 pisces
546 1158 731 1204 capiuntur
748 1156 850 1203 super
868 1156 950 1189 litus
969 1155 1061 1189 dffite
1080 1167 1167 1200 aque
1198 1155 1240 1189 de
1271 1154 1418 1201 Lewyn,
1447 1155 1534 1188 hora
1558 1156 1666 1190 unde-

196 1217 285 1250 cima
302 1222 383 1250 ante
402 1215 582 1249 meridiem
600 1215 657 1249 vel
675 1214 820 1254 eocirca,
848 1212 909 1247 sub
927 1224 1031 1251 anno,
1060 1211 1126 1250 die,
1155 1209 1282 1250 mense,
1310 1210 1504 1244 indietione
1523 1216 1557 1244 et
1583 1223 1668 1258 pon·

195 1272 329 1306 tificatu
347 1271 470 1318 quibus
488 1269 600 1318 supra.
655 1269 876 1304 Presentibus
905 1268 1033 1302 ibidem
1064 1266 1217 1301 diseretis
1247 1271 1281 1300 et
1310 1266 1464 1312 providis
1482 1266 1574 1307 viris,
1595 1266 1668 1301 Ro-

196 1328 296 1362 berto
316 1326 460 1361 Watson
478 1327 628 1367 notario,
650 1326 793 1360 domino
822 1324 985 1360 Johanne
1014 1321 1205 1357 Merschell
1235 1321 1416 1356 cellerario
1446 1321 1489 1355 de
1520 1320 1664 1363 Passeto,

195 1383 338 1418 domino
366 1383 520 1416 Ricardo
543 1381 685 1416 Watson
702 1380 862 1427 magistro
881 1379 995 1426 operis
1013 1378 1200 1418 monachis,
1224 1377 1382 1411 Roberto
1401 1377 1549 1424 Sprewll
1567 1378 1668 1412 armi-

193 1452 290 1486 gerO,
317 1438 450 1474 Jacobo
479 1436 631 1484 Anguss,
659 1442 694 1471 et
714 1436 878 1470 Wilelmo
906 1435 1062 1475 Donald,
1090 1447 1169 1468 cum
1189 1432 1326 1467 diversis
1356 1432 1429 1466 aliis
1454 1432 1594 1467 testibus
1623 1434 1667 1468 ad

194 1493 354 1543 premissa
371 1494 546 1529 audienda
563 1498 598 1527 et
615 1492 767 1527 videnda
784 1491 914 1526 vocatis
932 1491 1061 1537 pariter
1079 1495 1114 1524 et
1132 1490 1272 1536 rogatis.

294 1551 341 1586 Et
359 1564 424 1597 ego
442 1562 527 1585 vero
546 1547 705 1594 magister
723 1547 908 1581 Wilelmus
927 1546 1097 1586 Steward,
1125 1544 1291 1592 presbiter
1305 1543 1535 1590 Glasgwenfis
1553 1544 1666 1579 dioce-

292 1605 342 1647 fis,
370 1606 529 1653 publicus
546 1604 640 1638 sacra
656 1603 866 1638 {infitoritate
884 1601 1068 1648 apostolica
1085 1601 1251 1640 notarius,
1271 1600 1351 1646 quia
1368 1598 1534 1646 premisfis
1557 1601 1667 1634 omni-

291 1663 355 1696 bus
374 1667 408 1697 et
425 1660 565 1708 singulis
582 1660 758 1694 dictorum
777 1657 950 1692 36101113ῖί
969 1663 1003 1691 et
1021 1657 1175 1703 precepti
1192 1654 1505 1702 presentationibus
1531 1661 1566 1690 et
1591 1668 1667 1703 per-

292 1717 514 1758 lefiffionibus,
542 1729 582 1750 ac
600 1714 746 1762 desuper
763 1713 867 1748 status
893 1719 928 1747 et
953 1712 1069 1746 saifine
1087 1711 1343 1751 donationibus,
1375 1710 1564 1757 ceterisque
1589 1724 1666 1758 pre.

291 1773 424 1822 scriptis
443 1773 526 1807 dum
544 1770 587 1806 fic
603 1777 644 1805 ut
669 1770 883 1817 premittitur
914 1768 1124 1807 dicerentur,
1154 1772 1342 1813 agerentur
1373 1772 1407 1800 et
1434 1767 1569 1807 fierent,
1596 1779 1668 1801 una

293 1843 371 1865 cum
390 1828 583 1876 prenotatis
599 1826 750 1867 testibus,
778 1824 917 1872 presens
943 1823 1096 1863 interfui,
1125 1828 1228 1868 atque
1259 1822 1376 1856 omnia
1403 1826 1437 1856 et
1466 1821 1599 1868 fingula
1623 1822 1666 1857 fic

294 1887 368 1921 fieri
387 1886 469 1926 vidi,
490 1884 557 1919 dici
574 1882 655 1918 scivi
674 1888 708 1917 et
725 1881 853 1921 audivi,
885 1893 925 1915 ac
951 1879 988 1913 in
1013 1884 1131 1912 notam
1151 1878 1236 1925 cepi,
1265 1890 1307 1912 ex
1337 1890 1405 1923 qua
1433 1877 1500 1911 hoc
1528 1877 1667 1924 presens

293 1942 472 1989 publicum
506 1939 772 1974 instrumentum
800 1948 907 1971 manu
933 1935 1085 1974 alterius,
1123 1946 1178 1967 me
1206 1933 1280 1967 aliis
1308 1937 1489 1979 occupato,
1517 1933 1666 1968 fideliter

293 1997 456 2045 scriptum
476 1996 601 2031 exinde
620 1993 754 2029 confeci
772 1998 806 2027 et
824 1993 859 2026 in
878 1992 967 2025 hanc
984 1990 1157 2037 publicam
1176 1989 1322 2023 formam
1341 1988 1470 2034 redegi,
1502 1987 1666 2034 signoque

294 2054 436 2088 nomine
454 2065 493 2087 ac
510 2050 757 2098 subscriptione
784 2048 868 2083 meis
893 2046 1000 2081 solitis
1019 2051 1053 2080 et
1072 2045 1242 2080 consuetis
1260 2042 1434 2090 subscripsi
1464 2048 1499 2077 et
1525 2042 1667 2090 fignavi,

295 2115 436 2156 rogatus
454 2114 489 2143 et
507 2106 698 2154 requisitus,
725 2105 762 2139 in
779 2104 883 2139 fidem
903 2109 938 2139 et
955 2103 1185 2139 testimonium
1207 2102 1361 2137 veritatis
1379 2101 1533 2134 omnium
1554 2106 1589 2135 et
1606 2100 1667 2135 fin.

294 2167 457 2213 guloruln
475 2163 727 2215 premissorum.

1240 2212 1423 2247 XVilelmus
1449 2212 1618 2248 Steward.
