1911 2693
60 513 311 538 &communicationis

72 546 210 569 fulminatio.

55 852 243 879 Aggravationes.

340 296 410 335 9296
746 294 1060 331 REGISTRUM
1089 294 1428 333 MONASTERII

334 392 523 438 juriatores
541 396 576 425 et
594 390 767 425 debitores
784 389 1020 437 quoscunque,
1054 404 1194 428 necnon
1225 393 1379 428 fautores
1409 393 1603 428 eorundem
1620 393 1764 431 scientes
1782 401 1817 431 et

339 448 442 481 etiam
461 445 726 487 consentientes,
755 459 842 492 quos
860 452 894 481 et
911 446 1064 494 ipsorum
1091 449 1293 495 quemlibet,
1327 449 1421 484 dicta
1439 450 1607 484 canonica
1624 452 1817 486 monitione

337 501 507 549 premiffa,
527 503 563 536 in
580 502 645 536 hiis
662 501 794 549 scriptis
813 503 917 537 etiam
936 515 1075 538 exnunc
1093 510 1199 551 prout
1212 510 1342 540 extunc
1360 511 1395 540 et
1412 511 1542 540 extunc
1555 511 1661 553 prout
1679 519 1818 542 exnuncv

337 559 547 593 auctoritate
564 558 679 593 nostra
696 559 932 606 ymmoverius
950 559 1134 606 apostolica
1161 561 1514 602 excommunicamus,
1543 562 1749 597 mandantes
1768 564 1816 611 ip-

336 616 387 649 sos
405 615 724 649 excommunicatos
741 615 951 649 auctoritate
970 615 1155 662 apostolica
1172 617 1330 664 predi&a
1357 617 1495 664 publice
1513 618 1672 652 nunciari
1691 618 1815 664 quous-

335 684 402 716 que
420 671 463 705 de
481 671 629 706 emenda
647 671 821 717 condigna
839 671 1066 706 satisfecerint
1085 678 1326 719 competenter
1344 678 1379 707 et
1397 673 1622 708 absolutionis
1640 673 1698 708 sue
1712 675 1815 709 bene-

336 727 453 761 ficium
472 728 666 762 meruerint
681 727 852 761 obtinere.
905 727 952 761 Et
969 726 992 761 fi
1009 726 1125 761 forsan
1144 728 1273 763 dietam
1293 729 1664 763 excommunicationis
1681 728 1817 765 senten-

336 784 418 817 tiam
437 796 500 830 per
517 783 715 830 quindecim
737 784 808 817 dies
826 782 1061 824 sustinuerint,
1091 784 1208 818 animo
1226 784 1286 819 suo
1305 785 1465 831 nequiter
1484 785 1660 826 indurato,
1687 786 1816 821 dictam

335 839 538 874 sententiam
558 839 928 874 excommunicationis
947 840 1156 874 auctoritate
1175 840 1386 887 presentium
1415 841 1452 875 in
1480 840 1569 888 ipsos
1600 846 1634 876 et
1664 842 1815 888 ipsorum

335 896 525 941 quemlibet
542 909 782 942 aggravamus,
815 895 967 942 ipsosque
998 901 1032 930 et
1062 896 1252 942 quemlibet
1270 896 1423 943 ipsorum
1441 897 1762 931 excommunicatos
1780 903 1814 931 et

334 958 540 998 aggravatos
558 953 767 987 auctoritate
786 952 969 1000 apostolica
987 953 1023 986 in
1042 953 1159 987 vestris
1178 952 1335 994 ecclefiis,
1367 953 1665 1000 quotienscunque
1685 966 1746 988 vos
1766 954 1814 988 di-

334 1010 415 1043 vina
432 1011 618 1056 contigerit
635 1011 821 1051 celebrare,
842 1016 896 1045 ter
915 1011 949 1044 in
968 1009 1063 1045 miffa
1082 1009 1401 1044 excommunicatos
1420 1014 1454 1043 et
1471 1014 1689 1055 aggravatos,
1723 1022 1813 1044 cam-

333 1066 429 1112 panis
447 1065 599 1112 pulsatis,
633 1067 788 1102 candelis
809 1067 973 1102 extinEHS
1004 1072 1038 1100 et
1068 1067 1104 1100 in
1131 1073 1260 1100 terram
1279 1066 1456 1113 projectiS,
1483 1065 1622 1112 publice
1640 1066 1813 1100 nuncietis

332 1128 366 1154 et
385 1122 543 1156 nunciati
562 1122 705 1156 faciatis.
759 1124 856 1164 Quas
882 1122 1069 1157 sententias
1096 1121 1466 1156 excommunicationis
1493 1125 1527 1154 et
1554 1121 1813 1166 aggravationis

332 1178 365 1210 in
386 1176 473 1223 ipsos
492 1184 526 1211 et
545 1178 734 1223 quemlibet
753 1178 903 1225 ipsorum
922 1179 1008 1212 latas
1035 1177 1057 1211 fi
1086 1190 1148 1225 per
1177 1177 1297 1211 decem
1317 1176 1402 1210 alios
1420 1176 1492 1210 dies
1510 1174 1743 1216 sustinuerint,
1775 1177 1811 1210 in

325 1233 578 1279 juiisdicfionis
597 1234 814 1269 eccleliastice
833 1240 1073 1281 contemptum
1094 1239 1127 1267 et
1145 1233 1338 1266 animalum
1358 1231 1497 1266 suarum
1516 1231 1723 1278 periculum,
1743 1232 1810 1266 dic-

330 1296 381 1323 tas
399 1289 585 1324 sententias
603 1291 972 1325 excommunicationis
991 1296 1025 1324 et
1043 1288 1299 1336 aggravationis
1315 1288 1349 1321 in
1364 1286 1453 1334 ipsos
1468 1293 1501 1321 et
1521 1286 1674 1334 ipsorum
1693 1300 1810 1333 quem-

330 1346 414 1380 libet
433 1346 517 1380 latas
535 1352 575 1380 ut
592 1347 1049 1393 plemittitur,ai16toritate
1067 1345 1252 1393 apostolica
1270 1344 1391 1378 nobis
1385 1356 1418 1377 in
1433 1344 1496 1378 hac
1507 1349 1606 1391 parte
1621 1342 1806 1384 commiffa,

330 1403 536 1448 inquantum
554 1403 678 1437 fortius
705 1410 739 1438 et
758 1402 932 1438 solennius
950 1401 1137 1450 pofliinmS‚
1157 1407 1280 1435 tenore
1299 1399 1510 1447 presentium
1528 1412 1807 1446 reaggravamus.

330 1458 619 1506 Archiepiicopos
637 1473 721 1494 vero
740 1466 774 1494 et
794 1459 971 1507 episcopos
990 1465 1024 1494 et
1042 1471 1163 1494 eornm
1183 1458 1383 1504 quemlibet,
1404 1457 1527 1504 quibus
1542 1457 1586 1491 ob
1587 1427 1808 1504 &pontificalis

329 1515 505 1560 dignitatis
524 1517 754 1550 reverentiam
776 1516 911 1550 deferre
929 1515 1103 1555 volumus,
1125 1515 1219 1549 (1ὶᾶὶᾶ
1237 1514 1405 1548 canonica
1422 1514 1615 1548 monitione
1634 1511 1804 1560 premissa,

328 1570 364 1603 in
384 1571 448 1604 hiis
466 1570 598 1617 scriptis
617 1571 743 1605 eisdem
763 1570 950 1618 ingreffum
970 1570 1107 1606 ecclesie
1136 1571 1385 1604 interdicimus.
1438 1570 1473 1604 Si
1491 1582 1576 1604 vero
1609 1568 1805 1616 hujusmodi

326 1626 553 1660 interdictum
584 1626 626 1660 ab
653 1626 804 1673 ingreffu
823 1626 961 1662 ecclefie
979 1639 1041 1674 per
1059 1626 1145 1660 alios
1162 1626 1219 1660 sex
1238 1626 1310 1660 dies
1328 1625 1526 1659 immediate
1546 1625 1659 1659 diistos
1684 1625 1804 1660 decem

325 1682 397 1715 dies
416 1682 597 1728 sequentes
614 1683 846 1723 sustinuerint,
880 1683 974 1717 dieta
991 1682 1083 1716 trina
1114 1688 1148 1716 et
1178 1683 1345 1716 canonica
1363 1682 1556 1716 monitione
1585 1680 1754 1728 premiffa,
1785 1695 1804 1715 a

323 1738 447 1772 divinis
466 1738 711 1785 suspendimus.
763 1739 898 1774 Verum
917 1738 941 1772 fi
958 1739 1107 1786 prefatas
1125 1738 1320 1785 hujusmodi
1336 1738 1514 1772 interdieti
1529 1743 1563 1772 et
1576 1737 1802 1785 suspensionis

322 1794 507 1828 sententias
526 1807 586 1840 per
604 1795 689 1829 alios
707 1795 763 1829 sex
782 1796 853 1830 dies
871 1795 1067 1829 antedictos
1085 1795 1255 1829 sexdecim
1284 1794 1355 1829 dies
1381 1795 1580 1829 immediate
1608 1795 1799 1840 sequentes,

323 1862 409 1894 quos
428 1850 530 1884 etiam
550 1850 676 1885 eisdem
695 1858 730 1885 et
748 1865 870 1886 eorum
889 1852 1000 1891 alteri,
1031 1851 1124 1885 trina
1154 1857 1188 1886 et
1219 1851 1387 1885 canonica
1416 1851 1610 1885 monitione
1628 1850 1797 1898 premiffa,

322 1918 385 1951 pro
405 1906 565 1940 omnibus
584 1907 806 1941 dilationibus
824 1906 1041 1953 affignamUS,
1061 1907 1189 1947 animo,
1220 1907 1314 1953 quod
1333 1905 1427 1947 abfit,
1458 1907 1681 1941 sustinuerint
1700 1908 1800 1941 indu-

323 1968 408 2001 rato,
429 1962 465 1995 in
484 1962 547 1996 hiis
565 1963 697 2010 scriptis
716 1964 1083 2005 excommunicamus,
1104 1963 1200 1997 vobis
1212 1964 1417 1997 mandantes
1436 1968 1470 1997 et
1488 1963 1720 2010 precipientes
1737 1963 1797 1997 sub

320 2018 417 2063 penis
435 2018 601 2064 predststis
619 2020 781 2065 quatinus
799 2020 886 2066 ipsos
916 2018 958 2053 fic
988 2032 1050 2066 pel
1080 2031 1143 2052 nos
1175 2019 1505 2059 excommunicatos,
1538 2024 1744 2064 aggravatos
1762 2025 1797 2053 et

320 2079 566 2119 maggravatos
583 2080 622 2108 ut
640 2074 837 2122 premissum
857 2075 912 2114 est,
933 2075 1047 2122 palam
1067 2079 1100 2108 et
1118 2074 1255 2121 publice
1274 2074 1447 2109 nuncietis
1466 2081 1501 2109 et
1520 2075 1677 2108 nunciari
1696 2075 1794 2109 facia-

319 2129 371 2168 tis,
407 2129 601 2164 inhibentes
620 2131 781 2165 omnibus
798 2131 1035 2178 parrochianis
1066 2136 1100 2164 et
1131 2130 1272 2165 subditis
1290 2131 1407 2166 vestris
1434 2130 1494 2165 sub
1522 2131 1620 2178 penis
1639 2131 1794 2178 superius

319 2184 407 2225 latis,
427 2197 471 2219 ne
490 2186 666 2227 molendo,
687 2187 880 2233 coquendo,
902 2187 1100 2227 mercand0,
1114 2184 1177 2221 'vel
1195 2187 1278 2221 alias
1297 2186 1535 2233 quovismodo,
1569 2200 1648 2222 cum
1666 2186 1741 2234 ipfis
1759 2194 1792 2221 et

319 2240 473 2284 quolibet
491 2242 641 2288 ipsorum
660 2243 881 2290 participent,
905 2241 966 2277 nisi
983 2244 1019 2277 in
1037 2242 1165 2277 casibus
1183 2256 1203 2277 a
1215 2243 1297 2290 jure
1315 2243 1493 2290 premissis.
1546 2244 1653 2285 Quod
1671 2242 1694 2277 fi
1712 2256 1792 2278 con-

319 2297 462 2331 trarium
478 2298 583 2343 aliqui
598 2298 709 2333 facere
725 2300 854 2346 reperti
872 2299 1012 2339 suerint,
1032 2299 1120 2346 ipsos
1139 2299 1249 2334 dictas
1262 2299 1447 2334 sententias
1462 2298 1640 2334 incurriffe
1659 2300 1790 2333 denun-

319 2353 423 2387 cietis.
479 2353 524 2387 Et
542 2352 564 2386 fi
582 2354 694 2388 adhuc
713 2360 877 2400 tanquam
895 2355 1050 2394 heretici,
1084 2355 1201 2390 Deum
1221 2369 1283 2402 pre
1302 2356 1410 2390 oculis
1429 2368 1501 2390 non
1519 2355 1694 2396 habentes,
1715 2368 1789 2402 pre-
