1870 2683
213 284 282 316 388
612 279 926 315 REGISTRUM
956 280 1293 317 MONASTERII

212 378 301 412 infra
328 389 475 423 regnum
508 375 633 415 Scotie,
665 375 784 416 libere,
817 376 960 410 nomine
978 377 1203 420 feudifirme;
1232 383 1267 412 et
1292 379 1451 415 faciendo
1479 382 1582 417 etiam
1607 384 1689 418 inde

213 434 392 467 annuatim
412 445 451 466 ea
469 444 535 477 que
556 432 598 465 de
611 432 692 477 jure
711 431 767 465 vel
786 430 1037 467 consuetudine
1050 433 1153 467 alicui
1169 434 1225 468 vel
1237 434 1408 480 aliquibus
1423 437 1595 472 debentur
1607 452 1692 484 quo-

213 489 401 535 quomodo.
455 488 561 528 Quod
581 488 721 533 quidem
741 487 948 533 burgagium
968 501 1047 523 cum
1067 490 1228 524 omnibus
1241 490 1308 524 suis
1322 493 1542 538 pertinentiis
1559 499 1599 527 ut
1615 507 1691 541 pre-

214 545 345 578 di6tum
366 543 412 578 est
430 543 514 577 dieti
538 544 654 577 Abbas
675 549 709 577 et
728 550 922 578 conventus
950 550 984 579 et
1011 557 1131 579 eorum
1151 544 1355 581 succefl'ores
1373 549 1508 595 prefato
1527 549 1690 591 Patricio,

212 600 397 634 heredibus
415 599 482 633 suis
500 605 535 634 et
553 599 725 646 affignatis
744 606 867 635 contra
886 613 1006 635 omnes
1024 602 1188 636 mortales
1207 604 1495 645 warantizabunt‚
1520 606 1692 651 acquieta-

212 659 300 692 bunt
319 663 353 692 et
371 658 560 692 defendent
579 658 850 705 imperpetuum.
902 658 963 692 Ad
981 670 1047 702 que
1067 658 1184 692 omnia
1211 663 1245 692 et
1276 657 1408 705 lingula
1425 659 1586 707 premifl'a
1603 661 1691 696 bene

212 720 246 748 et
265 714 414 748 fideliter
433 714 601 754 facienda,
634 715 787 748 tenenda
805 720 840 748 et
858 713 1072 748 observanda
1101 714 1214 747 modis
1241 715 1402 749 omnibus
1427 717 1552 762 quibus
1577 716 1689 763 supra,

210 777 357 816 utraque
376 770 525 817 partium
546 768 783 817 premiffarum
805 771 898 804 istam
920 769 1189 804 conventionem
1217 770 1429 805 antedifitam
1461 772 1621 806 alterutri
1646 773 1691 806 ir-

209 826 461 872 refragabiliter
479 825 631 873 promifit
650 826 842 861 observare.
896 826 992 861 Parti
1015 838 1096 859 vero
1115 825 1218 872 hujus
1244 824 1359 874 scripti
1393 828 1565 862 indentati
1583 841 1690 875 penes

211 883 323 916 dic‘tos
343 882 518 916 Abbatem
537 888 571 916 et
590 888 802 916 conventum
831 888 865 917 et
894 896 1017 917 eorum
1035 882 1240 918 succefl'ores
1258 886 1454 919 remanenti
1472 884 1619 931 sigillum
1638 899 1690 920 re-

209 939 354 973 verendi
372 939 437 973 viri
457 938 672 973 discretionis
691 938 839 985 magistri
858 939 1030 974 Johannis
1049 940 1187 974 Frostar
1206 940 1362 974 officialis
1380 942 1475 976 curie
1495 941 1689 988 Glasguen-

210 994 260 1035 fis,
280 995 323 1028 ad
341 995 509 1042 majorem
530 995 739 1029 evidentiam
768 1008 829 1041 per
848 996 1020 1042 prefatum
1042 996 1231 1030 Patricium
1250 1009 1328 1030 cum
1348 997 1507 1031 instantia
1525 1011 1688 1044 procura-

209 1057 296 1091 tum,
329 1052 365 1084 in
384 1051 523 1085 defectu
543 1049 640 1097 figilli
659 1051 706 1085 sui
726 1052 858 1098 proprii
877 1051 923 1085 est
940 1051 1140 1098 appensum,
1169 1065 1262 1086 anno
1281 1058 1315 1086 et
1334 1053 1388 1087 die
1407 1052 1623 1100 supradictis,
1651 1055 1687 1087 in

209 1120 358 1153 quorum
388 1107 545 1141 omnium
578 1113 611 1141 et
642 1106 856 1153 fingulorum
889 1107 1122 1141 testimonium
1152 1107 1393 1154 premiflbrum
1409 1123 1419 1151 3
1454 1110 1516 1143 hiis
1546 1109 1686 1144 testibus

211 1164 328 1197 Adam
350 1162 475 1196 Mason
495 1163 632 1202 ballivo,
655 1162 819 1197 Wilelmo
839 1163 1024 1203 Nicholao,
1045 1163 1209 1198 Johanne
1229 1164 1375 1198 Bochok
1406 1170 1440 1199 et
1459 1165 1600 1200 Thoma
1620 1165 1686 1201 La-

208 1219 361 1260 birdaeh,
382 1218 606 1265 burgenfibus
626 1219 725 1265 burgi
746 1219 788 1253 de
808 1218 952 1265 Glasgw
969 1218 1168 1267 supradicti.

210 1389 484 1424 Instrumentum
503 1391 722 1425 alienationis
742 1391 783 1425 de
802 1396 1005 1425 tenemento
1025 1390 1180 1425 Mariote
1200 1391 1354 1426 Wilelmi
1372 1393 1408 1427 in
1427 1392 1582 1439 Glasgw.

208 1502 264 1536 IN
293 1502 386 1536 DEI
416 1502 631 1538 NOMINE
664 1503 793 1537 Amen.
848 1503 915 1537 Per
943 1504 1009 1537 hoc
1039 1503 1178 1550 presens
1208 1504 1385 1551 publicum
1416 1505 1682 1541 instrumentum

205 1559 340 1592 cunctis
359 1564 475 1605 pateat
494 1559 676 1593 evidenter
694 1559 787 1605 quod
806 1572 899 1593 anno
914 1560 1162 1594 incarnationis
1175 1561 1348 1595 dominice
1361 1564 1404 1595 ΜΟ
1418 1563 1525 1596 0000ο
1538 1568 1684 1596 Lxxvn⁰

205 1615 439 1648 decimonono
458 1615 513 1648 die
532 1614 653 1648 menfis
674 1614 772 1655 Maii,
807 1615 1000 1650 indictione
1019 1616 1162 1656 decima,
1192 1617 1414 1663 pontificatus
1432 1616 1627 1651 sanetiflimi
1644 1618 1681 1652 in

206 1670 341 1704 Christo
360 1671 467 1717 patris
486 1676 519 1704 et
538 1670 669 1704 domini
690 1671 821 1704 domini
843 1671 946 1705 nostri
966 1672 1052 1706 Sixti
1071 1673 1189 1706 divina
1206 1673 1426 1719 providentia
1453 1686 1541 1720 pape
1566 1674 1681 1720 quarti

203 1739 297 1761 anno
316 1733 422 1767 lexto‚
443 1727 478 1760 in
498 1727 565 1761 mei
583 1727 711 1760 notarii
729 1727 857 1774 publici
877 1732 910 1761 et
928 1726 1195 1775 iubscriptorum
1215 1729 1350 1763 testium
1377 1729 1549 1777 presentia
1566 1729 1679 1776 perso-

203 1783 329 1817 naliter
348 1782 532 1817 constituta
552 1783 707 1817 Mariota
728 1783 893 1823 wilelmi,
914 1796 986 1818 non
1004 1785 1037 1818 vi
1052 1790 1112 1818 ant
1131 1791 1226 1819 metu
1245 1786 1351 1820 ducta
1366 1799 1430 1820 nec
1442 1799 1561 1820 errore
1575 1787 1677 1833 lapsa,

202 1853 281 1873 cum
300 1838 456 1886 expreffo
475 1838 641 1873 consensu
671 1845 704 1873 et
735 1838 865 1873 affensu
884 1839 1055 1874 Johannis
1076 1841 1228 1875 wilelmi
1247 1843 1360 1876 mariti
1391 1842 1441 1876 sui
1472 1848 1506 1877 et
1538 1843 1678 1878 Patricii

201 1897 263 1930 filii
281 1896 341 1937 sui,
374 1897 532 1931 vendidit
550 1910 588 1931 ac
605 1897 710 1931 titulo
728 1897 939 1931 venditionis
970 1910 989 1931 a
1016 1897 1048 1931 se
1068 1904 1102 1931 et
1121 1898 1306 1932 heredibus
1331 1897 1398 1932 suis
1424 1911 1488 1945 pro
1506 1905 1677 1946 perpetuo

201 1953 364 1990 alienavit
383 1954 543 2000 magistro
561 1954 584 1989 J
587 1954 715 1988 ohanni
737 1954 926 2000 Akynhed,
954 1953 1139 1988 heredibus
1158 1953 1224 1988 suis
1242 1960 1276 1988 et
1294 1954 1360 1988 suis
1378 1952 1549 2001 affignatis
1566 1961 1675 1990 totam

201 2016 235 2044 et
253 2011 425 2056 integram
444 2011 695 2045 dimidietatem
713 2012 816 2045 unius
835 2010 1025 2045 tenementi
1045 2022 1122 2044 cun]
1140 2010 1370 2057 pertinentiiS,
1391 2023 1470 2045 cum
1485 2023 1556 2045 una
1570 2012 1675 2046 domo

199 2066 340 2100 alterius
359 2067 465 2113 partis
484 2067 568 2101 dicti
587 2068 790 2107 tenementi,
805 2067 982 2114 jacentem
1002 2078 1045 2100 ex
1058 2071 1157 2112 parte
1169 2066 1301 2100 boreali
1320 2067 1468 2101 civitatis
1480 2067 1674 2114 Glasguen-

199 2120 248 2161 fis,
268 2120 326 2155 fibi
339 2122 420 2168 jure
438 2123 650 2157 hereditario
670 2123 895 2170 spectantem,
916 2123 1007 2156 inter
1024 2128 1135 2156 terras
1157 2121 1295 2156 Helene
1314 2122 1458 2157 Vilelmi
1477 2123 1602 2158 sororis
1616 2124 1674 2159 sue

198 2177 396 2223 personarie
415 2179 499 2212 diffi
518 2180 709 2213 tenementi
729 2193 771 2213 ex
790 2185 888 2226 parte
907 2178 1124 2218 occidentali,
1155 2183 1189 2212 et
1216 2183 1326 2212 terras
1359 2179 1508 2213 Roberti
1527 2179 1674 2215 Browis-

198 2233 289 2267 wald
308 2246 349 2266 ex
368 2240 465 2280 parte
484 2235 656 2275 orientali,
677 2248 740 2281 pro
760 2234 939 2269 sexdecem
958 2234 1082 2268 marcis
1101 2239 1136 2268 et
1155 2235 1237 2268 οὸὶο
1255 2233 1370 2269 solidis
1388 2234 1514 2269 usualis
1533 2241 1672 2270 monete

198 2289 296 2335 regni
317 2288 432 2324 Scotie
450 2288 508 2323 fibi
527 2304 587 2337 pre
606 2291 764 2325 manibus
792 2297 827 2325 et
856 2290 917 2325 suo
937 2291 1061 2325 marito
1092 2291 1129 2324 in
1160 2303 1282 2325 eorum
1309 2292 1449 2338 urgenti
1475 2290 1671 2326 neceffitate

196 2344 351 2393 plenarie
370 2350 404 2379 et
423 2345 557 2392 integre
575 2346 758 2393 persolutis
772 2348 805 2381 in
818 2348 966 2394 pecunia
977 2352 1160 2382 numerata
1173 2359 1236 2394 per
1249 2347 1452 2394 predictum
1471 2346 1669 2392 magistrum
