1839 2652
173 268 243 303 246
572 267 887 304 REGISTRUM
917 267 1257 302 MONASTERII

177 372 231 400 ter
249 365 462 404 examinatis,
494 369 528 397 et
556 376 678 398 eorum
696 364 831 399 testium
851 362 1128 398 attestationibus
1154 363 1191 396 in
1217 362 1349 410 scriptis
1367 364 1516 398 redactis
1548 370 1582 399 et
1614 365 1656 399 de

180 422 359 456 voluntate
378 420 528 467 partium
546 419 766 466 postmodum
784 419 967 467 publicatis
983 433 992 461 3
1022 418 1161 453 tandem
1180 418 1249 466 ipse
1279 424 1406 466 partes,
1434 420 1659 455 ulterioribus

180 476 453 524 probationibus,
468 475 617 523 juribus,
637 476 829 510 rationibus
847 481 882 510 et
899 475 1166 521 allegationibus
1181 475 1403 522 imposterum
1422 476 1587 510 faciendis
1603 489 1662 523 pe-

182 536 275 569 nitus
293 533 550 573 renunciantes,
578 533 614 566 in
633 531 704 580 ipsa
722 531 821 567 causa
839 543 956 567 coram
976 531 1079 565 dictis
1098 529 1335 565 commiffariis
1353 531 1475 566 nostris
1493 532 1664 566 unanimi-

182 598 236 625 ter
253 588 510 625 concluserunt.
562 588 639 623 Nos
657 589 764 635 igitur
784 588 968 623 Wilelmus
986 588 1164 636 episcopus
1182 590 1350 637 prefatus,
1370 588 1446 624 vifis
1465 594 1499 623 et
1517 589 1663 635 diligen-

183 653 237 681 ter
256 644 476 681 confideratis
494 645 656 680 omnibus
674 651 709 680 et
726 644 866 692 singulis
883 645 1051 692 premiffis
1065 653 1100 682 et
1113 647 1188 681 aliis
1204 646 1302 682 cause
1314 647 1457 688 meritis,
1473 648 1665 682 communi-

185 709 261 737 cato
279 702 381 750 super
398 702 463 736 hiis
483 701 765 749 jurisperitorum
785 701 925 737 confilio
944 709 978 738 et
995 702 1125 744 secuto,
1158 709 1296 738 matura
1321 702 1572 738 deliberatione
1590 715 1666 749 pre-

182 760 309 800 habita,
332 759 401 793 Dei
419 759 562 793 nomine
580 759 755 799 invocato,
775 758 992 806 presentibus
1010 760 1113 794 dicitis
1130 760 1286 807 partibus
1306 760 1340 793 in
1358 759 1510 793 termino
1523 759 1565 793 ad
1576 759 1667 794 hanc-

184 815 332 850 nostram
352 814 556 850 sententiam
575 814 785 849 audiendam
804 814 931 849 eisdem
949 816 1105 863 partibus
1123 814 1302 862 asfignato,
1335 813 1582 851 affedationem
1601 816 1668 850 fac-

182 879 253 908 tam
273 872 449 907 dictorum
466 872 646 906 fru6huun
665 884 728 918 per
756 871 937 906 dominum
958 872 1151 906 Ricardum
1180 871 1325 906 Bothuil
1351 871 1486 918 prefato
1507 871 1667 905 Roberto

186 929 287 976 Boyd
304 941 369 976 pro
387 927 545 962 terminis
562 925 620 961 sex
637 940 823 967 annorum,
839 928 897 973 qui
913 927 1183 975 complebuntur
1201 928 1237 961 in
1255 927 1338 962 festo
1358 928 1568 962 &infitorum
1590 927 1669 961 Phi-

184 986 269 1033 lippi
288 991 323 1019 et
340 984 463 1019 Jacobi
481 984 563 1018 anni
584 983 730 1017 Domini
749 983 917 1018 niillefimi
943 984 1273 1032 quadringentesimi
1291 984 1573 1032 quinquagesimi,
1602 984 1668 1019 effe

185 1042 334 1076 validam
356 1047 389 1075 et
407 1040 505 1075 suum
525 1039 679 1074 debitum
698 1038 812 1073 sortiri
831 1040 995 1075 effectum
1023 1042 1241 1076 decrevimus
1272 1048 1307 1076 et
1332 1040 1584 1076 sententialiter
1611 1042 1668 1075 de-

187 1099 382 1140 claramus3
411 1109 451 1131 ac
469 1108 590 1131 01111105
616 1095 699 1130 alias
729 1096 864 1130 litteras
890 1097 985 1133 (11ἃο
1016 1097 1176 1133 Roberto
1196 1097 1297 1145 Boyd
1327 1096 1429 1145 super
1459 1096 1669 1132 affedatione

187 1154 362 1188 diGtorum
382 1153 563 1187 frufituuin
581 1152 689 1186 fafitas
707 1165 770 1199 per
787 1152 1011 1200 quoscunque
1030 1154 1126 1195 alios,
1157 1154 1375 1189 decrevimus
1403 1152 1469 1189 effe
1500 1154 1669 1188 invalidas

188 1218 223 1246 et
239 1210 369 1245 nullius
389 1209 523 1243 roboris
541 1209 596 1243 vel
616 1210 797 1244 momenti.
851 1210 1028 1258 Expensas
1047 1223 1130 1245 vero
1158 1211 1193 1244 in
1220 1209 1417 1257 hujufinodi
1445 1209 1545 1244 caula
1561 1210 1670 1244 factas

187 1269 280 1302 inter
298 1267 408 1301 (116135
426 1271 541 1313 partes
559 1266 730 1312 equaliter
748 1266 967 1301 decrevimus
986 1266 1311 1314 recompensandas.
1364 1266 1477 1301 Le&a
1494 1266 1563 1300 lata
1582 1272 1616 1301 et
1635 1267 1670 1300 in

188 1323 320 1370 scriptis
338 1322 560 1369 promulgata
577 1322 643 1356 fuit
670 1322 735 1356 hec
760 1322 877 1356 nostra
901 1321 1072 1357 sententia
1101 1324 1137 1357 in
1169 1322 1309 1358 ecclesia
1336 1323 1452 1357 nostra
1481 1323 1671 1357 cathedrali

189 1377 405 1425 Glasgwenfi
436 1378 491 1413 die
521 1377 694 1412 Mercurii
711 1376 870 1413 vicefima
897 1379 1001 1413 tertia
1032 1379 1167 1427 Aprilis
1194 1392 1288 1414 anno
1317 1379 1465 1414 Domini
1491 1378 1673 1414 millesimo

190 1433 530 1482 quadringentesimo
548 1432 809 1480 quadragefimo
827 1447 935 1469 nono.
989 1435 1033 1470 In
1052 1436 1150 1483 cujus
1168 1436 1219 1471 rei
1237 1435 1470 1470 testimonium
1498 1434 1674 1483 presentes

191 1493 324 1527 litteras
342 1491 491 1525 nostram
507 1490 705 1537 hujusmodi
724 1490 929 1525 sententiam
949 1493 985 1526 in
1003 1491 1035 1527 se
1054 1492 1275 1527 continentes
1293 1492 1369 1526 fieri
1386 1491 1542 1531 fecimus,
1562 1503 1601 1525 ac
1612 1504 1675 1538 per

191 1550 369 1584 notarium
388 1548 566 1596 publicum
585 1546 746 1584 subscribi
765 1554 800 1582 et
817 1548 986 1596 publicari
1001 1548 1254 1588 mandavimus,
1275 1547 1449 1593 nostrique
1461 1546 1559 1593 figilli
1571 1560 1676 1594 apen-

192 1605 285 1640 fione
298 1604 458 1652 juffimus
475 1604 696 1638 communiri.
749 1604 884 1638 Datum
903 1610 938 1639 et
956 1605 1074 1639 actum
1093 1605 1182 1646 loco,
1204 1605 1259 1639 die
1274 1610 1308 1640 et
1322 1618 1415 1639 anno
1427 1599 1673 1652 suprascriptis,

194 1662 388 1696 induitione
407 1661 624 1701 duodecima,
653 1661 876 1707 pontificatus
894 1659 1090 1695 sanctissimi
1121 1661 1156 1694 in
1189 1660 1326 1695 Christo
1344 1661 1450 1708 patris
1479 1667 1514 1695 et
1543 1661 1677 1695 domini

196 1718 303 1752 nostri
322 1717 455 1752 domini
474 1716 638 1751 Nicholai
657 1716 775 1750 divina
791 1717 1013 1764 providentia
1030 1730 1117 1764 pape
1144 1718 1258 1763 quinti
1285 1730 1379 1752 anno
1397 1716 1572 1760 secund03
1600 1730 1677 1764 pre-

195 1774 348 1810 sentibus
368 1774 493 1808 ibidem
513 1773 687 1807 nobilibus
705 1778 740 1807 et
758 1773 1015 1821 circumspectis
1033 1774 1115 1807 viris
1134 1774 1283 1808 dominis
1298 1779 1332 1808 et
1347 1772 1526 1819 magistris,
1543 1772 1677 1808 Jacobo

196 1832 239 1865 (10
260 1830 456 1877 Hamylton
475 1830 618 1864 domino
638 1828 790 1876 ejusdem
809 1829 930 1870 milite,
960 1829 1124 1864 Gilberto
1143 1829 1186 1864 de
1206 1829 1298 1864 Park
1317 1829 1446 1864 vicario
1466 1829 1509 1863 de
1527 1828 1679 1863 Dundo-

197 1887 280 1922 nald
298 1886 496 1921 bachalario
516 1886 551 1920 in
570 1886 729 1925 decretis,
750 1885 958 1920 Alexandro
978 1885 1128 1920 Stewart
1147 1886 1189 1920 de
1211 1884 1316 1926 Raiff,
1338 1885 1495 1920 Waltero
1514 1884 1677 1924 Stewart,

198 1943 377 1983 scutiferis,
398 1948 432 1977 et
449 1942 472 1978 J
475 1942 613 1977 ohanne
632 1941 675 1975 de
696 1941 862 1976 Restown
876 1942 1006 1976 vicario
1026 1941 1068 1976 de
1092 1941 1242 1988 Kylbrid
1260 1941 1461 1989 presbitero,
1481 1940 1620 1976 testibus
1635 1942 1678 1974 ad

198 1997 359 2047 premissa
379 1999 510 2033 vocatis
530 1997 724 2045 specialiter
742 2004 777 2032 et
794 1998 935 2043 rogatis.

297 2056 344 2090 Et
362 2068 427 2102 ego
446 2055 627 2091 ,Iohannes
646 2054 688 2088 de
719 2054 862 2100 Hawyk
886 2053 1053 2101 presbiter
1081 2052 1312 2101 Glasgwenfis
1338 2052 1489 2094 diocefis,
1520 2053 1678 2101 publicus

296 2112 506 2147 au&oritate
526 2111 695 2158 imperiali
712 2111 881 2150 notarius,
903 2110 945 2144 de
970 2110 1135 2145 mandato
1154 2110 1239 2145 dieti
1258 2110 1391 2144 domini
1411 2109 1582 2157 Episcopi,
1602 2122 1679 2157 pre-

298 2168 410 2203 sentes
427 2168 560 2202 litteras
586 2167 729 2202 alterius
759 2179 866 2201 manu
884 2166 1025 2213 scriptas
1050 2167 1225 2214 publicavi
1255 2171 1290 2200 et
1320 2166 1355 2200 in
1387 2166 1475 2200 hanc
1505 2165 1677 2212 publicam

299 2225 447 2258 formam
466 2224 597 2270 redegi,
616 2222 781 2270 signoque
800 2235 878 2257 meo
897 2221 996 2257 solito
1015 2236 1070 2257 me
1088 2221 1331 2257 subscribendo
1350 2220 1490 2268 signavi,
1522 2221 1579 2267 qui
1598 2233 1676 2255 cum

300 2282 550 2329 prenominatis
569 2281 709 2316 testibus
727 2279 865 2328 presens
884 2279 1024 2314 interfui
1044 2279 1079 2312 in
1098 2278 1259 2312 omnibus
1276 2276 1453 2324 premiffis,
1484 2282 1626 2323 rogatus
1644 2282 1677 2310 et

300 2337 491 2384 1·equifituS‚
513 2339 547 2372 in
566 2338 670 2372 fidem
690 2344 724 2372 et
742 2336 976 2372 testimonium
996 2335 1152 2370 omnium
1171 2332 1425 2381 premifforum.
