1870 2683
202 287 272 325 372
600 277 913 314 REGISTRUM
942 276 1282 312 MONASTERII

202 379 336 413 Mirino
355 378 397 411 de
418 374 550 410 Pafleto
582 380 616 409 et
646 373 824 408 monachis
842 373 968 407 ibidem
988 372 1069 407 Deo
1097 371 1324 407 servientibus
1355 377 1390 407 et
1419 373 1675 421 imperpetuum

201 433 387 471 servituris,
409 431 451 465 de
470 430 612 464 dimidia
628 435 728 476 petra
746 441 824 463 cere
842 428 885 462 ad
902 428 1024 463 festum
1043 428 1164 463 Sanc'ti
1184 428 1309 462 Mirini
1324 428 1366 463 de
1380 429 1489 463 firmis
1505 435 1678 464 terrarum

200 490 339 524 suarum
369 487 411 521 de
444 485 613 533 Ryssiolm
636 497 698 532 per
717 485 830 519 dictos
848 483 1026 530 religiosos
1056 484 1236 518 annuatim
1263 484 1486 532 percipienda
1512 485 1681 532 imperpe-

202 551 314 579 tuum.
367 542 626 577 Confirmamus
644 540 784 588 insuper
802 540 953 575 caritatis
984 540 1113 575 intuitu
1145 534 1351 575 donatione's
1382 546 1417 575 et
1447 540 1681 576 conceffiones

200 600 274 633 illas
292 611 376 645 quas
394 597 417 634 J
420 598 574 632 ohannes
593 597 636 631 de
656 596 800 631 Kelsow
813 596 856 631 de
878 595 1103 630 Kelsowland
1120 595 1212 630 filius
1229 595 1311 630 fecit
1330 601 1364 630 et
1382 595 1544 631 conceffit
1561 597 1682 631 carita-

199 657 269 690 tive
288 654 348 689 sub
365 653 475 701 figillo
493 652 553 688 suo
572 653 654 687 Deo
673 658 707 687 et
724 653 824 687 beate
844 652 959 686 Mai-ie
977 651 1129 698 Virgini,
1150 651 1258 686 beatis
1275 652 1409 687 Jacobo
1427 658 1462 687 et
1482 652 1617 687 Mirino
1636 653 1679 687 de

202 711 334 746 Passeto
353 716 388 745 et
405 710 584 744 monachis
603 709 730 743 ibidem
749 708 830 742 Deo
848 707 1076 742 servientibus
1093 712 1127 742 et
1144 707 1403 755 imperpetuum
1420 707 1607 749 servituris,
1637 709 1680 743 de

199 767 347 813 quadam
366 766 527 814 portione
546 771 639 800 terre
658 778 737 799 cum
756 764 974 811 pertinentiis
992 776 1058 809 que
1076 763 1318 809 Langlebanlc
1335 763 1527 810 vulgariter
1545 777 1680 799 nuncu-

198 829 312 870 patur,
327 822 459 870 jacenti
478 822 514 855 in
531 821 676 855 baronia
694 821 736 855 de
756 820 785 855 C
789 820 978 866 oningham
996 819 1087 853 infra
1103 819 1384 854 vicecomitatum
1404 820 1447 855 de
1466 821 1552 861 Are,
1575 821 1680 868 juxta

198 886 327 913 terram
356 876 611 912 ecclefiasticam
640 875 778 911 ecclefie
806 875 1013 923 parochialis
1031 875 1074 909 de
1093 874 1239 922 Largys,
1272 880 1306 909 et
1336 876 1379 910 de
1410 876 1552 910 dimidia
1582 882 1680 924 petra

199 948 276 969 cere
295 935 339 968 ad
355 934 477 968 festum
497 934 616 968 Sancti
636 933 761 967 Mirini
780 933 822 967 de
840 932 948 966 firmis
965 936 1138 965 terrarum
1156 930 1294 965 suarum
1314 931 1356 965 de
1385 931 1600 966 Kelsouland
1617 945 1679 979 per

199 991 310 1024 dietos
329 989 505 1036 religiosos
523 989 703 1023 annuatim
720 987 943 1035 percipienda
960 987 1228 1033 imperpetuum.
1281 986 1493 1021 Tenendum
1506 993 1540 1022 et
1552 988 1679 1022 haben-

201 1047 283 1080 dum
304 1046 405 1080 dictis
424 1045 602 1079 monachis
620 1044 705 1078 dieti
723 1043 919 1078 monasterii
937 1041 1153 1089 presentibus
1171 1048 1205 1076 et
1223 1042 1349 1076 futuris
1367 1043 1493 1077 ibidem
1513 1043 1594 1078 Deo
1611 1044 1678 1078 ser-

198 1102 372 1137 vientibus
391 1107 425 1136 et
443 1102 700 1148 imperpetuum
719 1099 908 1139 ibrvituris,
928 1099 1061 1133 dietum
1080 1111 1236 1132 annuum
1256 1099 1431 1133 redditum
1450 1100 1680 1147 quadraginta

199 1158 421 1192 denariorum
441 1169 591 1191 unacum
611 1156 743 1190 duabus
762 1155 912 1189 dimidiis
929 1155 1035 1201 petris
1055 1167 1132 1188 cere
1150 1155 1316 1201 predictis
1343 1160 1378 1189 et
1405 1155 1499 1190 dicta
1524 1162 1617 1190 terra
1635 1157 1678 1191 de

200 1213 429 1259 Langlebank
448 1225 527 1246 cum
547 1212 765 1259 pertinentiis
779 1211 824 1245 ad
837 1223 979 1244 manum
993 1216 1168 1244 mortuam
1182 1211 1451 1257 imperpetuum,
1471 1211 1558 1245 adeo
1570 1211 1678 1247 libere

198 1276 232 1303 et
250 1270 376 1314 quiete,
396 1268 562 1315 plenarie,
583 1268 718 1313 integre
737 1272 770 1301 et
788 1266 991 1306 honorifice,
1015 1265 1103 1299 bene
1123 1271 1157 1300 et
1174 1266 1210 1299 in
1229 1279 1312 1312 pace
1331 1266 1367 1300 in
1386 1266 1545 1301 omnibus
1564 1273 1598 1301 et
1615 1281 1678 1315 per

200 1325 317 1358 munia
334 1323 418 1358 ficut
448 1324 484 1357 in
514 1324 616 1358 cartis
635 1324 811 1357 dietorum
831 1322 923 1362 Ado,
955 1321 1119 1368 Hugonis
1138 1327 1171 1356 et
1188 1321 1360 1357 Johannis
1387 1323 1488 1356 dictis
1514 1323 1678 1369 religiofis

198 1381 279 1414 inde
297 1380 465 1414 confectis
483 1380 619 1426 plenius
637 1379 861 1421 continetur3
890 1377 989 1412 salvis
1007 1378 1106 1412 nobis
1125 1384 1159 1412 et
1176 1378 1360 1413 heredibus
1375 1379 1496 1413 nostris
1515 1380 1557 1414 de
1576 1380 1677 1414 diffitis

198 1437 299 1470 terris
317 1449 395 1470 cum
415 1436 634 1482 pertinentiis
653 1435 776 1469 debitis
794 1434 939 1468 servitiis
958 1440 992 1468 et
1010 1433 1192 1469 consuetis.
1246 1435 1290 1469 In
1320 1435 1418 1482 cujus
1449 1436 1499 1470 rei
1529 1436 1676 1470 testimo-

199 1493 295 1525 nium
314 1491 463 1538 presenti
481 1497 574 1525 carte
592 1491 706 1525 nostre
725 1490 878 1525 nostrum
898 1490 1107 1537 precipimus
1125 1491 1254 1537 apponi
1270 1489 1428 1537 figillum,
1450 1491 1608 1526 Testibus
1626 1505 1677 1526 re·

198 1548 354 1581 verendo
373 1548 408 1580 in
428 1547 564 1581 Christo
583 1552 680 1593 patre
700 1547 864 1582 Gilberto
883 1545 1042 1593 episcopo
1066 1546 1304 1580 Aberdonenfi
1323 1547 1528 1581 cancellario
1547 1548 1673 1588 nostro,

201 1603 360 1637 Roberto
379 1603 467 1636 duce
488 1603 650 1643 Albanie,
671 1602 798 1636 comite
817 1602 859 1636 de
879 1602 964 1649 Fyfe
983 1607 1017 1635 et
1036 1601 1078 1635 de
1098 1600 1274 1640 Menteth,
1294 1602 1400 1637 fratre
1416 1602 1530 1637 nostro
1541 1616 1675 1649 germa-

197 1671 256 1698 no,
279 1658 398 1692 David
417 1657 599 1704 Lyndelay
618 1658 745 1692 comite
764 1658 807 1692 de
826 1657 1035 1698 Crauffirde,
1067 1658 1201 1693 Jacobo
1220 1659 1262 1693 de
1282 1658 1459 1705 Douglafl'
1470 1660 1612 1694 domino
1631 1661 1673 1695 de

200 1714 368 1754 Dalketh,
403 1713 566 1748 Wilelmo
594 1713 838 1760 Conyngham,
869 1714 1046 1754 militibus,
1079 1720 1113 1748 et
1142 1714 1303 1760 magistro
1330 1715 1488 1750 VValtero
1516 1716 1674 1751 Forester

197 1770 381 1805 secretario
400 1770 515 1805 nostro
533 1771 626 1817 apud
644 1770 797 1804 nostrum
816 1770 961 1805 castrum
982 1770 1117 1817 Rosaye
1148 1771 1282 1805 decimo
1314 1771 1439 1806 oetavo
1468 1772 1522 1807 die
1553 1773 1674 1807 meniis

200 1827 333 1873 Aprilis
351 1839 443 1861 anno
462 1826 610 1860 Domini
629 1831 672 1860 ΜΟ
690 1831 796 1861 cccc⁰
812 1832 936 1872 quarto
955 1832 989 1860 et
1007 1827 1106 1873 regni
1124 1826 1229 1861 nostri
1247 1839 1340 1861 anno
1358 1828 1631 1874 quartodecimo.

200 1995 307 2029 Carta
324 1996 366 2029 de
386 1996 528 2030 dimidia
545 2008 661 2029 marca
678 1996 720 2030 de
741 1994 901 2030 Hwston.

202 2107 350 2142 ANNO
376 2108 487 2153 gratie
507 2113 550 2142 ΜΟ
570 2112 627 2142 co⁰
645 2112 728 2141 xxv⁰
745 2107 837 2142 facta
855 2107 901 2142 est
919 2109 982 2143 hec
1014 2109 1202 2143 conventio
1231 2110 1322 2144 inter
1352 2110 1532 2144 dominum
1554 2110 1671 2147 Wilel-

200 2176 293 2196 mum
314 2163 511 2207 [abbatem]
530 2169 565 2197 et
583 2169 795 2197 conventum
816 2163 858 2198 de
878 2163 1010 2198 Passeto
1030 2178 1073 2198 ex
1090 2170 1188 2212 parte
1206 2177 1287 2205 una,
1315 2171 1349 2199 et
1368 2166 1458 2199 inter
1479 2166 1669 2213 Hugonem

199 2218 307 2251 filium
330 2219 517 2264 Reginaldi
535 2219 680 2253 militem
701 2232 743 2253 ex
763 2219 883 2260 altera,
911 2220 1013 2267 super
1032 2220 1267 2255 controversia
1284 2227 1379 2255 mota
1396 2222 1487 2256 inter
1512 2222 1601 2270 ipsos
1628 2225 1670 2259 de

199 2280 293 2307 terra
311 2274 370 2307 illa
390 2287 455 2319 que
475 2280 619 2309 vocatur
645 2274 863 2309 Achinehoff
883 2277 919 2310 in
949 2277 1054 2311 feudo
1085 2276 1185 2323 ipfius
1217 2277 1382 2323 Hugonis
1413 2278 1539 2318 militis,
1568 2292 1669 2324 quam

199 2328 347 2375 predicti
368 2329 486 2364 Abbas
505 2336 537 2364 et
557 2337 750 2366 conventus
769 2332 810 2366 ad
831 2333 1002 2369 ecclefiam
1019 2347 1140 2369 eorum
1152 2334 1194 2369 de
1212 2334 1375 2369 Kilhelan
1390 2335 1564 2381 pertinere
1578 2336 1667 2370 dice-
