1839 2652
701 248 772 283 DE
799 244 1068 282 PASSELET.
1555 246 1623 277 105

150 346 384 382 conventione
402 345 495 381 facta
511 345 700 380 attestatur.
754 343 971 379 Renuntiavi
986 343 1089 377 etiam
1105 353 1170 388 ego
1188 339 1369 374 Wilelmus
1387 339 1430 374 de
1451 337 1625 373 Hertford

151 402 311 437 omnibus
330 402 520 448 impetratis
538 407 572 436 et
591 401 816 448 impetrandis
835 405 958 434 contra
986 398 1185 446 predifflmm
1205 396 1381 431 Abbatem
1410 400 1444 429 et
1475 406 1625 429 conven-

150 464 225 492 tum
245 458 287 491 de
309 457 465 498 Paffelet‚
487 463 521 491 et
539 463 661 491 contra
680 456 878 503 Philippum
898 456 940 490 de
960 455 1108 490 Perthec
1127 453 1292 488 clericum
1310 451 1460 500 predicti
1479 450 1626 485 Abbatis

151 520 186 548 et
206 520 401 548 conventus
421 514 463 547 de
483 512 639 552 Paffelet,
669 525 735 558 que
766 524 822 546 me
840 509 1064 557 contigerunt
1082 510 1217 544 ratione
1236 507 1374 543 66616116
1393 507 1436 542 de
1454 506 1625 541 Neliston.

153 570 200 604 Et
218 570 254 603 in
272 569 374 616 hujus
405 570 455 603 rei
483 568 678 603 testimonio
709 580 774 614 ego
805 568 983 614 predictus
1003 566 1186 600 VVilelmus
1214 565 1294 599 huic
1325 562 1451 610 scripto
1479 561 1628 609 figillum

152 638 268 659 meum
287 623 439 672 apposui.
493 624 573 658 Hiis
590 623 740 663 testibus,
760 623 921 669 magistro
949 622 1097 656 Matheo
1116 621 1325 656 cancellario
1344 619 1478 654 domini
1506 618 1625 665 Regis,

152 681 301 715 dominis
322 680 475 714 Radulfo
507 685 541 714 et
571 679 730 713 Roberto
758 679 945 725 capellanis
976 678 1108 712 domini
1141 678 1259 723 Regis,
1289 676 1454 710 W⁷ilelmo
1474 675 1516 709 de
1536 674 1628 709 Bon-

153 737 285 783 digton‚
316 736 480 770 lVilelmo
507 735 550 769 de
569 734 690 775 Nidin,
719 734 850 768 clericis
869 735 1002 768 domini
1021 733 1243 773 Cancellarii,
1274 732 1421 767 Andrea
1439 732 1481 766 de
1501 731 1629 766 Strive-

152 793 201 827 lin
220 793 345 828 clerico
366 791 569 832 Camerarii‚
598 796 631 826 et
648 790 766 825 multis
784 790 868 824 aliis.

153 961 211 996 De
230 960 428 1007 calumpnia
446 958 584 995 66616116
603 960 645 995 (16
665 959 824 995 Neliston
841 971 904 1006 per
923 958 1122 993 Robertum
1143 959 1246 993 Croc.

153 1072 346 1108 SCIANT
372 1078 442 1107 tam
460 1070 635 1120 presentes
654 1085 757 1119 quam
775 1071 883 1106 futuri
902 1071 997 1117 quod
1024 1083 1089 1117 ego
1118 1070 1297 1104 Robertus
1316 1069 1421 1109 Croc,
1449 1068 1568 1103 audito
1598 1075 1632 1104 et

152 1129 333 1164 intellecto
346 1129 428 1176 jure
446 1130 699 1163 monachorum
719 1129 761 1163 de
782 1127 929 1162 Passelet
954 1128 1049 1174 quod
1076 1126 1206 1161 habent
1236 1127 1272 1161 in
1303 1125 1442 1161 ecclesia
1460 1126 1503 1160 de
1522 1125 1633 1160 Nelis-

152 1191 226 1226 ton,
255 1198 372 1220 coram
391 1185 535 1219 domino
554 1184 713 1219 WValtero
731 1184 804 1218 filio
825 1184 933 1217 Alani
960 1188 995 1218 et
1020 1183 1095 1217 aliis
1121 1183 1239 1230 probis
1269 1182 1480 1223 hominibus,
1512 1195 1633 1229 recog-

152 1242 239 1276 novi
257 1241 417 1288 injuriam
434 1254 502 1287 qua
515 1239 603 1288 ipsos
617 1241 806 1275 monachos
823 1239 925 1287 super
944 1240 1065 1274 eadem
1084 1238 1223 1274 ecclefia
1236 1239 1423 1285 aliquando
1437 1239 1604 1274 vexabam
1622 1254 1631 1281 ;

154 1303 189 1332 et
207 1310 286 1332 cum
304 1310 366 1344 per
384 1296 612 1331 instrumenta
629 1297 801 1343 legittima
818 1296 976 1330 intellexi
1005 1296 1152 1330 eandem
1179 1294 1355 1329 ecclesiam
1385 1295 1430 1329 ad
1460 1308 1515 1329 me
1534 1295 1633 1329 nullo

149 1354 230 1400 jure
248 1354 437 1401 pertinere,
466 1365 606 1387 omnem
626 1353 859 1400 calumpniam
878 1365 981 1398 quam
1001 1364 1056 1386 me
1083 1352 1120 1385 111
1146 1349 1217 1398 ipsa
1234 1350 1373 1385 ecclesia
1389 1351 1517 1385 habere
1536 1356 1634 1398 puta-

154 1410 233 1444 bam
251 1409 307 1444 vel
327 1409 482 1443 dicebam
501 1421 563 1456 pro
582 1407 690 1443 salute
709 1409 823 1443 anime
841 1421 918 1442 mee
938 1408 985 1442 eis
1003 1406 1126 1448 remifi,
1143 1413 1178 1442 et
1196 1420 1216 1441 a
1233 1420 1288 1442 me
1303 1413 1338 1442 et
1350 1407 1535 1441 heredibus
1550 1407 1635 1441 meis

154 1466 413 1513 imperpetuum
432 1465 583 1511 quietam
602 1464 759 1499 clamavi.
814 1464 858 1498 In
885 1464 983 1511 cujus
1008 1465 1060 1498 rei
1077 1463 1314 1498 testimonium
1340 1462 1536 1511 presentem
1564 1476 1635 1498 car-

155 1527 225 1556 tam
243 1520 343 1555 scribi
360 1521 425 1556 feci
445 1526 479 1555 et
496 1519 605 1567 sigillo
623 1533 703 1555 meo
732 1521 874 1555 muniri.
928 1520 1008 1554 Hiis
1038 1519 1189 1560 testibus,
1222 1520 1365 1554 domino
1386 1519 1544 1554 W’altero
1562 1519 1635 1553 filio

158 1578 266 1612 Alani
285 1577 417 1611 domini
438 1577 547 1623 Regis
564 1576 761 1618 senescallo,
784 1576 940 1611 Radulfo
959 1576 1139 1623 capellano
1156 1575 1229 1617 suo,
1251 1575 1445 1610 Malcolmo
1464 1575 1634 1615 LoccarcL

158 1633 322 1668 lVilelmo
342 1634 384 1668 de
405 1633 604 1680 Meringis’,
636 1633 792 1679 Hugone
811 1633 883 1667 filio
904 1632 1104 1678 Reginaldi,
1133 1631 1233 1667 Luca
1263 1632 1444 1680 capellano
1464 1632 1506 1666 de
1526 1630 1636 1666 Paffe-

157 1690 215 1731 let,
245 1689 413 1736 Rogerio,
434 1689 632 1730 Nicholaio‚
653 1689 797 1730 clericis,
826 1694 861 1724 et
878 1689 996 1723 multis
1015 1688 1100 1723 aliis.

161 1858 268 1892 Carta
286 1857 424 1893 ecclefie
443 1858 486 1893 de
505 1858 729 1893 Cormannoc
746 1871 809 1905 per
829 1858 1027 1894 Henricum
1045 1859 1156 1893 filium
1177 1859 1346 1894 Anselmi.

162 1969 401 2005 OMNIBUS
427 1970 545 2005 1611616
564 1970 684 2005 matris
702 1969 840 2005 ecclefie
871 1971 949 2005 filiis
976 1971 1155 2006 Henricus
1173 1971 1264 2005 filius
1292 1969 1451 2004 Anselmi
1480 1969 1636 2004 salutem.

162 2025 283 2059 Sciatis
301 2031 372 2060 tam
390 2026 500 2060 futuri
518 2039 621 2072 quam
639 2025 815 2073 presentes
833 2027 927 2073 quod
958 2040 1023 2073 ego
1058 2027 1236 2061 Henricus
1255 2026 1333 2060 dedi
1366 2031 1401 2060 et
1431 2024 1577 2059 conceffi
1603 2031 1637 2059 et

161 2081 225 2114 hac
244 2094 320 2115 mea
338 2087 432 2115 carta
450 2082 653 2116 confirmavi
672 2082 754 2116 Deo
773 2087 807 2116 et
826 2081 964 2117 ecclesie
984 2083 1104 2118 Sancti
1124 2081 1248 2115 Mirini
1276 2082 1318 2115 de
1348 2079 1495 2115 Paffelet
1513 2086 1547 2115 et
1564 2093 1638 2115 mo-

162 2136 281 2170 nachis
298 2136 426 2171 ibidem
446 2137 526 2171 Deo
544 2137 782 2179 servientibus,
802 2152 865 2186 pro
885 2139 1000 2173 anima
1017 2138 1124 2184 patris
1142 2137 1210 2170 mei
1229 2142 1263 2170 et
1280 2136 1399 2170 matris
1417 2149 1504 2176 mee,
1521 2141 1556 2170 et
1573 2149 1637 2183 pro

162 2191 270 2226 salute
289 2205 366 2226 mea
384 2198 417 2226 et
432 2192 600 2227 heredum
618 2206 789 2234 meorum,
810 2193 985 2229 ecclefiam
1000 2194 1043 2228 de
1056 2193 1291 2232 Cormannoc,
1312 2205 1391 2226 cum
1410 2192 1551 2226 dimidia
1567 2205 1639 2226 car-

164 2252 284 2282 rucata
301 2252 393 2281 terre
412 2247 448 2281 in
466 2248 586 2282 eadem
605 2248 688 2283 villa
713 2247 877 2296 affignata
894 2250 931 2283 in
948 2254 1153 2297 perpetuam
1172 2247 1402 2289 elemosinam,
1430 2248 1574 2283 liberam
1605 2254 1639 2283 et

165 2302 317 2355 quietam
349 2303 390 2337 ab
422 2304 518 2337 omni
548 2304 731 2351 temporali
758 2303 910 2346 servitio,
938 2311 973 2340 et
1001 2316 1222 2340 communem
1252 2304 1435 2352 pasturam,
1463 2310 1498 2339 et
1524 2305 1641 2340 omnia

899 2371 921 2394 ο
