1839 2652
727 279 797 314 DE
830 277 1098 314 PASSELET.
1625 280 1648 310 5

176 378 371 412 litterarum
393 376 570 422 quondam
590 375 736 411 Walteri
754 376 816 410 filii
836 376 954 415 Alani,
983 380 1017 409 et
1044 374 1220 420 quondam
1245 373 1439 408 Humbaldi
1464 373 1588 420 prioris
1607 373 1649 407 de

178 432 326 467 XVenloc
352 438 387 467 et
415 437 608 466 conventus
634 431 695 472 sui,
727 431 828 478 super
854 430 1070 465 libertatibus
1097 435 1131 464 et
1157 429 1433 463 immunitatibus
1462 429 1586 463 domus
1607 429 1649 463 de

179 486 336 528 Paffelet,
350 501 428 522 611111
444 488 766 522 confirmationibus
780 488 871 522 bone
889 486 1057 521 memorie
1077 486 1243 533 Stephani
1262 485 1394 519 abbatis
1413 483 1649 519 Cluniacenfis

179 550 213 578 et
248 544 381 577 domini
419 543 618 577 Innocentii
646 556 734 590 pape
770 544 875 578 tertii.
933 543 977 576 In
1011 542 1110 589 cujus
1145 542 1195 576 rei
1223 541 1457 576 testimonium
1498 540 1649 588 presenti

178 599 303 647 scripto
321 599 429 646 figilla
445 599 560 633 nostra
576 598 809 646 apposuimus.

178 767 286 802 Carta
303 766 451 800 Walteri
477 766 539 800 filii
558 766 677 806 Alani,
705 766 911 806 fundatoris,
932 766 975 800 de
1001 765 1139 800 diverfis
1164 766 1265 800 terris
1285 771 1319 800 et
1338 765 1484 800 ecclefiis
1503 766 1647 806 collatis,

177 828 248 857 tam
266 823 353 857 citra
369 835 503 856 moram
521 835 624 868 quam
643 822 746 856 ultra.

178 933 468 968 WALTERUS
498 933 590 967 filius
620 933 740 975 Alani,
772 933 905 980 dapifer
925 933 1034 980 Regis
1054 934 1181 975 Scotie‚
1210 933 1378 968 univerfis
1396 933 1513 968 fauete
1532 934 1651 968 matris

178 988 316 1024 ecclefie
345 989 423 1023 filiis
453 989 579 1024 salutes
605 995 675 1023 tam
703 988 919 1036 presentibus
950 1003 1054 1036 quam
1084 990 1222 1024 futuris·
1287 990 1408 1024 Sciatis
1436 1003 1492 1024 me
1524 989 1650 1024 dediffe

176 1051 212 1079 et
230 1044 422 1080 conceflifl'e
441 1051 475 1080 et
492 1046 556 1080 hac
571 1051 665 1080 carta
678 1058 756 1080 mea
773 1044 988 1080 confirmaffe
1015 1046 1097 1081 Deo
1125 1051 1159 1080 et
1185 1046 1311 1080 Sancte
1332 1045 1447 1080 Marie
1462 1051 1495 1080 et
1511 1044 1649 1080 ecclefie

176 1102 296 1135 5111161ῑί
314 1101 437 1137 Jacobi
468 1107 503 1135 et
534 1101 653 1136 Saneti
673 1101 797 1135 Mirini
817 1107 851 1136 et
870 1102 998 1137 81111616
1018 1102 1234 1149 Myldburge
1253 1103 1295 1137 de
1316 1101 1463 1136 Paffelet
1481 1107 1515 1136 et
1536 1102 1651 1136 Priori

177 1156 330 1203 ejusdem
347 1157 415 1191 loci
434 1163 468 1191 et
486 1157 663 1191 monachis
681 1157 809 1192 ibidem
828 1157 909 1192 Deo
927 1158 1155 1193 servientibus
1180 1158 1370 1193 leoundum
1389 1158 1548 1191 ordinem
1569 1157 1653 1193 Clu-

178 1213 384 1253 niaeensem,
412 1226 477 1260 pro
503 1214 619 1247 anima
646 1213 795 1247 Henrici
821 1213 912 1259 regis
940 1214 1082 1260 Anglie,
1115 1220 1149 1248 et
1183 1227 1247 1261 pro
1278 1214 1393 1248 anima
1424 1214 1544 1248 David
1562 1214 1653 1260 regis

178 1274 214 1302 et
238 1269 329 1315 regis
361 1269 530 1303 Blacolmi
561 1274 595 1303 et
622 1269 757 1303 comitis
784 1269 932 1303 Henrici
960 1275 994 1304 et
1019 1268 1272 1304 antecefforum
1290 1282 1451 1304 meorum
1470 1270 1654 1304 defuneto—

179 1336 269 1364 rum,
308 1330 342 1358 et
371 1337 435 1370 pro
462 1324 569 1358 salute
597 1324 729 1358 domini
755 1325 823 1358 mei
855 1324 1006 1359 Wilelmi
1032 1326 1124 1372 regis
1157 1331 1191 1360 et
1210 1326 1328 1360 David
1354 1325 1469 1360 fratris
1497 1325 1582 1372 ejus,
1619 1331 1653 1359 et

179 1381 247 1414 mei
266 1386 300 1414 et
317 1381 436 1414 uxoris
453 1393 530 1415 mee
548 1386 583 1414 et
608 1380 777 1415 heredum
804 1393 974 1421 meorum,
1003 1381 1039 1415 in
1064 1387 1270 1428 perpetuam
1300 1380 1531 1421 elemosinam,
1561 1386 1595 1415 et
1613 1381 1654 1414 ab

181 1436 277 1469 omni
307 1435 444 1470 servitio
471 1436 655 1483 temporali
678 1435 823 1470 llberam
849 1441 884 1470 et
909 1436 1072 1482 quietam,
1101 1436 1275 1471 ecclesiam
1301 1437 1343 1471 de
1362 1437 1554 1484 Ennyrwic
1573 1450 1653 1471 cum

181 1491 341 1525 omnibus
374 1492 593 1538 pertinentiis
618 1491 708 1533 suis3
752 1491 799 1525 Et
828 1492 1070 1526 molendinum
1110 1493 1152 1527 de
1196 1493 1388 1539 Ennyrwie
1426 1498 1541 1527 totum
1578 1506 1654 1540 pre-

179 1552 233 1581 ter
262 1560 368 1581 unam
394 1560 545 1581 marcam
571 1547 707 1593 argenti
725 1560 827 1593 quam
847 1548 927 1582 dedi
945 1548 978 1581 in
999 1561 1040 1582 eo
1069 1548 1224 1582 Radulfo
1252 1548 1294 1582 de
1325 1548 1444 1591 Kent;
1483 1548 1529 1582 Et
1547 1548 1656 1583 eccle-

179 1602 260 1637 fiam
277 1603 319 1637 de
351 1602 618 1649 Ledgerdwode
646 1615 724 1636 cum
747 1603 908 1637 omnibus
932 1605 1152 1651 pertinentiis
1170 1604 1261 1647 suis3
1300 1604 1346 1639 Et
1363 1617 1471 1639 unam
1498 1617 1655 1639 carruca-

179 1664 249 1693 tam
280 1664 373 1693 terre
404 1659 439 1692 in
473 1658 696 1692 Hastendene
726 1671 828 1704 quam
856 1660 970 1694 tenuit
999 1660 1176 1695 W’alterus
1202 1661 1402 1707 capellanus
1429 1673 1491 1707 per
1518 1660 1655 1694 easdem

181 1714 301 1749 divisas
318 1728 381 1762 per
398 1728 481 1761 quas
500 1727 576 1749 eam
607 1715 743 1757 tenuit;
773 1714 820 1748 Et
846 1714 1020 1749 ecelefiam
1040 1716 1082 1750 de
1116 1716 1268 1750 Katkert
1293 1729 1372 1750 611111
1391 1716 1553 1750 omnibus
1579 1729 1655 1763 per-

179 1771 334 1805 tinentiis
360 1771 449 1813 suis3
480 1770 526 1804 Et
556 1783 677 1804 omnes
705 1769 861 1804 ecelefias
890 1771 932 1805 de
961 1772 1114 1818 Stragrif
1138 1786 1217 1807 cum
1249 1773 1409 1807 omnibus
1435 1773 1654 1820 pertinentiis

178 1826 256 1867 suis,
276 1832 420 1873 excepta
438 1825 576 1861 ecclefia
593 1826 636 1860 de
656 1825 851 1868 Inchinan3
873 1825 921 1860 Et
938 1827 1034 1862 illam
1056 1834 1270 1863 carrucatam
1289 1834 1393 1869 terre,
1413 1842 1517 1875 quam
1536 1828 1655 1863 Grim-

178 1882 272 1916 ketel
290 1883 403 1916 tenuit
420 1895 482 1929 per
500 1881 635 1916 easdem
654 1881 775 1915 divisas
792 1894 855 1928 per
866 1895 950 1927 quas
967 1897 1042 1918 eam
1057 1886 1171 1919 tenuit
1187 1899 1196 1927 3
1218 1885 1265 1919 Et
1282 1885 1315 1919 le
1334 1885 1434 1932 Drep
1454 1898 1533 1924 cum
1546 1886 1655 1919 onmi-

180 1938 243 1972 bus
260 1939 478 1985 pertinentiis
496 1938 562 1972 suis
588 1938 623 1971 in
643 1938 744 1971 terris
763 1943 797 1972 et
827 1938 863 1971 in
882 1940 979 1984 aquis
997 1954 1060 1987 per
1085 1941 1219 1975 easdem
1246 1940 1368 1975 divisas
1392 1941 1515 1987 quibus
1535 1941 1654 1975 Wilel-

179 2006 255 2027 mus
274 1994 369 2027 illam
387 1994 499 2028 tenuit
515 2009 524 2036 3
555 1993 601 2027 Et
619 1991 792 2028 ecclesiam
812 1993 854 2027 de
874 1993 1022 2031 Pafl'elet
1044 2010 1124 2031 611111
1143 1997 1304 2031 omnibus
1321 1998 1542 2044 pertinentiis
1560 1996 1626 2031 suis
1643 2012 1652 2039 3

180 2049 228 2083 Et
253 2049 338 2082 duas
365 2055 559 2083 carrucatas
586 2055 679 2083 terre
706 2048 920 2083 mensuratas
948 2057 982 2086 et
1008 2053 1264 2099 perambulatas
1292 2053 1382 2086 circa
1407 2065 1531 2098 aquam
1565 2053 1656 2088 Kert

173 2106 277 2152 juxta
294 2105 491 2149 eoelefiam3
521 2106 567 2141 Et
585 2107 679 2140 illam
707 2111 838 2141 terram
866 2107 961 2142 ultra
991 2109 1080 2143 Kert
1099 2122 1141 2143 ex
1167 2114 1265 2155 parte
1291 2109 1444 2142 nemoris
1467 2122 1570 2154 quam
1590 2122 1655 2156 ego

180 2168 214 2196 et
234 2162 370 2196 Alanus
387 2162 478 2196 filius
496 2175 593 2196 meus
611 2163 658 2196 eis
675 2163 994 2209 perambulavimus
1011 2178 1074 2211 per
1101 2164 1237 2198 easdem
1256 2163 1378 2198 divisas
1397 2177 1459 2211 per
1477 2177 1561 2210 quas
1579 2178 1655 2199 eam

182 2232 262 2254 cum
278 2219 395 2266 probis
412 2220 609 2253 hominibus
640 2220 958 2267 perambulavimus
975 2234 984 2262 ;
1014 2220 1061 2253 Et
1079 2219 1174 2253 illam
1198 2220 1396 2266 portionem
1414 2225 1508 2254 terre
1526 2233 1593 2266 que
1612 2221 1659 2255 est

178 2274 239 2310 sub
253 2275 458 2310 dormitorio
472 2276 724 2310 monachorum
739 2291 749 2319 ;
766 2276 813 2310 Et
827 2282 941 2310 totam
952 2282 1082 2311 terram
1095 2288 1197 2321 quam
1211 2276 1325 2310 tenuit
1341 2275 1459 2310 Scerlo
1473 2282 1507 2311 et
1518 2290 1580 2323 per
1593 2277 1659 2311 eas-

182 2331 260 2366 dem
279 2331 411 2372 divifivs,
442 2345 519 2367 611111
539 2332 598 2367 illa
614 2331 762 2367 maisura
779 2331 881 2379 super
899 2344 1024 2380 rupem
1044 2331 1104 2366 ubi
1122 2331 1202 2366 aula
1228 2344 1305 2366 mea
1323 2338 1397 2367 erat
1414 2332 1559 2367 fundata
1574 2347 1584 2376 3
1614 2332 1660 2367 Et
