1870 2683
204 289 276 324 416
607 283 922 320 REGISTRUM
950 283 1288 319 MONASTERII

207 386 338 419 tionem
358 382 605 428 omnipotentis
624 381 694 415 Dei
714 386 749 415 et
766 380 949 415 beatorum
969 379 1065 414 Petri
1093 385 1128 414 et
1157 379 1257 414 Pauli
1286 379 1521 426 apostolorum
1547 380 1621 427 ejus
1646 381 1680 415 se

207 441 345 474 noverit
370 438 600 472 incursurum.
653 437 789 471 Datum
821 436 987 470 Laterani
1015 435 1088 470 xiiii
1120 435 1298 470 Kalendas
1330 435 1430 470 Junii
1459 436 1680 482 pontificatus

207 495 311 530 nostri
329 506 421 529 anno
441 493 587 528 decimo.

210 664 261 700 Ut
278 664 370 698 bona
388 662 585 697 monasterii
603 661 725 708 injuste
743 659 893 696 affedata
910 660 1035 708 poflint
1053 661 1222 696 revocari.

207 774 471 812 EUGENIUS
499 774 676 822 episcopus
693 772 813 808 servus
832 773 1010 808 servorum
1030 772 1101 807 Dei
1119 772 1375 807 venerabilibus
1398 772 1561 807 fratribus
1580 772 1678 807 Glas-

203 832 322 880 guenfi
340 838 374 867 et
394 829 636 866 Dunkeldenfi
656 829 834 877 Episcopis
852 843 891 864 ac
910 829 1040 864 dileeto
1058 829 1131 863 filio
1147 828 1312 863 Wilelmo
1327 828 1491 862 Turnbul
1510 830 1678 863 canonico

204 888 341 925 ecclesle
357 886 578 933 Glasguenfis
592 886 737 920 salutem
756 892 791 920 et
808 885 1028 932 apostolicam
1043 885 1338 920 benedictionem.
1392 884 1452 919 Ad
1466 885 1675 919 audientiam

204 945 353 981 nostram
373 944 533 991 pervenit
551 943 645 989 quod
663 943 819 990 plerique
839 942 979 976 abbates
993 947 1027 975 et
1041 941 1107 975 alie
1121 940 1310 987 singulares
1327 940 1472 988 persone
1488 954 1529 975 ex
1542 941 1677 975 dileetis

204 1003 281 1037 filiis
300 1006 476 1036 conventu
495 999 692 1034 monasterii
712 999 754 1032 (le
774 997 919 1038 Passet0‚
950 995 1184 1032 Cluniacenfis
1202 997 1344 1036 ordinis,
1366 996 1587 1043 Glasguenfis
1605 998 1677 1031 dio-

205 1057 295 1099 cefis,
323 1057 381 1104 qui
412 1056 555 1090 fuerunt
586 1068 650 1102 pro
682 1060 852 1101 tempore,
881 1053 1041 1093 decimas,
1070 1051 1200 1092 censUS‚
1228 1051 1375 1091 fru6tus‚
1403 1052 1570 1092 redditus,
1599 1065 1677 1099 pro-

203 1120 338 1154 ventus,
359 1118 479 1152 terras,
508 1112 640 1151 domos,
669 1109 897 1157 pofl'effiones,
917 1116 1027 1156 prata,
1046 1109 1180 1156 pascua,
1200 1120 1357 1148 nemora,
1378 1108 1483 1148 lacus,
1503 1107 1675 1154 piscarias,

203 1170 405 1206 molendina
423 1173 457 1202 et
474 1167 623 1213 quedam
651 1167 718 1200 alia
743 1166 835 1200 bona
853 1166 896 1200 ad
915 1166 1049 1200 dietum
1079 1163 1325 1198 monasterium
1355 1169 1390 1198 et
1420 1164 1493 1210 ejus
1521 1165 1676 1199 membra

202 1227 371 1273 legittime
390 1223 590 1272 speetantia,
620 1223 708 1257 datis
726 1222 828 1269 super
859 1222 925 1256 hoc
955 1221 1090 1261 litteris,
1119 1219 1288 1254 confectis
1318 1219 1444 1254 exinde
1462 1220 1607 1266 publicis
1626 1221 1676 1254 in-

202 1282 410 1321 strumentis,
433 1278 640 1327 interpositis
653 1279 873 1326 juramentis,
893 1277 994 1311 saetis
1011 1275 1333 1311 renunciationibus
1352 1280 1386 1309 et
1402 1276 1500 1322 penis
1518 1276 1673 1323 adjeo'tis,

201 1342 236 1374 in
254 1351 395 1386 gravem
416 1336 609 1371 eorundem
628 1334 823 1369 monasterii
842 1340 876 1369 et
894 1333 1131 1368 membrorum
1149 1330 1325 1371 lefionem,
1345 1331 1524 1366 nonnullis
1542 1332 1675 1366 clericis

202 1402 235 1430 ot
252 1395 357 1435 laicis,
371 1392 542 1439 aliquibus
561 1404 683 1426 eorum
698 1391 741 1425 ad
755 1391 873 1430 vitam,
890 1387 1091 1436 quibusdam
1105 1399 1189 1422 vero
1204 1387 1247 1420 ad
1259 1387 1509 1421 nonmodicum
1525 1392 1672 1434 tempus,

201 1459 234 1487 et
253 1452 326 1486 aliis
344 1454 526 1497 perpetuo,
554 1448 597 1481 ad
615 1447 749 1481 firmam
777 1447 830 1481 vel
861 1446 921 1480 sub
952 1444 1055 1480 censu
1084 1456 1203 1478 annuo
1232 1441 1494 1485 concefferunt3
1523 1457 1672 1489 quorum

200 1508 304 1554 aliqui
322 1506 423 1553 super
441 1505 505 1538 hiis
524 1503 830 1538 confirmationum
849 1502 982 1536 litteras
1000 1501 1036 1534 in
1054 1500 1166 1534 forma
1180 1499 1356 1533 communi
1376 1498 1540 1533 dicuntur
1558 1513 1577 1533 a
1595 1499 1673 1534 sede

199 1563 383 1611 apostolica
401 1557 607 1607 impetrasse.
661 1558 754 1599 Quia
772 1571 856 1592 vero
877 1557 992 1592 nostra
1010 1555 1149 1591 interest
1174 1555 1276 1602 super
1303 1555 1369 1589 hoc
1400 1555 1442 1589 de
1471 1562 1671 1602 opportuno

200 1619 355 1655 remedio
374 1617 570 1664 providere,
600 1615 798 1649 discretioni
816 1613 925 1648 vestre
943 1626 1006 1660 per
1024 1612 1209 1659 apostolica
1225 1610 1349 1657 scripta
1367 1611 1571 1645 mandamus
1590 1625 1671 1658 qua·

199 1678 292 1712 tinus
311 1689 351 1709 ea
368 1687 434 1720 que
455 1673 497 1707 de
515 1672 615 1706 bonis
633 1670 828 1705 monasterii
856 1675 890 1704 et
916 1669 1153 1703 membrorum
1172 1667 1411 1713 predifflmrum
1442 1679 1504 1713 per
1535 1668 1671 1702 conces-

198 1733 308 1767 iiones
325 1729 522 1777 hujusmodi
541 1727 690 1762 alienata
715 1725 918 1760 inveneritis
948 1725 1067 1758 illicite
1085 1723 1141 1758 vel
1160 1722 1330 1762 distraeta,
1359 1734 1432 1755 non
1459 1722 1669 1759 obstantibus

197 1788 333 1827 litteris,
362 1784 607 1823 instrumentis,
636 1781 968 1821 renunciationibus‚
990 1780 1210 1827 juramentis,
1230 1779 1328 1826 penis
1346 1784 1381 1812 et
1399 1779 1669 1816 confirmationi-

196 1846 260 1879 bus
277 1841 492 1890 supradietis,
506 1840 549 1874 ad
561 1840 620 1886 jus
632 1844 666 1873 et
685 1838 932 1885 proprietatem
953 1837 1146 1871 eorundem
1164 1834 1358 1869 monasterii
1378 1840 1412 1869 et
1430 1835 1666 1871 membrorum

197 1900 367 1947 legittime
385 1909 550 1932 revocare
568 1895 695 1930 curetis
711 1907 720 1936 3
749 1893 1025 1928 CO11tradi6tores
1051 1905 1113 1939 per
1141 1890 1320 1926 censuram
1338 1890 1592 1925 eccleliastieam
1611 1905 1668 1940 ap-

196 1956 385 2005 pellatione
403 1952 585 2001 postpofita
612 1949 873 1998 compescendo.
926 1948 1045 1983 Testes
1063 1953 1180 1982 autem
1210 1947 1269 1993 qui
1287 1946 1418 1980 fuerint
1436 1947 1617 1988 nominati,
1644 1947 1667 1982 fi

196 2014 229 2048 se
255 2011 377 2059 gratia,
406 2009 486 2043 odio
512 2008 569 2043 vel
598 2008 724 2041 timore
754 2005 997 2044 subtraxerint,
1027 2003 1170 2038 censura
1199 2002 1309 2042 fimili,
1337 2001 1570 2049 appellatione
1600 2002 1667 2038 ces-

196 2070 301 2109 sante,
331 2064 545 2113 compellatis
575 2062 712 2098 veritati
739 2061 973 2096 testimonium
1001 2059 1195 2107 perhibere.
1258 2058 1366 2099 Quod
1394 2056 1417 2091 fi
1444 2070 1517 2091 non
1548 2071 1668 2093 omnes

196 2126 260 2159 hiis
279 2121 489 2168 exequendis
507 2119 691 2167 potueritis
709 2115 879 2157 intereffe,
901 2117 970 2151 duo
989 2123 1049 2151 aut
1066 2129 1157 2150 unus
1174 2115 1325 2150 vestrum
1354 2127 1394 2149 ea
1421 2114 1667 2150 nichilominus

197 2184 424 2225 exequantur.
478 2176 613 2210 Datum
634 2175 749 2209 Rome
768 2174 859 2221 apud
879 2173 1045 2207 Sanetum
1068 2172 1212 2206 Petrum
1230 2183 1323 2206 anno
1342 2171 1589 2205 incarnationis
1608 2171 1666 2205 do-

196 2237 320 2270 minice
340 2238 382 2267 M⁰
401 2238 508 2268 cccc⁰
526 2232 622 2272 xlvi⁰‚
652 2231 778 2266 octavo
808 2229 985 2264 Kalendas
1004 2228 1182 2268 Octobris,
1210 2227 1432 2275 pontificatus
1451 2225 1555 2260 nostri
1573 2238 1665 2261 anno

196 2290 438 2326 sextodecimo.
