1839 2652
150 294 165 324 1
178 293 217 324 ts
543 285 860 322 REGISTRUM
888 284 1182 321 MONASTER
1191 286 1231 320 ΙΙ

151 384 399 433 perlegendam
430 387 465 417 et
496 382 681 429 diligenter
713 382 980 417 examinandam
1011 394 1051 416 ac
1080 380 1140 415 sub
1170 381 1310 428 publica
1336 382 1449 417 forma
1477 383 1630 419 fideliter

151 440 367 488 copiandam,
405 438 503 485 cujus
533 438 674 484 quidem
705 438 821 472 littere
851 443 954 472 tenor
983 437 1137 484 sequitur
1168 443 1203 472 et
1232 437 1280 472 est
1297 438 1384 472 talis.
1438 438 1629 474 SCIANT

153 509 272 532 omnes
289 501 360 530 tam
379 494 555 542 presentes
585 507 689 540 quam
719 494 827 528 futuri
857 495 951 540 quod
982 506 1047 540 ego
1080 494 1298 540 Reginaldus
1325 494 1417 528 filius
1448 494 1631 530 Sumerled

153 553 315 587 dominus
334 552 376 586 de
397 551 565 597 Inchegal
582 551 695 584 factus
713 550 786 585 sum
799 550 905 585 frater
924 556 958 585 et
975 563 1066 584 uxor
1084 562 1162 584 mea
1180 549 1291 583 Fonia
1306 548 1404 584 soror
1422 549 1459 583 in
1479 551 1630 596 capitulo

153 609 277 642 domus
303 607 346 641 de
374 605 521 641 Paffelet
550 612 584 640 et
613 607 649 640 in
680 612 755 640 toto
784 606 907 640 ordine
936 604 1155 640 Cluniacenfi
1169 619 1179 648 3
1212 610 1247 640 et
1265 618 1330 651 ego
1349 618 1453 639 verus
1471 606 1579 640 frater
1597 612 1631 640 et

152 664 264 697 bonus
282 663 412 697 amicus
430 662 596 709 predictis
615 663 791 696 monachis
817 662 980 696 fratribus
1009 662 1095 696 meis
1123 661 1166 695 de
1196 659 1343 695 Paffelet
1372 661 1631 708 imperpetuum

153 718 333 753 mansurus
363 731 444 753 cum
478 718 664 752 heredibus
692 718 777 752 meis
808 724 843 752 et
873 718 1070 752 hominibus
1099 717 1193 757 meis,
1226 716 1422 751 testimonio
1448 716 1547 763 figilli
1565 717 1632 752 mei

153 773 299 809 conceffi
326 775 374 809 eis
400 787 455 808 me
486 774 650 808 daturum
677 772 747 814 fibi,
780 787 844 821 pro
872 773 980 808 salute
1008 787 1086 808 mea
1113 779 1147 807 et
1176 773 1296 807 uxoris
1313 785 1390 807 mee
1409 778 1444 807 et
1461 773 1631 807 heredum

153 844 313 866 meorum
332 836 367 865 et
384 830 579 871 hominum,
598 830 634 864 in
652 830 719 864 hoc
737 843 830 865 anno
849 831 930 865 οὸὶο
949 830 1065 870 boves,
1087 836 1121 864 et
1139 830 1226 863 duos
1244 829 1404 863 denarios
1423 842 1466 863 ex
1479 828 1633 875 qualibet

153 887 258 922 domo
276 887 370 921 unde
384 887 501 920 fumus
527 887 608 926 exit,
637 891 672 920 et
697 886 771 933 post
787 887 880 920 hunc
898 899 1028 920 annum
1047 885 1186 931 lingulis
1204 886 1303 919 annis
1321 898 1431 919 unum
1451 884 1633 919 denarium

155 956 199 978 ex
215 942 369 988 qualibet
388 943 493 976 domo
511 943 619 976 totius
636 947 730 976 terre
748 955 825 977 mee
842 943 936 977 unde
954 942 1070 976 fumus
1089 942 1159 975 exit
1186 941 1274 975 dabo
1302 941 1378 981 illis,
1411 946 1446 974 et
1474 940 1547 987 post
1576 953 1632 975 me

154 999 301 1034 heredes
319 999 385 1033 mei
406 998 549 1038 dabunt,
579 1004 640 1032 aut
666 999 949 1033 maledictionem
980 1010 1092 1032 meam
1112 997 1289 1031 habebunt
1306 995 1367 1030 nifi
1383 994 1631 1043 promptiflime

155 1055 327 1090 dederint.
380 1054 545 1089 Preterea
561 1067 652 1088 uxor
670 1067 748 1089 mea
766 1055 907 1088 domina
926 1053 1036 1088 Fonia
1053 1051 1215 1087 conceflit
1243 1053 1290 1086 eis
1317 1051 1350 1086 se
1379 1053 1539 1086 daturam
1566 1051 1633 1086 illis

155 1112 192 1146 in
210 1110 429 1147 elemosinam
449 1111 617 1145 decimam
636 1111 792 1145 omnium
813 1123 930 1144 rerum
950 1123 1016 1156 que
1034 1109 1091 1143 fibi
1113 1108 1213 1143 Deus
1231 1109 1377 1148 dederit,
1409 1107 1537 1142 scilicet
1561 1112 1631 1141 tam

156 1181 200 1203 ex
217 1167 293 1215 ipfis
311 1180 377 1213 que
396 1167 488 1213 apud
506 1165 539 1200 se
557 1166 708 1200 retinere
726 1166 879 1200 voluerit
897 1178 999 1212 quam
1019 1178 1062 1199 ex
1080 1165 1146 1198 illis
1165 1177 1231 1210 que
1248 1177 1311 1211 per
1329 1170 1457 1198 terram
1484 1163 1541 1197 vel
1571 1176 1633 1210 per

156 1237 251 1259 mare
271 1224 314 1258 ad
332 1223 556 1258 vendendum
575 1223 833 1269 imperpetuum
851 1221 991 1256 miserit.
1032 1221 1079 1254 Et
1093 1221 1173 1266 quia
1187 1233 1252 1266 ego
1267 1226 1301 1253 et
1315 1220 1461 1254 heredes
1476 1219 1543 1253 mei
1558 1231 1634 1264 par-

157 1280 278 1327 ticipes
291 1279 407 1313 sumus
426 1284 460 1312 et
478 1279 734 1325 imperpetuum
751 1278 879 1311 erimus
892 1277 1048 1311 omnium
1060 1276 1234 1310 bonorum
1246 1289 1313 1322 que
1327 1276 1364 1309 in
1378 1276 1484 1309 domo
1498 1274 1542 1308 de
1558 1273 1635 1308 Pas-

157 1334 241 1370 selet
255 1341 289 1369 et
304 1335 339 1368 in
353 1340 430 1368 toto
444 1334 567 1367 ordine
581 1333 672 1367 fiunt
689 1333 745 1367 vel
763 1333 1022 1380 imperpetuum
1037 1332 1133 1372 fient,
1153 1337 1223 1365 tam
1242 1332 1279 1365 in
1297 1331 1513 1365 orationibus
1530 1343 1634 1377 quam

157 1392 193 1425 in
205 1391 328 1425 ceteris
341 1390 457 1424 divine
468 1388 642 1423 servitutis
655 1388 834 1435 obsequiis,
851 1389 931 1422 dedi
944 1388 991 1422 eis
1003 1394 1037 1422 et
1049 1387 1194 1423 eoncefli
1210 1393 1244 1423 et
1256 1388 1322 1422 hoc
1333 1386 1483 1435 presenti
1494 1386 1632 1434 scripto,

158 1447 367 1482 auctoritate
381 1444 478 1492 figilli
492 1446 559 1479 mei
574 1445 751 1485 roborato,
773 1445 987 1485 confirmavi,
1004 1445 1138 1479 firmam
1153 1458 1273 1491 pacem
1292 1457 1405 1478 meam
1424 1449 1458 1478 et
1476 1443 1634 1478 omnium

158 1503 328 1538 heredum
346 1514 505 1537 meorum
525 1506 559 1535 et
573 1501 767 1541 hominum,
788 1513 866 1535 cum
880 1507 1191 1535 manutenemento
1209 1501 1300 1534 bone
1318 1500 1544 1534 fraternitatis
1560 1499 1635 1533 ubi-

159 1572 296 1605 cunque
315 1557 373 1605 ipfi
391 1558 446 1592 vel
465 1558 623 1591 homines
642 1569 765 1590 eorum
788 1557 919 1590 fuerint
945 1563 1004 1591 aut
1030 1558 1192 1591 venerint
1218 1557 1254 1590 in
1284 1562 1378 1591 terra
1395 1556 1451 1591 vel
1470 1557 1505 1590 in
1523 1555 1632 1590 mari:

159 1614 353 1662 supplicans
373 1613 490 1647 amicis
508 1613 592 1646 meis
611 1618 645 1646 et
662 1612 856 1659 precipiens
875 1613 1036 1646 omnibus
1054 1612 1251 1646 hominibus
1269 1613 1365 1652 meis,
1384 1617 1424 1646 ut
1435 1612 1634 1657 ubieunque

161 1670 361 1706 invenerint
378 1668 555 1716 predictos
573 1668 763 1702 monachos
780 1668 903 1702 fratres
921 1680 1017 1702 meos
1035 1674 1095 1702 aut
1113 1681 1234 1702 eorum
1261 1668 1430 1707 homines,
1458 1666 1548 1714 ipsos
1564 1679 1636 1700 ma-

162 1731 356 1761 nuteneant
375 1731 409 1759 et
426 1725 463 1758 in
481 1723 548 1758 suis
566 1724 780 1758 auxilientur
797 1724 957 1770 negotiis,
981 1723 1125 1758 scientes
1142 1737 1206 1770 pro
1225 1729 1322 1758 certo
1339 1723 1433 1769 quod
1451 1736 1513 1770 per
1532 1722 1636 1757 Sanc-

162 1788 238 1817 tum
256 1781 466 1838 Colpmbam
483 1779 507 1814 fi
524 1780 646 1826 aliquis
663 1780 833 1814 heredum
856 1791 1015 1814 meorum
1036 1779 1083 1813 eis
1101 1779 1323 1819 malefecerit,
1350 1778 1635 1813 maledictionem

163 1850 276 1872 meam
293 1836 443 1876 habebit,
463 1836 519 1870 vel
537 1834 560 1869 fi
578 1836 662 1882 quid
679 1835 761 1870 mali
779 1836 869 1870 forte
887 1835 929 1870 ab
947 1835 1145 1869 hominibus
1163 1836 1247 1870 meis
1267 1835 1323 1869 vel
1349 1834 1391 1869 ab
1409 1835 1484 1869 aliis
1502 1834 1545 1868 de
1563 1834 1636 1880 qui-

162 1893 226 1927 bus
244 1906 302 1928 eos
320 1892 496 1926 vindicare
514 1897 650 1939 potero,
669 1890 728 1925 fibi
745 1891 802 1926 vel
820 1890 887 1925 suis
904 1892 1035 1925 factum
1054 1892 1169 1932 fuerit,
1190 1893 1311 1926 mortis
1329 1904 1419 1938 pena
1431 1891 1634 1938 punientur.

164 1949 245 1983 Hiis
270 1948 420 1988 testibus,
450 1947 602 1982 Ameleo
619 1947 693 1981 filio
713 1947 892 1987 Gilcolmi‚
926 1947 1105 1981 Gilcolmo
1123 1948 1196 1982 filio
1215 1947 1437 1987 GilmichaeL
1459 1946 1636 1980 Mauricio

163 2006 343 2053 capellano
362 2018 452 2045 meo,
485 2010 520 2039 et
549 2004 668 2038 multis
685 2004 760 2038 aliis
778 2003 824 2037 ibi
841 2009 926 2038 tunc
944 2002 1170 2050 presentibus.
1223 2003 1303 2037 Post
1320 2003 1418 2050 cujus
1435 2003 1551 2037 littere
1568 2002 1636 2037 lec-

163 2069 278 2098 turam
306 2067 340 2096 et
370 2062 573 2107 diligentem
603 2059 849 2107 inspefflmram,
877 2059 1106 2107 supplicatum
1137 2060 1202 2094 suit
1233 2060 1317 2093 mihi
1346 2072 1409 2107 per
1437 2058 1635 2106 predictum

165 2119 279 2153 virum
298 2116 496 2164 religiosum
514 2122 684 2163 quatenus
703 2129 777 2150 eam
795 2115 1057 2150 transcriberem
1082 2121 1117 2150 et
1142 2115 1203 2150 sub
1219 2116 1332 2150 forma
1348 2115 1486 2163 publica
1503 2113 1636 2160 redige-

167 2187 252 2209 rem.
304 2175 400 2208 Acta
424 2174 568 2208 fuerunt
585 2173 649 2207 hec
674 2173 711 2206 in
738 2171 944 2206 monasterio
962 2172 1122 2218 predicto
1141 2172 1183 2206 de
1203 2170 1349 2206 Paffelet
1367 2172 1453 2205 hora
1470 2169 1562 2217 quafi
1579 2169 1635 2203 de-

167 2230 256 2264 cima
283 2236 363 2264 ante
391 2230 583 2269 meridiem,
613 2241 718 2269 anno,
748 2229 814 2269 die,
846 2227 973 2268 mense,
1003 2227 1207 2268 indictione,
1237 2233 1271 2262 et
1288 2227 1494 2275 pontificatu
1511 2224 1635 2271 quibus

168 2284 278 2331 supra.
331 2284 551 2320 Presentibus
567 2285 721 2332 providis
740 2290 774 2319 et
792 2283 944 2318 discretis
961 2284 1055 2324 viris,
1084 2283 1233 2318 dominis
1252 2283 1407 2318 Vilelmo
1427 2281 1526 2321 Mak,
1558 2280 1635 2314 Gil-

166 2341 267 2376 berto
291 2340 333 2375 de
360 2340 529 2388 Drumry‚
559 2340 724 2376 lVilelmo
753 2341 796 2376 de
827 2340 918 2388 Lyn,
950 2339 1166 2388 prelbyteriS,
1199 2339 1362 2374 Wilelmo
1390 2336 1569 2376 Wifizhart,
1599 2340 1633 2370 et
