1839 2652
183 276 255 312 Δ’270
585 269 901 306 REGISTRUM
928 270 1267 306 MONASTERII

184 381 257 403 non
275 367 449 402 nundinas
467 366 623 413 publicas
640 367 692 401 bis
710 367 745 401 in
764 379 858 401 anno
876 367 1039 402 videlicet
1057 367 1112 402 die
1130 367 1204 402 festi
1223 367 1345 402 San6'ti
1360 367 1486 402 Mirini
1500 374 1534 404 et
1553 370 1588 403 in
1608 369 1664 404 die

186 424 306 459 saneti
325 422 489 457 Marnoci
509 427 542 456 et
560 435 623 469 per
641 423 723 457 06120
743 423 936 457 eorundem
954 423 1223 471 imperpetuum,
1251 436 1330 458 cum
1349 424 1534 465 tholoneis,
1556 425 1665 460 custu-

185 481 259 519 mis,
288 477 514 524 omnibusque
541 478 616 512 aliis
642 478 858 513 libertatibus
888 479 932 513 ad
961 479 1110 526 prefatas
1141 480 1316 515 nundinas
1345 479 1580 527 spthantibus
1607 481 1664 516 seu

186 534 413 581 quovismodo
432 533 588 581 spe6tare
619 534 815 569 valentibus
847 535 1118 582 imperpetuum.
1171 535 1377 570 Tenendam
1410 541 1444 570 et
1472 536 1665 571 habendam

185 591 379 638 predi6‘fflm
394 591 512 625 villam
529 591 572 625 de
587 590 731 631 Passet0‚
752 604 830 626 cum
843 591 967 626 bondis
981 597 1016 626 et
1029 592 1249 638 pertinentiis
1267 591 1430 640 ejusdem,
1447 593 1547 627 diffis
1561 605 1668 627 vene-

187 647 286 681 rabili
304 647 340 680 in
360 646 498 681 Christo
516 647 607 694 patri
635 652 669 681 et
695 648 897 688 conventui,
926 660 1065 682 necnon
1088 647 1314 695 burgensibus
1340 655 1375 683 et
1392 648 1665 684 inhabitantibus

188 702 341 750 ejusdem
360 716 551 749 eorumque
570 700 816 738 successoribus
834 704 872 738 in
896 703 1046 738 liberum
1074 703 1224 750 burgum
1256 705 1292 739 in
1322 704 1467 739 baronia
1496 705 1667 752 imperpe-

187 766 300 801 tuum,
328 772 408 794 cum
427 759 588 794 omnibus
606 759 796 806 privilegiis
815 765 849 794 et
867 758 1140 795 concessionibus
1158 760 1404 808 suprascriptis,
1433 773 1472 795 ac
1498 773 1579 795 cum
1596 773 1668 795 om-

187 817 290 852 nibus
307 816 382 850 aliis
400 816 627 857 libertatibus,
656 816 973 856 commoditatibus,
1000 816 1175 863 proficuis,
1204 815 1408 851 aifiamentis
1426 829 1466 851 ac
1477 816 1575 863 justis
1593 829 1669 863 per-

188 873 344 907 tinentiis
362 871 623 918 quibuscunque
642 872 686 906 ad
704 872 852 907 liberum
871 871 1022 919 burgum
1041 874 1077 907 in
1091 873 1237 907 baronia
1253 872 1489 920 spefitantibus
1506 873 1565 907 seu
1579 872 1669 920 juste

188 929 345 977 specstare
364 929 559 965 valentibus
577 928 842 974 quomodolibet
859 929 897 963 in
922 929 1093 970 futurum,
1114 935 1148 964 et
1166 930 1254 964 adeo
1273 929 1380 964 libere
1400 930 1435 963 in
1454 929 1616 964 omnibus
1635 936 1669 964 et

188 999 252 1033 per
271 986 388 1020 omnia
404 984 488 1020 ficut
512 985 644 1031 burgus
673 989 708 1019 et
740 984 860 1019 civitas
886 984 1129 1031 Glasgwenfis,
1155 985 1258 1032 burgi
1289 986 1331 1020 de
1362 985 1618 1032 Dunfermling
1635 992 1669 1020 et

191 1041 411 1088 Abirbroyth
444 1040 512 1076 five
542 1040 665 1087 aliquis
695 1040 783 1075 alius
812 1040 944 1087 burgus
974 1041 1010 1075 in
1038 1041 1183 1076 baronia
1213 1042 1304 1076 infra
1332 1054 1482 1087 regnum
1513 1040 1668 1076 nostrum

190 1097 333 1132 liberius
350 1097 549 1132 infeodatur
566 1096 625 1131 seu
655 1101 807 1137 tenetur,
835 1097 1006 1131 infeodari
1035 1097 1094 1132 seu
1124 1098 1238 1132 teneri
1266 1098 1396 1144 poterit
1426 1098 1463 1131 in
1493 1097 1667 1132 futurum.

194 1152 339 1200 Insuper
357 1153 581 1188 concedimus
598 1152 790 1199 plenariam
807 1152 1011 1199 potestatem
1029 1166 1068 1188 ac
1086 1153 1231 1188 liberam
1249 1153 1450 1188 facultatem
1469 1159 1504 1187 et
1529 1153 1667 1188 liberta-

190 1216 262 1244 tem
281 1210 376 1244 dieto
395 1209 585 1244 venerabili
614 1209 651 1244 in
680 1208 816 1243 Christo
846 1208 937 1255 patri
970 1215 1004 1243 et
1033 1208 1280 1244 successoribus
1307 1209 1374 1244 suis
1405 1209 1602 1244 Abbatibus
1628 1210 1671 1244 de

193 1265 326 1300 Passeto
345 1265 506 1311 elegendi
524 1265 704 1299 annuatim
722 1262 947 1311 prepofitum,
976 1264 1122 1300 ballivos
1152 1265 1303 1312 aliosque
1323 1266 1408 1300 dififi
1426 1265 1527 1312 burgi
1546 1266 1672 1301 officia-

191 1323 272 1363 rios,
299 1321 453 1369 ipsosque
471 1322 600 1356 totiens
617 1321 779 1367 quotiens
798 1333 885 1368 opus
903 1321 1008 1355 fuerit
1038 1322 1255 1363 removendi,
1285 1327 1319 1357 et
1350 1322 1436 1356 alios
1454 1322 1491 1356 in
1520 1321 1671 1369 ipsorum

192 1379 276 1413 locis
295 1379 337 1412 ‹le
356 1391 449 1413 novo
469 1377 621 1424 eligendi
640 1382 675 1411 et
692 1377 908 1423 imponendi,
934 1383 1041 1424 prout
1059 1378 1155 1412 dieto
1174 1378 1306 1412 Abbati
1335 1383 1369 1412 et
1394 1377 1461 1412 suis
1478 1376 1673 1413 succefl'ori-

193 1436 256 1470 bus
275 1435 473 1482 expediens,
494 1434 706 1469 conveniens
725 1438 760 1468 et
778 1439 993 1480 oportunum
1007 1434 1193 1475 videbitur,
1208 1434 1278 1469 fine
1292 1435 1408 1481 aliqua
1418 1435 1486 1469 alia
1499 1435 1673 1469 electione

194 1489 415 1538 burgensium
436 1490 493 1524 vel
512 1489 772 1525 communitatis
790 1490 876 1524 dieti
889 1489 1002 1536 burgi,
1019 1496 1053 1525 et
1070 1490 1140 1525 fine
1158 1490 1272 1537 aliqua
1285 1491 1508 1526 revocatione
1522 1490 1580 1526 seu
1592 1503 1673 1526 con—

194 1549 405 1583 tradifftione
424 1547 529 1582 nostri
547 1553 607 1582 aut
624 1545 853 1581 succefforum
871 1546 1068 1581 nostrorum
1087 1560 1377 1593 quorumcunque
1394 1547 1496 1594 super
1506 1545 1673 1594 premiffis

194 1603 253 1640 seu
271 1603 512 1651 premissorum
531 1603 647 1648 aliquo
665 1603 824 1637 facienda
840 1603 876 1636 in
894 1602 1064 1637 futurum.
1116 1603 1227 1637 Vobis
1244 1603 1453 1650 precipimus
1471 1609 1505 1638 et
1532 1603 1673 1638 manda-

196 1673 273 1695 mus
291 1666 462 1706 quatenus
480 1665 611 1694 cartam
628 1659 778 1693 nostram
804 1658 866 1693 sub
895 1671 1023 1704 magno
1052 1657 1162 1705 figillo
1192 1658 1308 1693 nostro
1337 1672 1415 1693 cum
1446 1660 1611 1694 mandato
1638 1660 1673 1693 in

198 1716 336 1756 eisdem,
358 1715 518 1750 omnibus
550 1721 585 1750 et
614 1714 754 1761 fingulis
784 1714 883 1761 ligeis
914 1720 948 1749 et
978 1713 1119 1748 subditis
1136 1714 1270 1755 nostris,
1299 1721 1333 1749 et
1358 1721 1430 1749 tam
1461 1715 1674 1750 custumariis

197 1773 300 1818 burgi
318 1771 422 1806 nostri
442 1772 483 1806 de
504 1771 713 1817 Edinburgh
731 1783 923 1816 eorumque
955 1771 1138 1817 deputatiS,
1167 1770 1346 1818 prepositis
1374 1777 1409 1806 et
1436 1771 1572 1806 ballivis
1589 1770 1674 1818 ejus-

199 1829 277 1863 dem
304 1840 408 1874 quam
438 1828 512 1862 aliis
538 1840 688 1873 quorum
706 1826 847 1861 interest
864 1826 919 1861 vel
939 1825 1097 1861 intereffe
1114 1827 1254 1874 poterit,
1283 1840 1327 1861 ne
1358 1826 1417 1874 ipfi
1435 1827 1491 1862 vel
1521 1826 1673 1874 ipsorum

198 1886 321 1932 aliquis
340 1890 463 1919 contra
479 1882 639 1931 premifl'a
655 1883 714 1918 seu
731 1881 972 1930 premissorum
990 1882 1131 1928 aliquod
1145 1883 1394 1929 quoquomodo
1414 1883 1579 1918 devenire
1597 1896 1673 1930 pre-

198 1941 336 1977 sumant
354 1941 409 1976 vel
437 1940 622 1988 presumat,
650 1952 716 1974 nec
747 1938 933 1986 burgenses
960 1944 995 1972 et
1024 1938 1257 1973 inhabitantes
1287 1939 1421 1974 difflmm
1451 1939 1602 1985 burgum
1630 1939 1672 1973 de

200 1996 334 2032 Passeto
352 1997 409 2031 vel
428 2009 550 2031 eorum
568 1996 718 2042 aliquem
738 1996 783 2030 ad
799 1995 1008 2030 solutionem
1027 1994 1173 2042 alicujus
1186 1996 1321 2029 minute
1340 1995 1493 2030 custume
1511 1995 1674 2030 aliorum-

200 2067 242 2089 ve
262 2054 486 2088 denariorum
519 2065 584 2099 pro
601 2052 800 2086 marcantiis
817 2051 885 2086 suis
913 2057 973 2086 aut
1001 2051 1100 2085 bonis
1117 2051 1367 2097 quoquomodo
1386 2051 1597 2098 compellant
1614 2057 1675 2086 aut

201 2111 414 2157 distringant,
435 2109 621 2157 compellat
647 2109 704 2144 vel
731 2109 910 2155 distringat
939 2107 1212 2153 quomodolibet,
1241 2107 1303 2142 nifi
1320 2108 1497 2154 quomodo
1523 2106 1674 2142 solutum

202 2173 296 2202 extat
314 2180 375 2214 per
393 2164 581 2212 burgenses
600 2170 635 2200 et
652 2165 901 2200 inhabitatores
927 2163 1074 2198 civitatis
1104 2168 1139 2198 et
1166 2163 1267 2209 burgi
1287 2162 1528 2209 Glasgweufis,
1548 2163 1674 2209 burgo-

202 2235 349 2267 rumque
368 2222 410 2256 de
429 2221 685 2268 Dunfermling
701 2226 736 2256 et
754 2219 971 2268 Abirbroyth
1001 2218 1060 2254 seu
1087 2218 1234 2266 alicujus
1251 2219 1353 2266 burgi
1371 2220 1407 2254 in
1424 2219 1569 2254 baronia
1585 2218 1675 2252 infra

202 2290 350 2324 regnum
369 2277 534 2317 nostrum,
563 2283 598 2312 et
628 2290 648 2312 a
676 2275 918 2324 premifforum
937 2275 1199 2323 perpetratione
1217 2276 1361 2310 omnino
1381 2274 1537 2310 desistant
1555 2280 1589 2309 et
1607 2273 1674 2308 ces-

202 2334 276 2369 sent
294 2333 507 2381 temporibus
525 2333 693 2374 affuturis,
721 2332 781 2368 sub
811 2332 908 2367 omni
936 2345 1026 2380 pena
1055 2332 1113 2373 διο,
1142 2331 1243 2367 dietis
1262 2331 1392 2367 Abbati
1420 2337 1455 2366 et
1485 2330 1673 2366 conventui
