1839 2652
728 243 798 278 DE
828 243 1105 279 PASSELET.
1621 247 1664 278 41

179 343 297 372 torum
315 337 498 372 hominum
517 337 630 372 secum
650 338 874 380 abducendo,
904 340 1103 380 marstando,
1132 340 1329 380 vendendO,
1351 345 1385 374 et
1402 352 1466 386 pro
1486 338 1546 373 sue
1564 339 1664 373 libito

179 393 370 428 voluntatis
389 394 432 428 de
451 394 577 428 eisdem
597 393 824 441 disponendo,
842 409 882 430 ac
900 395 974 429 aliis
993 396 1128 443 injuriis
1147 401 1181 430 et
1198 395 1458 442 gravaminibus
1473 395 1665 429 innumeris

180 448 270 496 ipsos
302 455 336 483 et
370 450 616 484 monasterium
645 449 743 484 suum
771 450 840 485 fine
876 451 976 486 causa
1005 465 1089 487 vera
1119 452 1175 486 vel
1207 452 1378 498 legittima
1408 451 1636 498 inquietando
1654 463 1661 484 :

179 505 414 552 supplicantes
433 506 532 540 nobis
550 512 715 552 tanquam
735 506 801 541 suis
819 507 1121 542 conservatoribus
1140 514 1174 542 et
1198 507 1377 555 judicibus
1395 520 1414 541 a
1431 506 1510 541 sede
1528 506 1660 554 aposto-

181 561 247 595 lica
264 561 306 596 fic
326 562 510 609 deputatis,
539 568 578 596 ut
597 563 644 595 eis
663 563 705 596 de
724 569 925 609 opportuno
944 564 1100 597 remedio
1119 563 1220 610 super
1239 563 1340 597 dicffis
1360 563 1494 610 injuriis
1526 569 1560 597 et
1591 576 1668 609 gra-

181 618 330 657 vamine,
359 618 489 651 virtute
520 617 624 651 officii
650 617 750 651 nobis
781 617 956 658 commisti,
986 619 1194 653 duceremus
1221 619 1419 666 providere.
1472 618 1548 652 Nos
1567 632 1663 659 vero,

181 673 383 706 mandatum
404 672 628 719 apostolicum
647 680 850 707 reverenter
882 679 921 708 ut
949 680 1111 708 tenemur
1138 676 1262 721 exequi
1281 675 1472 721 cupientes,
1501 675 1537 708 in
1566 673 1667 709 causa

180 728 237 763 vel
256 728 292 761 in
310 727 415 762 causis
433 742 535 774 quam
555 729 611 762 vel
629 741 713 773 quas
733 729 817 763 (Ῑίἃί
836 729 983 775 religiosi
1002 730 1199 764 monasterii
1226 731 1269 765 de
1289 729 1436 765 Pufl'elet
1455 737 1578 765 contra
1597 731 1666 765 dic-

181 790 257 819 tum
276 784 457 818 dominum
478 783 681 818 lVilelmum
702 783 807 818 More
822 785 979 824 militem,
994 797 1133 819 necnon
1146 791 1180 819 et
1199 791 1323 820 contra
1343 786 1564 832 quascunque
1583 786 1666 820 alias

182 839 346 887 personas
365 838 600 874 ecclesiasticas
618 839 674 874 vel
692 839 872 880 seculares,
901 840 1137 887 cujuscunque
1163 841 1268 875 status
1294 842 1350 875 vel
1379 842 1591 875 conditionis
1609 855 1665 876 ex-

183 896 329 936 titerint,
350 908 491 930 movere
510 896 710 937 intendunt,
739 896 837 931 vobis
863 896 919 931 vel
946 897 1008 930 uni
1036 896 1185 931 vestrum
1205 897 1423 944 conjunfitim
1442 897 1500 931 seu
1520 897 1662 939 divisim,

183 952 274 987 vices
311 952 453 992 nostraS,
494 957 665 998 quatenus
695 951 883 1000 pofl'umus,
916 952 1094 998 quousque
1123 966 1180 987 eas
1209 953 1412 987 duxerimus
1440 954 1664 994 revocandas,

183 1021 262 1043 cum
294 1008 462 1042 canonica
480 1008 703 1049 cohibitione,
731 1022 793 1055 per
823 1008 1010 1056 presentes,
1041 1010 1291 1045 committimus
1324 1016 1358 1045 et
1388 1010 1664 1057 subdclegamus,

182 1065 281 1099 vobis
299 1064 509 1099 au&oritate
528 1077 597 1110 qua
613 1064 793 1110 fungimur
811 1065 844 1099 in
865 1065 929 1100 hac
946 1071 1045 1113 parte
1064 1066 1211 1101 firmiter
1229 1067 1472 1114 precipienteS,
1494 1073 1665 1113 quatenus

184 1124 221 1157 in
239 1122 338 1157 causa
356 1122 515 1169 predi6hz
535 1122 590 1156 vel
609 1121 684 1155 aliis
702 1121 724 1155 fi
742 1135 826 1168 quas
844 1123 1030 1158 habuerint
1057 1130 1180 1158 contra
1198 1123 1307 1171 ipsum
1327 1125 1383 1159 vel
1402 1125 1484 1159 alias
1502 1124 1665 1172 personas

185 1178 421 1224 quascunque,
439 1176 737 1224 quotienscunque
752 1191 814 1225 per
833 1179 946 1213 dictos
958 1179 1136 1226 religiosos
1150 1181 1284 1215 fueritis
1297 1180 1460 1227 requifiti,
1476 1180 1665 1215 secundum

184 1240 346 1268 tenorem
366 1234 461 1268 bulle
479 1234 610 1280 papalis
628 1239 823 1280 prenotate,
852 1235 1022 1281 legittime
1040 1237 1247 1283 procedatis.
1302 1236 1435 1271 Datum
1465 1236 1525 1270 sub
1551 1235 1666 1283 sigillis

187 1290 381 1324 officiorum
402 1289 599 1323 nostrorum
618 1290 711 1336 apud
732 1290 960 1337 Eddynbwrg
978 1291 1136 1325 vicefimo
1164 1293 1219 1327 die
1250 1292 1373 1327 meniis
1405 1292 1554 1339 Augusti
1572 1306 1665 1327 anuo

187 1345 335 1379 Domini
354 1344 534 1379 millesimo
552 1344 793 1379 trecentesimo
812 1345 1018 1392 sexagesimo
1033 1347 1191 1394 septimo.
1244 1348 1319 1382 Nos
1348 1354 1464 1383 autem
1487 1349 1664 1383 Robertus

188 1407 222 1435 et
253 1401 447 1441 lVilelmus,
477 1401 653 1435 dictorum
685 1400 969 1436 conservatorum
999 1409 1034 1437 et
1056 1403 1216 1450 judicum
1245 1403 1464 1438 commissarii
1504 1405 1539 1438 in
1566 1404 1665 1439 causa

187 1457 244 1491 vel
262 1455 366 1491 caufis
385 1470 447 1503 per
466 1457 578 1491 dictos
609 1457 786 1503 religiosos
817 1464 940 1492 contra
970 1459 1104 1493 dietum
1133 1460 1315 1494 dominum
1335 1460 1538 1494 lVilelmum
1560 1460 1665 1496 More

187 1513 345 1552 militem,
376 1512 579 1546 Gilcristum
611 1512 755 1547 fratrem
785 1513 869 1548 dicti
901 1514 1033 1547 domiui
1066 1514 1232 1555 Wilelmi,
1262 1521 1296 1550 et
1325 1515 1524 1551 Johannem
1553 1517 1663 1551 filium

187 1568 210 1603 J
213 1568 359 1602 ohannis
376 1567 553 1614 burgensis
572 1568 614 1602 de
633 1567 824 1616 Lynlitqw,
844 1570 1037 1610 movendis,
1058 1569 1248 1605 secundum
1267 1571 1469 1605 mandatum
1490 1572 1666 1607 <hetorum

189 1623 469 1658 conservatorum
491 1630 525 1658 et
537 1624 709 1671 judicum,
732 1638 850 1672 ymmo
869 1625 984 1660 verius
1003 1626 1238 1673 apostolicum,
1259 1627 1301 1660 ad
1321 1626 1578 1673 requisitionem
1598 1629 1666 1663 dic-

189 1687 305 1714 torum
324 1678 577 1726 religiosorum,
610 1680 781 1727 legittime
798 1681 989 1728 procedere
1016 1695 1055 1716 ac
1074 1683 1165 1716 inter
1184 1682 1320 1717 eosdem
1335 1683 1394 1730 jus
1413 1683 1571 1718 volentes
1590 1685 1665 1719 red-

190 1736 390 1776 dere,vobis
406 1736 566 1770 omnibus
579 1742 614 1771 et
628 1735 768 1783 singulis
782 1737 971 1778 abbatibus,
979 1738 1164 1785 prioribus,
1179 1739 1663 1781 archidiaconis,officialibus,

190 1793 339 1833 decanis,
368 1792 574 1833 re&oribus‚
605 1793 751 1833 vicariis,
772 1799 806 1827 et
825 1793 1021 1840 capellaniS,
1042 1800 1112 1829 tam
1131 1808 1203 1829 non
1223 1795 1363 1829 curiatis
1381 1808 1483 1841 quam
1513 1796 1664 1837 curiatis,

190 1848 298 1882 totius
333 1847 548 1895 episcopatus
583 1848 700 1883 Sancti
737 1849 894 1889 Andree,
924 1849 1156 1897 Glasguenfis,
1200 1856 1234 1886 et
1262 1850 1533 1893 Dunblanenfis,
1565 1851 1668 1899 supra

191 1904 303 1943 dietis,
324 1909 359 1938 et
376 1903 525 1938 vestrum
546 1904 687 1938 cuilibet
704 1918 767 1952 per
784 1903 828 1945 se,
848 1905 892 1938 ad
909 1918 1012 1951 quenl
1031 1906 1206 1953 presentes
1225 1907 1340 1941 lIttere
1366 1919 1430 1954 pro
1460 1908 1666 1942 executione

190 1959 350 1994 habenda
366 1960 497 1994 fuerint
514 1959 721 2007 presentate,
741 1960 952 1995 auctoritate
970 1975 1038 2008 qua
1055 1962 1234 2009 fungimur
1260 1963 1296 1996 in
1315 1963 1378 1996 hac
1395 1968 1505 2009 parte,
1538 1976 1577 1997 ac
1606 1963 1666 1997 sub

190 2029 281 2064 pena
299 2016 670 2050 excommunicationis
688 2017 838 2063 majoris,
871 2029 986 2062 quam,
1019 2019 1053 2051 in
1073 2031 1134 2052 vos
1163 2024 1197 2052 et
1225 2019 1415 2064 quemlibet
1432 2018 1583 2053 vestrum
1609 2021 1667 2065 qui

191 2072 331 2120 presens
350 2073 555 2107 mandatum
575 2073 689 2108 debite
707 2074 862 2120 recipere
881 2079 915 2108 et
929 2074 1121 2121 adimplere
1139 2074 1362 2120 neglexeritis
1381 2079 1441 2107 aut
1458 2074 1664 2120 neglexerit,

192 2129 249 2163 vel
267 2129 366 2169 illud,
395 2129 484 2162 infra
501 2134 571 2163 tres
590 2129 661 2163 dies
679 2142 699 2163 a
716 2135 873 2176 tempore
892 2130 1101 2176 receptionis
1132 2128 1282 2175 ejusdem
1307 2129 1506 2163 immediate
1524 2129 1666 2176 sequen-

193 2191 255 2224 tes,
284 2197 433 2230 quorum
452 2185 603 2231 primum
634 2198 698 2232 pro
716 2186 838 2232 prima,
866 2185 1057 2219 secundum
1085 2197 1149 2231 pro
1179 2183 1339 2225 secunda,
1369 2190 1402 2218 et
1432 2185 1575 2219 tertium
1601 2200 1666 2234 pro

194 2240 298 2275 tertia
316 2245 351 2274 et
368 2240 604 2286 peremptoria
631 2241 825 2275 monitione
852 2240 949 2275 vobis
980 2245 1014 2274 et
1044 2239 1195 2274 vestrum
1227 2239 1368 2274 cuilibet
1397 2253 1461 2287 per
1490 2241 1666 2288 presentes

194 2294 411 2342 aflignamUS,
440 2295 638 2330 executioni
657 2296 772 2331 debite
799 2308 871 2330 non
897 2295 1200 2336 demandaveritis,
1229 2295 1284 2330 vel
1312 2295 1402 2330 circa
1431 2297 1518 2331 illud
1545 2298 1663 2333 dolum

923 2362 942 2384 F
