1839 2652
165 251 212 282 52
568 248 880 283 REGISTRUM
910 248 1245 284 MONASTERII

170 344 218 377 eis
245 343 432 378 inmediate
450 343 722 384 suecedentffiuffi
757 344 799 377 de
829 344 928 378 nobis
950 350 984 378 et
1013 344 1219 379 monasterio
1238 344 1353 379 nostro
1371 346 1490 386 libere,
1519 348 1648 394 quiete,

169 399 323 445 plenarie
344 405 377 433 et
396 399 599 439 honorifice,
630 412 708 433 cum
728 399 888 433 omnibus
906 399 1134 440 libertatibus,
1154 401 1373 447 pertinentiis
1392 407 1426 435 et
1444 401 1648 438 aifiamentis

171 462 206 489 et
235 455 369 501 placitis
397 455 439 489 de
466 460 544 495 wot,
577 455 619 489 de
647 466 786 501 zvrang,
820 460 854 489 et
883 455 1050 495 Iamlam,
1083 469 1160 490 cum
1193 469 1315 490 eorum
1346 455 1507 491 escaetis:
1549 458 1651 492 Salva

171 511 269 544 nobis
288 510 430 557 piscaria
460 509 575 544 nostra
593 510 635 544 de
656 510 834 551 Lincleve,
867 516 902 545 et
931 511 1097 558 potestate
1125 512 1268 558 pacifica
1298 524 1372 546 eam
1403 512 1587 547 reficiendi
1618 520 1653 548 et

170 566 330 599 firmandi
351 579 393 599 ex
411 571 509 612 parte
528 571 620 600 terre
640 566 682 600 de
701 565 843 606 Fulton,
863 567 1024 612 quotiens
1042 566 1175 601 necefl'e
1195 567 1301 601 fuerit
1318 572 1352 601 et
1370 567 1470 601 nobis
1488 568 1652 615 expedire

170 622 381 655 viderimus:
423 621 470 655 Et
497 620 595 655 salvis
623 621 722 655 nobis
749 621 883 668 placitis
911 628 945 657 et
971 623 1121 669 querelis
1149 624 1221 657 vite
1248 629 1282 657 et
1299 623 1537 658 membrorum
1557 630 1591 658 et
1609 624 1651 659 de

170 677 327 711 bloclwite
347 690 426 711 cum
445 677 585 711 escaetis
603 676 679 717 suis,
711 677 753 711 de
772 677 970 712 hominibus
988 679 1183 726 p1·edi6tam
1208 684 1339 713 terram
1365 679 1650 714 inhabitantibus.

172 733 219 766 Et
236 733 385 779 liredieti
404 732 559 766 Thomas
578 738 612 766 et
632 732 783 767 Matilda
800 746 890 767 uxor
907 733 966 768 sua
994 740 1028 768 et
1058 747 1179 768 eorum
1200 734 1345 768 heredes
1370 733 1560 781 prescripti,
1589 734 1651 769 fin-

170 788 260 834 gulis
278 789 388 828 annis,
409 787 543 822 solvent
561 788 660 822 nobis
679 794 713 823 et
731 789 938 823 monasterio
956 790 1072 824 nostro
1088 803 1151 837 pro
1166 790 1325 837 predicta
1341 795 1435 824 terra
1449 791 1492 824 de
1507 790 1536 824 F
1537 791 1649 831 ulton,

172 844 267 878 omni
286 844 363 878 casu
381 844 620 889 contingente,
649 845 731 878 06ὶο
762 845 918 879 marchas
935 845 1181 892 sterlingorum
1200 846 1243 880 ad
1263 846 1351 880 duos
1369 847 1451 879 anni
1470 847 1650 886 terminos,

171 901 393 934 medietatem
411 900 572 934 videlicet
591 900 633 933 ad
654 899 891 941 Pentecosten,
913 907 947 935 et
965 902 1065 936 aliam
1085 902 1308 936 medietatem
1328 902 1371 935 ad
1390 901 1512 936 festum
1531 902 1650 936 Saneti

172 955 332 996 Martini,
366 969 429 1002 pro
456 956 550 990 omni
570 955 707 990 servitio
726 962 760 990 et
780 955 921 990 seculari
941 958 1122 997 demanda,
1156 963 1190 991 et
1220 970 1284 1004 pro
1315 957 1446 991 relevio
1465 957 1521 991 vel
1540 957 1650 1004 dupli-

171 1013 308 1047 catione
336 1012 458 1046 firme:
491 1018 525 1046 et
555 1012 682 1046 sefihun
709 1012 835 1046 facient
861 1013 903 1046 ad
924 1014 1053 1047 curiam
1083 1013 1231 1047 nostram
1262 1013 1423 1059 quotiens
1453 1012 1494 1047 lic
1525 1014 1648 1047 moniti

170 1069 301 1102 fuerint
320 1068 499 1114 legittime.
553 1067 628 1102 Nec
647 1067 823 1102 habebunt
841 1070 1075 1115 prenominati
1093 1069 1338 1103 auetoritatem
1363 1069 1419 1103 vel
1447 1069 1647 1116 potestatem

170 1125 365 1172 predictam
384 1130 512 1158 terram
533 1124 574 1158 de
595 1124 725 1158 Fulton
752 1124 855 1158 alicui
882 1126 1028 1171 persone
1059 1125 1277 1160 ecclesiastice
1303 1125 1360 1159 vel
1390 1124 1534 1159 seculari
1565 1124 1649 1159 obli-

170 1193 265 1226 gare,
299 1181 544 1226 impignorare,
577 1180 632 1214 vel
651 1181 693 1214 ad
712 1181 847 1214 firmam
880 1182 961 1215 dare
990 1181 1093 1215 alicui
1113 1181 1230 1215 ditiori
1247 1180 1303 1214 vel
1321 1181 1511 1227 potentiori
1530 1193 1648 1214 annuo

172 1236 312 1270 redditu
340 1235 396 1269 sex
426 1236 656 1275 marcharum,
690 1235 747 1269 seu
776 1236 1000 1282 aliquomodo
1019 1237 1060 1271 ab
1079 1236 1153 1283 ipsis
1171 1236 1323 1270 alienare
1342 1235 1410 1270 line
1430 1234 1596 1269 consensu
1615 1242 1648 1270 et

171 1291 302 1326 assensu
322 1291 437 1325 nostro
455 1306 462 1333 3
496 1291 604 1332 Quod
634 1290 657 1324 fi
688 1291 801 1326 facere
820 1292 997 1326 voluerint
1016 1298 1050 1326 et
1078 1293 1248 1332 nitantur,
1277 1291 1377 1326 cadat
1395 1290 1507 1338 ajure
1522 1289 1593 1331 suo,
1615 1297 1648 1325 et

171 1348 330 1395 prodieta
351 1353 442 1381 terra
461 1347 503 1380 ad
522 1360 586 1380 nos
605 1354 639 1381 et
658 1347 902 1381 monasterium
927 1348 1081 1382 nostrum
1099 1347 1206 1382 libere
1226 1353 1260 1381 et
1278 1347 1421 1394 pacifice
1439 1352 1646 1381 revertetur.

174 1403 253 1438 Post
272 1403 344 1437 dies
362 1416 446 1437 vero
465 1403 705 1449 prodietorum
733 1404 839 1437 trium
866 1404 1034 1438 heredum
1063 1403 1202 1438 Thome
1233 1408 1268 1437 et
1296 1402 1457 1443 Matilde,
1490 1403 1649 1449 predicta

171 1468 265 1496 terra
284 1461 326 1494 (le
347 1460 476 1494 Fulton
504 1461 547 1493 ad
565 1460 644 1494 usus
673 1460 816 1500 nostros,
848 1461 1098 1507 proprietatem
1129 1466 1163 1494 et
1192 1457 1430 1506 poffeffionem
1457 1459 1645 1505 pacificam,

171 1517 280 1551 libere
299 1522 332 1550 et
350 1515 419 1550 fine
448 1517 542 1550 0111111
572 1516 735 1556 molestia,
756 1517 956 1562 gravamine
988 1522 1021 1550 et
1051 1516 1314 1561 inquietatione,
1347 1514 1565 1554 devolvetur,
1600 1514 1648 1548 ita

172 1573 267 1619 quod
296 1572 425 1612 nullus,
458 1571 531 1618 post
562 1570 732 1606 decessum
764 1573 869 1606 trium
901 1572 1069 1606 heredum
1099 1570 1380 1618 prescriptorum,
1417 1570 1558 1603 nomine
1588 1569 1646 1604 seu

172 1629 308 1662 ratione
340 1626 503 1674 ipsorum,
540 1627 716 1661 occafione
747 1628 849 1675 hujus
880 1628 1133 1667 conventionis,
1163 1626 1220 1661 seu
1251 1627 1366 1672 aliquo
1391 1626 1645 1672 jure,judicio‚

173 1684 251 1719 casu
270 1684 326 1719 vel
344 1683 469 1718 statuto
488 1684 782 1729 contingentibus,
813 1684 942 1729 aliquid
964 1683 1053 1730 juris
1081 1683 1116 1716 in
1144 1683 1302 1729 prediGta
1319 1687 1412 1716 terra
1430 1682 1569 1727 exigere
1587 1695 1646 1729 po-

174 1741 256 1774 terit
270 1740 326 1774 vel
346 1740 517 1774 clamare:
551 1746 584 1773 et
598 1738 619 1772 11
632 1739 722 1773 sorte
740 1740 920 1785 contingat
939 1739 1100 1785 aliquem,
1120 1739 1266 1773 ulterius
1284 1751 1385 1784 quam
1404 1737 1568 1784 scriptum
1587 1737 1644 1778 est,

173 1797 316 1830 nomine
336 1795 511 1829 dictorum
531 1794 668 1828 Thome
687 1801 721 1829 et
741 1795 891 1829 Matilde
917 1794 974 1829 seu
1001 1795 1168 1829 heredum
1195 1794 1336 1828 suorum
1363 1793 1644 1841 prescriptorum,

175 1851 399 1898 aliquomodo
421 1852 480 1897 jus
505 1850 563 1884 fibi
592 1851 626 1884 in
654 1851 813 1897 predffita
839 1857 934 1885 terra
961 1851 1157 1890 vendicare,
1190 1851 1356 1885 ducentas
1384 1850 1487 1884 libras
1504 1851 1646 1884 nomine

174 1921 274 1955 pene,
294 1907 517 1941 medietatem
536 1907 679 1940 domino
698 1906 856 1954 episcopo
886 1906 1100 1953 Ghssiguenii,
1133 1913 1166 1941 et
1194 1907 1294 1940 aliam
1324 1907 1546 1941 medietatem
1574 1920 1646 1941 1110-

173 1964 321 1998 nasterio
339 1963 466 2003 nostro,
499 1969 579 1997 ante
599 1963 666 1996 litis
684 1961 869 2009 ingrestum
890 1969 924 1997 et
942 1976 984 1997 ex
1002 1969 1099 2010 parte
1118 1962 1232 1996 nostra
1249 1961 1459 2009 responsum,
1490 1963 1645 2010 plenarie

174 2019 369 2067 persolvet:
405 2025 439 2053 et
466 2018 488 2052 fi
516 2032 579 2053 nos
598 2019 653 2053 vel
671 2019 793 2065 aliquis
811 2018 1037 2053 succ-efferum
1056 2018 1208 2053 nostrum
1240 2024 1360 2053 contra
1391 2019 1480 2054 hanc
1511 2019 1646 2054 conces-

175 2075 303 2109 sionem
323 2081 357 2109 et
376 2075 602 2109 donationem
620 2076 741 2110 venire
758 2075 983 2115 voluerimus,
1015 2074 1180 2121 predietis
1199 2074 1337 2109 Thome
1369 2081 1403 2109 et
1433 2075 1582 2110 Matilde
1611 2082 1645 2111 et

176 2144 298 2165 eorum
330 2131 514 2165 heredibus
544 2131 750 2179 prescriptis,
782 2138 862 2166 ante
889 2132 957 2166 litis
987 2129 1173 2177 ingreffum
1192 2131 1247 2165 vel
1274 2137 1459 2177 antequam
1479 2132 1513 2164 in
1532 2131 1646 2177 aliqua

176 2187 272 2221 curia
289 2187 482 2227 audiamur,
500 2188 666 2221 ducentas
684 2187 786 2222 libras
804 2187 1057 2233 sterlingorum,
1077 2187 1219 2221 nomine
1237 2200 1337 2233 pene,
1350 2187 1504 2233 plenarie
1520 2186 1645 2233 persol-

177 2255 309 2277 vemus.
362 2242 408 2276 Et
426 2243 514 2277 hanc
533 2245 804 2278 conventionem
822 2243 970 2277 fideliter
990 2242 1237 2277 observandam
1265 2244 1301 2277 in
1327 2243 1434 2277 verbo
1464 2242 1644 2277 sacerdotii

176 2299 432 2346 promittimus:
462 2305 496 2333 et
514 2299 556 2332 ad
576 2299 742 2346 majorem
760 2298 977 2334 securitatem
996 2299 1098 2346 hujus
1110 2299 1362 2339 conventionis,
1382 2304 1529 2345 utraque
1553 2310 1641 2345 pars,
