1839 2652
875 266 922 299 vii

193 365 287 395 Carta
302 364 429 395 Roberti
444 364 596 394 senescalli
612 363 712 394 Scotie
733 362 849 393 comitis
864 363 901 394 de
922 362 1090 397 Strathern,
1115 365 1145 390 et
1167 360 1188 389 J
1192 359 1316 390 ohannis
1332 359 1523 399 primogeniti
1539 365 1567 389 et

149 415 266 446 heredis
281 414 383 455 ipsius,
407 415 445 445 fo.
462 426 512 445 xv.
538 413 665 453 (1367‚)
1538 410 1573 439 Ρ.
1590 411 1631 442 29

192 485 347 526 Obligatio
362 485 454 515 annui
469 484 603 515 redditus
618 484 696 514 facta
708 483 878 524 Reginaldo
889 483 979 513 More
988 492 1041 522 per
1052 481 1287 521 Simpringham,
1297 480 1336 509 fo.
1351 479 1423 510 xvii.
1439 480 1565 519 (1330,)
1589 480 1628 508 31

193 557 286 587 Carta
302 556 429 586 Roberti
444 555 596 585 senescalli
613 555 712 584 Scotie
728 554 844 584 comitis
859 554 896 583 de
913 553 1083 588 Strathern,
1107 551 1145 581 fo.
1163 550 1236 581 xvii.
1264 549 1363 590 (1367
1366 552 1390 589 ,)
1588 550 1630 579 32

192 626 369 657 Commissio
384 626 463 655 facta
477 635 530 665 per
545 625 679 654 dominos
696 624 825 654 Abbates
848 624 884 653 de
907 622 1140 662 Dunfermilyne
1167 626 1196 650 et
1212 621 1248 650 de
1275 620 1420 650 Neubotil
1443 620 1571 650 dominis

148 677 258 706 Abbati
273 677 310 706 de
326 675 516 715 Kylwynnin
539 679 568 704 et
592 674 690 704 Priori
706 675 742 703 de
759 673 972 712 Lasmahagw‚
997 672 1035 701 fo.
1064 671 1146 700 mriii.
1177 670 1286 710 (1367,
1312 670 1363 700 ubi
1390 670 1568 700 exscribitur

148 727 229 756 bulla
246 725 409 756 Clementis
425 736 468 755 v1.
494 726 603 763 1344«)
1588 721 1631 749 33

190 796 259 826 Alia
273 795 439 826 commissio
454 795 543 824 missa
559 799 587 823 et
602 795 746 833 deputata
767 794 805 823 ad
821 797 916 822 certos
932 793 1053 821 abbates
1079 795 1108 820 et
1134 790 1246 830 priores
1273 790 1423 820 diocesum
1450 791 1566 820 Sancti-

147 847 266 883 andree,
281 845 476 886 Glasguensis
488 849 517 874 et
527 844 771 879 Dumblanensis,
788 844 824 873 de
837 842 1020 872 exhibitione
1032 840 1220 871 alienationis
1231 841 1378 870 bonorum
1394 840 1565 870 monasterii

147 899 184 927 de
201 898 321 927 Pasleto
337 900 440 926 contra
456 895 636 925 1Vilelmum
653 895 753 930 More,
770 895 808 923 fo.
825 904 876 924 xx.
896 891 1005 932 (1367,
1026 891 1078 921 ubi
1094 891 1184 921 etiam
1200 891 1307 920 iterum
1332 890 1471 920 scribitur
1487 900 1566 920 com-

147 947 246 977 missio
261 946 421 982 antedicta,
447 945 540 984 1367,
564 956 632 975 cum
647 945 730 974 bulla
746 943 910 974 Clementis
926 953 968 972 VI.
996 943 1104 981 1344)
1586 940 1627 978 37

191 1018 285 1047 Carta
298 1016 506 1057 resignationis
521 1015 648 1056 predicti
667 1015 759 1045 annui
784 1014 917 1044 redditus
933 1013 1012 1043 facta
1034 1012 1113 1042 inter
1128 1011 1309 1041 Wilelmum
1329 1011 1506 1051 magistrum
1521 1021 1567 1040 01·-

147 1068 224 1097 ‹linis
240 1068 276 1097 de
294 1067 517 1107 Simpringham
532 1071 561 1096 et
578 1066 783 1106 Reginaldum
800 1064 900 1101 More,
924 1064 962 1093 fo.
980 1062 1065 1092 xxiii.
1092 1061 1218 1101 (1368,)
1591 1062 1630 1089 42

191 1137 376 1177 Compositio
391 1137 483 1167 annui
498 1137 632 1167 redditus
648 1136 727 1166 sacta
742 1135 819 1165 inter
835 1134 982 1164 Abbatem
998 1138 1028 1163 et
1043 1136 1222 1163 conventum
1240 1132 1276 1162 de
1293 1132 1414 1162 Pasleto
1430 1136 1459 1162 et
1474 1132 1568 1161 domi-

150 1198 221 1217 num
238 1188 418 1218 XVilelmum
435 1188 535 1223 More,
560 1187 598 1216 fo.
615 1186 711 1216 xxiiii.
738 1185 863 1225 (1373‚)
1591 1182 1631 1210 43

192 1259 260 1288 Alia
275 1258 433 1288 conventio
447 1258 527 1287 facta
542 1268 620 1287 anno
636 1256 761 1287 Domini
777 1260 815 1285 ΜΟ
830 1260 893 1285 ccc⁰
908 1254 1019 1291 lxxiiii,
1043 1253 1081 1283 fo.
1098 1252 1181 1285 xxvi.
1208 1252 1332 1292 (1374‚)
1592 1250 1631 1280 46

194 1328 378 1368 Compositio
393 1328 472 1357 facta
488 1328 565 1357 inter
581 1327 727 1356 Abbatem
743 1331 772 1355 et
788 1328 968 1355 conventum
983 1324 1020 1353 de
1037 1323 1168 1359 Paslem,
1182 1327 1210 1352 et
1223 1323 1377 1352 dominum
1388 1322 1567 1352 VVilelmum

153 1380 242 1409 More
258 1383 287 1408 et
302 1379 444 1408 moniales
460 1378 496 1408 de
513 1377 748 1417 Simpringham‚
772 1376 810 1405 fo.
827 1375 910 1405 xxvi⁴
936 1373 1061 1413 (1378‚)
1590 1371 1631 1409 47

194 1448 391 1479 Confirmatio
418 1447 583 1477 Alexandri
608 1447 686 1486 regis
714 1446 814 1476 Scotie
838 1455 925 1484 super
951 1443 1038 1473 terris
1073 1444 1110 1472 de
1135 1443 1315 1482 Dalmrdyn,
1340 1443 1515 1482 Drumgran
1539 1447 1567 1471 et

155 1499 449 1539 Pefflhachyngoyn,
473 1498 511 1527 fo.
528 1497 624 1528 xxvii.
650 1497 774 1536 (1230)
1592 1492 1631 1530 47

194 1570 287 1600 Carta
303 1568 436 1599 *SValteri
452 1567 618 1598 fundatoris
633 1566 688 1597 filii
704 1565 793 1596 Alani
810 1565 881 1595 (lata
897 1564 1033 1594 Henrico
1049 1564 1086 1593 de
1110 1563 1221 1593 Sancto
1238 1563 1387 1599 Maltino,
1414 1563 1452 1592 fo.
1470 1563 1566 1592 xxvii.

152 1622 191 1659 (a.
210 1619 319 1658 1177,)
1591 1614 1631 1642 48

197 1690 291 1719 Carta
306 1688 434 1719 Henrici
450 1689 486 1718 de
504 1688 614 1718 Sancto
640 1687 778 1717 Martino
794 1687 831 1716 de
846 1684 1006 1715 donatione
1021 1690 1169 1714 terrarum
1185 1685 1222 1714 de
1242 1684 1392 1719 Pennuld,
1417 1684 1454 1713 fo.
1472 1684 1565 1713 xxvii.

150 1742 190 1779 (p.
209 1739 318 1779 1177‚)
1592 1735 1632 1766 49

196 1811 289 1839 Carta
325 1809 519 1839 concessionis
551 1808 682 1838 Gilberti
713 1807 768 1837 filii
798 1805 937 1841 Henrici,
977 1806 1014 1834 de
1051 1810 1131 1834 terra
1158 1805 1195 1834 de
1226 1804 1352 1839 Fulton,
1392 1804 1428 1833 fo.
1461 1804 1565 1834 xxviii.

150 1861 359 1900 (1208—-33,)
1591 1855 1630 1886 49

195 1926 288 1956 Carta
304 1925 403 1964 quiete
418 1924 604 1955 clamationis
631 1925 668 1953 de
695 1924 808 1954 Fulton
824 1933 876 1963 per
891 1926 1044 1956 dominum
1062 1925 1226 1955 Antonium
1242 1925 1378 1960 militem,
1407 1925 1444 1954 fo.
1462 1925 1566 1954 xxviii.

150 1975 273 2016 (1272)
1590 1977 1631 2004 50

197 2046 365 2076 Conventio
380 2046 458 2075 inter
473 2045 627 2075 dominum
644 2046 795 2075 Abbatem
810 2050 841 2076 et
856 2050 1036 2077 conventum
1052 2046 1089 2076 de
1113 2046 1235 2076 Pasleto
1250 2046 1329 2076 facta
1344 2056 1381 2075 ex
1396 2049 1480 2084 parte
1496 2055 1566 2079 una,

154 2101 183 2126 et
194 2097 345 2126 Thomam
356 2100 385 2125 et
396 2096 557 2126 Matildem
567 2105 691 2125 uxorem
704 2106 787 2125 suam
801 2100 830 2126 et
840 2097 963 2127 heredes
975 2107 1077 2127 eorum
1090 2107 1127 2126 ex
1137 2097 1242 2132 altera,
1256 2096 1293 2126 fo.
1307 2096 1389 2125 xxix.
1405 2096 1443 2134 (c.
1456 2095 1565 2135 1272)
1590 2096 1627 2125 51

202 2166 357 2196 Assedatio
372 2170 519 2196 terrarum
535 2167 571 2196 de
587 2166 701 2196 Fulton
717 2167 861 2207 magistro
878 2167 1009 2197 Antonio
1025 2167 1137 2207 Fysic',
1161 2166 1198 2196 fo.
1216 2177 1287 2196 xxx.
1315 2170 1354 2205 (a.
1373 2166 1481 2205 1204)
1591 2167 1633 2195 53

202 2237 322 2266 Littera
336 2235 414 2265 inter
431 2236 552 2266 domum
568 2237 605 2266 de
621 2236 723 2267 Paslet
739 2241 768 2267 et
785 2237 938 2268 Thomam
953 2238 991 2267 de
1006 2236 1131 2273 Fulton,
1147 2236 1185 2265 fo.
1204 2236 1287 2266 xxxi.
1313 2238 1354 2275 (p.
1373 2234 1482 2275 1272)
1592 2237 1631 2264 55

202 2306 440 2336 Instrumentum
455 2306 663 2348 resignationis
687 2307 827 2338 Wilelmi
851 2307 937 2344 Urri,
964 2308 1001 2338 de
1025 2306 1210 2337 assedatione
1229 2310 1375 2337 terrarum
1391 2306 1428 2336 de
1444 2305 1567 2341 Fulton2

152 2358 191 2388 fo.
207 2356 302 2388 xxxii.
321 2356 446 2396 (1409)
1591 2355 1631 2385 56
