1870 2683
741 260 812 295 DE
845 261 1114 298 PASSELET.
1606 268 1676 303 365

198 355 358 390 omnibus
376 360 410 390 et
427 368 489 403 per
508 356 625 390 onmia
641 362 682 391 ut
698 357 897 404 predictum
916 358 962 393 est
980 359 1081 394 diffis
1098 360 1180 394 viris
1198 361 1362 408 religioiis
1392 368 1426 397 et
1454 375 1576 398 eorum
1602 363 1675 400 suc-

197 410 382 446 cefforibus
398 412 700 453 varantizabimus,
720 414 991 460 acquietabimus
1010 421 1043 449 et
1061 416 1318 464 imperpetuum
1338 418 1576 454 defendemus.
1629 421 1673 455 In

196 467 294 514 cujus
312 468 362 502 rei
380 467 614 502 testimonium
632 469 713 503 huic
730 469 881 516 presenti
900 476 993 505 carte
1012 484 1088 506 mee
1105 471 1251 519 figillum
1266 486 1383 508 meum
1395 474 1548 521 apposui.
1601 476 1673 511 Da-

195 528 269 557 tum
300 524 394 570 apud
425 522 572 558 Paffelet
598 525 647 558 xi⁰
665 525 720 559 die
751 524 872 560 menfis
902 526 1107 561 Decembris
1137 541 1229 563 anno
1258 529 1405 564 Domini
1424 535 1466 564 ΜΟ
1485 536 1567 565 ccc⁰
1585 538 1670 575 xc⁰;

196 578 276 613 Hiis
294 580 435 614 testibus
453 580 616 614 videlicet
635 580 778 615 domino
799 581 879 616 Ade
899 582 1103 616 Fowlarton
1123 583 1265 618 domino
1285 585 1327 619 de
1347 585 1490 632 Cross)y‚
1510 592 1545 620 et
1563 587 1672 621 domi-

193 647 241 668 no
261 634 425 670 VVilelmo
445 635 639 682 Cwnygam
658 637 862 672 vicecomite
881 638 923 671 de
944 638 1030 678 Are,
1051 638 1227 680 militibus,
1249 640 1425 675 Godfrido
1445 642 1487 676 de
1508 641 1600 676 Roff
1610 643 1670 677 do-

193 691 289 724 mino
308 692 350 726 de
370 692 532 732 Tarbart,
565 697 599 726 et
629 691 651 727 J
655 692 793 727 ohanne
812 693 855 727 de
875 693 998 728 Schaw
1016 694 1159 728 domino
1190 695 1233 729 de
1264 695 1391 742 Hayle,
1423 696 1602 739 scutiferis,
1636 704 1670 733 et

194 747 312 782 multis
330 748 415 782 aliis.

194 916 393 950 Ratificatio
406 921 440 950 et
452 916 671 951 confirmatio
682 917 829 952 Roberti
840 919 931 965 regis
939 919 1054 954 Scotie
1067 920 1109 955 de
1122 921 1311 955 donatione
1322 921 1345 957 J
1348 922 1494 956 ohannis
1503 923 1668 958 chhin-

191 971 249 1005 lek
261 971 303 1006 de
315 972 439 1018 viginti
453 972 568 1006 solidis
581 973 843 1019 sterlingorum3
859 980 893 1009 et
906 976 1124 1010 confirmatio
1137 976 1180 1010 de
1195 977 1383 1011 donatione
1393 977 1472 1012 Ade
1484 978 1668 1013 Fullerton

190 1026 225 1060 xl
245 1027 469 1062 denariorum
488 1029 596 1062 annui
614 1029 771 1064 redditus
787 1044 796 1072 ;
818 1035 853 1064 et
871 1031 974 1065 etiam
993 1032 1175 1066 ratificatio
1195 1038 1229 1066 et
1247 1033 1465 1067 confirmatio
1493 1034 1535 1068 de
1564 1034 1668 1069 dona-

189 1083 286 1117 tione
297 1083 320 1118 J
323 1084 468 1118 ohannis
482 1084 585 1119 Blare
604 1085 647 1119 de
664 1085 805 1120 licentia
816 1087 978 1121 trahendi
992 1099 1115 1133 aquam
1130 1100 1192 1135 per
1205 1093 1316 1122 terras
1330 1088 1404 1123 suas
1419 1090 1461 1123 de
1476 1089 1667 1124 Adamton.

191 1194 469 1231 ROBERTUS
490 1196 560 1231 Dei
576 1198 689 1243 gratia
714 1210 777 1232 rex
804 1198 1005 1233 Scottorum
1033 1200 1194 1234 omnibus
1211 1201 1327 1247 probis
1345 1201 1542 1236 hominibus
1560 1203 1667 1236 totius

189 1257 282 1285 terre
300 1250 357 1285 sue
376 1252 510 1286 clericis
541 1259 575 1286 et
603 1253 697 1287 laicis
715 1252 872 1288 salutem.
924 1254 1045 1289 Sciatis
1063 1269 1127 1290 nos
1155 1257 1198 1290 ad
1224 1257 1395 1291 honorem
1423 1257 1492 1291 Dei
1511 1258 1667 1305 omnipo-

188 1308 303 1347 tentis,
324 1306 510 1341 beatiffime
529 1307 687 1354 Virginis
707 1308 822 1344 Marie
840 1311 1026 1356 genetricis
1044 1310 1113 1352 sue,
1145 1312 1236 1346 beati
1254 1312 1376 1347 Jacobi
1395 1312 1549 1359 apostoli,
1576 1313 1666 1347 beati

191 1362 315 1396 Mirini
334 1368 368 1397 et
387 1362 558 1397 Omnium
577 1364 799 1405 Sanctorum,
833 1364 1044 1412 approbasse,
1076 1365 1254 1402 ratificaffe
1273 1373 1307 1402 et
1325 1368 1388 1402 hac
1406 1367 1555 1415 presenti
1574 1376 1668 1403 carta

188 1418 303 1453 nostra
321 1418 536 1454 confirmaffe
555 1420 782 1454 donationem
800 1421 895 1455 illam
915 1427 949 1456 et
967 1421 1217 1458 conceffionem
1236 1435 1321 1469 quas
1337 1423 1418 1457 fecit
1431 1423 1453 1458 J
1457 1424 1610 1459 ohannes
1622 1425 1665 1459 de

189 1474 294 1509 Blare
312 1475 411 1509 miles
431 1475 512 1510 Deo
530 1480 565 1509 et
582 1475 682 1510 beate
702 1475 817 1511 Marie
837 1475 977 1523 Virgini
995 1484 1029 1513 et
1048 1479 1178 1514 Sancto
1192 1479 1326 1515 Jacobo
1338 1485 1372 1514 et
1385 1479 1515 1514 Sancto
1531 1479 1666 1514 Mirino

189 1532 231 1566 de
251 1531 385 1566 Passeto
405 1537 439 1566 et
457 1532 635 1566 monachis
653 1532 782 1567 ibidem
801 1532 882 1567 Deo
900 1534 1127 1570 servientibus
1145 1541 1180 1570 et
1201 1536 1458 1583 imperpetuum
1476 1535 1663 1576 servituris,

188 1588 231 1623 de
249 1588 391 1622 licentia
409 1594 443 1623 et
460 1588 627 1635 potestate
645 1589 806 1623 trahendi
825 1603 948 1635 aquam
966 1604 1028 1638 per
1047 1597 1156 1626 terras
1174 1592 1217 1626 de
1236 1592 1418 1626 Adamton
1436 1592 1585 1639 predicti
1604 1594 1665 1626 mi-

187 1645 267 1686 litis,
299 1646 344 1680 ad
374 1646 617 1680 molendinum
643 1646 820 1681 dictorum
838 1648 1091 1682 monachorum
1110 1648 1152 1682 de
1174 1648 1365 1688 Monkton,
1394 1661 1456 1695 per
1482 1649 1664 1694 antiquum

187 1702 424 1747 aqueductum
443 1702 533 1736 infra
550 1708 660 1737 terras
680 1703 855 1750 predictas
873 1704 1122 1744 constructum,
1146 1709 1181 1738 et
1199 1704 1308 1751 ipsum
1327 1704 1562 1750 aqueductum
1580 1717 1664 1750 quo-

187 1758 277 1792 tiens
295 1770 382 1805 opus
400 1758 504 1793 fuerit
522 1759 707 1806 reparandi
739 1764 774 1793 et
804 1759 847 1793 de
878 1772 971 1794 novo
998 1759 1218 1794 construendi
1244 1759 1312 1794 fine
1338 1760 1588 1806 impedimento
1607 1760 1663 1793 vel

186 1814 451 1861 perturbatione
470 1813 570 1862 ipfius
589 1815 706 1849 militis
724 1815 780 1849 vel
799 1815 967 1850 heredum
986 1815 1127 1850 suorum
1144 1828 1152 1849 ε
1181 1815 1392 1850 Tenendum
1412 1821 1447 1849 et
1464 1815 1662 1849 habendum

186 1870 352 1917 predictis
371 1870 535 1917 religiosis
553 1871 750 1918 predictum
770 1871 1007 1917 aqueductum
1025 1872 1062 1905 in
1079 1871 1182 1906 feodo
1198 1877 1231 1906 et
1245 1872 1437 1906 hereditate
1456 1871 1543 1905 adeo
1555 1871 1662 1905 libere

187 1931 221 1960 et
238 1927 354 1972 quiete
372 1926 456 1961 ficut
475 1932 569 1961 carta
587 1927 737 1974 predicti
755 1927 926 1962 Johannis
954 1927 996 1961 de
1026 1927 1129 1962 Blare
1147 1928 1265 1962 militis
1283 1928 1331 1962 eis
1350 1928 1429 1961 inde
1449 1928 1609 1961 confecta
1628 1928 1661 1960 in

185 1982 218 2017 se
236 1983 373 2030 plenius
391 1984 549 2017 continet
567 1989 601 2017 et
619 1988 812 2030 proportat.
865 1983 1160 2018 Confirmavimus
1187 1984 1290 2017 etiam
1317 1983 1542 2017 donationem
1567 1982 1662 2016 illam

186 2045 221 2072 et
239 2037 490 2073 conceffionem
508 2052 592 2084 quas
609 2038 788 2074 Johannes
808 2039 1011 2074 Auchinlek
1028 2039 1108 2073 fecit
1128 2039 1208 2073 Deo
1227 2045 1262 2073 et
1280 2038 1417 2073 ecclefie
1435 2039 1525 2072 beati
1540 2038 1661 2073 Jacobi

186 2102 220 2129 et
238 2095 328 2129 beati
348 2094 471 2128 Mirini
491 2094 534 2128 de
554 2093 687 2128 Passeto
706 2100 741 2128 et
758 2096 936 2129 monachis
954 2094 1168 2141 supradictis,
1198 2095 1240 2128 (le
1259 2094 1381 2140 viginti
1400 2093 1513 2128 solidis
1530 2094 1660 2128 sterlin-

184 2164 310 2197 gorum
329 2151 437 2184 annui
456 2150 612 2184 redditus
630 2150 673 2184 de
691 2150 799 2184 firmis
818 2156 852 2185 et
870 2150 1097 2198 proventibus
1115 2155 1286 2184 terrarum
1306 2151 1443 2183 suarum
1461 2150 1659 2195 ubicunque

186 2207 275 2241 infra
292 2219 440 2252 regnum
461 2206 666 2253 jacentium,
696 2218 758 2252 per
775 2205 885 2252 ipsum
903 2206 925 2241 J
929 2206 1113 2246 ohannem,
1146 2206 1291 2240 heredes
1309 2204 1386 2240 suos
1403 2206 1459 2239 vel
1477 2203 1659 2251 affignatos

186 2263 366 2297 annuatim
396 2261 568 2296 solvendis
596 2261 688 2308 apud
719 2260 830 2295 Passet
856 2262 900 2295 ad
927 2262 1013 2296 duos
1045 2262 1127 2295 anni
1156 2262 1335 2302 terminos,
1367 2262 1485 2296 Sancti
1510 2260 1657 2295 Martini

186 2318 347 2353 videlicet
366 2323 398 2352 et
422 2316 650 2357 Pentecostes,
679 2329 741 2364 per
759 2317 938 2364 portiones
964 2318 1126 2364 equales:
1168 2317 1378 2353 Tenendum
1406 2317 1603 2352 habendum
1624 2324 1656 2352 et
