<?xml version="1.0" encoding="UTF-8"?>
<!DOCTYPE html PUBLIC "-//W3C//DTD XHTML 1.0 Transitional//EN"
    "http://www.w3.org/TR/xhtml1/DTD/xhtml1-transitional.dtd">
<html xmlns="http://www.w3.org/1999/xhtml" xml:lang="en" lang="en">
 <head>
  <title>
</title>
<meta http-equiv="Content-Type" content="text/html;charset=utf-8" />
  <meta name='ocr-system' content='tesseract 3.04.00' />
  <meta name='ocr-capabilities' content='ocr_page ocr_carea ocr_par ocr_line ocrx_word'/>
</head>
<body>
  <div class='ocr_page' id='page_1' title='image "./registrummonaste00mait_0327.png"; bbox 0 0 1839 2652; ppageno 0'>
   <div class='ocr_carea' id='block_1_1' title="bbox 753 275 1678 324">
    <p class='ocr_par' dir='ltr' id='par_1_1' title="bbox 753 275 1678 324">
     <span class='ocr_line' id='line_1_1' title="bbox 753 275 1678 324; baseline 0.008 -14"><span class='ocrx_word' id='word_1_1' title='bbox 753 275 823 310; x_wconf 90' lang='lat' dir='ltr'>DE</span> <span class='ocrx_word' id='word_1_2' title='bbox 852 275 1122 313; x_wconf 78' lang='lat' dir='ltr'><strong>PASSELET.</strong></span> <span class='ocrx_word' id='word_1_3' title='bbox 1607 283 1678 324; x_wconf 68' lang='lat'>267</span> 
     </span>
    </p>
   </div>
   <div class='ocr_carea' id='block_1_2' title="bbox 193 370 1677 2390">
    <p class='ocr_par' dir='ltr' id='par_1_2' title="bbox 193 370 1677 2390">
     <span class='ocr_line' id='line_1_2' title="bbox 198 370 1677 424; baseline 0.005 -18"><span class='ocrx_word' id='word_1_4' title='bbox 198 370 327 418; x_wconf 84' lang='lat' dir='ltr'>Passay,</span> <span class='ocrx_word' id='word_1_5' title='bbox 348 376 382 406; x_wconf 87' lang='lat' dir='ltr'>et</span> <span class='ocrx_word' id='word_1_6' title='bbox 399 370 540 406; x_wconf 88' lang='lat' dir='ltr'>licentia</span> <span class='ocrx_word' id='word_1_7' title='bbox 556 371 593 406; x_wconf 92' lang='lat' dir='ltr'>in</span> <span class='ocrx_word' id='word_1_8' title='bbox 610 371 751 419; x_wconf 85' lang='lat' dir='ltr'>petariis</span> <span class='ocrx_word' id='word_1_9' title='bbox 769 377 804 407; x_wconf 94' lang='lat' dir='ltr'>et</span> <span class='ocrx_word' id='word_1_10' title='bbox 820 373 988 421; x_wconf 88' lang='lat' dir='ltr'>lapicidiis</span> <span class='ocrx_word' id='word_1_11' title='bbox 1006 374 1128 410; x_wconf 88' lang='lat' dir='ltr'>nostris</span> <span class='ocrx_word' id='word_1_12' title='bbox 1145 374 1362 423; x_wconf 65' lang='lat' dir='ltr'>supradicstis,</span> <span class='ocrx_word' id='word_1_13' title='bbox 1391 377 1428 411; x_wconf 90' lang='lat' dir='ltr'>in</span> <span class='ocrx_word' id='word_1_14' title='bbox 1455 377 1677 424; x_wconf 83' lang='lat' dir='ltr'>longitudine</span> 
     </span>
     <span class='ocr_line' id='line_1_3' title="bbox 197 427 1677 480; baseline 0.005 -19"><span class='ocrx_word' id='word_1_15' title='bbox 197 433 233 463; x_wconf 86' lang='lat' dir='ltr'>et</span> <span class='ocrx_word' id='word_1_16' title='bbox 245 427 431 463; x_wconf 88' lang='lat' dir='ltr'>latitudine</span> <span class='ocrx_word' id='word_1_17' title='bbox 444 433 551 475; x_wconf 91' lang='lat' dir='ltr'>prout</span> <span class='ocrx_word' id='word_1_18' title='bbox 561 427 693 475; x_wconf 81' lang='lat' dir='ltr'>jacent,</span> <span class='ocrx_word' id='word_1_19' title='bbox 713 428 815 463; x_wconf 68' lang='lat' dir='ltr'>di&amp;is</span> <span class='ocrx_word' id='word_1_20' title='bbox 830 429 1018 477; x_wconf 85' lang='lat' dir='ltr'>Prepofit0‚</span> <span class='ocrx_word' id='word_1_21' title='bbox 1035 431 1181 474; x_wconf 84' lang='lat' dir='ltr'>ballivis,</span> <span class='ocrx_word' id='word_1_22' title='bbox 1197 431 1421 480; x_wconf 87' lang='lat' dir='ltr'>burgenfibus</span> <span class='ocrx_word' id='word_1_23' title='bbox 1435 439 1470 468; x_wconf 90' lang='lat' dir='ltr'>et</span> <span class='ocrx_word' id='word_1_24' title='bbox 1484 435 1677 469; x_wconf 89' lang='lat' dir='ltr'>communi-</span> 
     </span>
     <span class='ocr_line' id='line_1_4' title="bbox 196 482 1676 538; baseline 0.004 -19"><span class='ocrx_word' id='word_1_25' title='bbox 196 484 260 519; x_wconf 84' lang='lat' dir='ltr'>tati</span> <span class='ocrx_word' id='word_1_26' title='bbox 276 484 426 532; x_wconf 69' lang='lat' dir='ltr'>prediffi</span> <span class='ocrx_word' id='word_1_27' title='bbox 444 484 545 531; x_wconf 83' lang='lat' dir='ltr'>burgi</span> <span class='ocrx_word' id='word_1_28' title='bbox 576 490 611 519; x_wconf 88' lang='lat' dir='ltr'>et</span> <span class='ocrx_word' id='word_1_29' title='bbox 639 482 706 518; x_wconf 91' lang='lat' dir='ltr'>suis</span> <span class='ocrx_word' id='word_1_30' title='bbox 731 483 976 522; x_wconf 70' lang='lat' dir='ltr'>succefl&#39;oribus</span> <span class='ocrx_word' id='word_1_31' title='bbox 994 489 1030 522; x_wconf 90' lang='lat' dir='ltr'>in</span> <span class='ocrx_word' id='word_1_32' title='bbox 1047 489 1244 523; x_wconf 86' lang='lat' dir='ltr'>feodifirma</span> <span class='ocrx_word' id='word_1_33' title='bbox 1268 489 1478 525; x_wconf 83' lang='lat' dir='ltr'>hereditarie</span> <span class='ocrx_word' id='word_1_34' title='bbox 1504 490 1676 538; x_wconf 90' lang='lat' dir='ltr'>imperpe-</span> 
     </span>
     <span class='ocr_line' id='line_1_5' title="bbox 196 541 1676 592; baseline 0.005 -18"><span class='ocrx_word' id='word_1_35' title='bbox 196 547 309 581; x_wconf 88' lang='lat' dir='ltr'><strong>tuum,</strong></span> <span class='ocrx_word' id='word_1_36' title='bbox 338 553 401 588; x_wconf 89' lang='lat' dir='ltr'>per</span> <span class='ocrx_word' id='word_1_37' title='bbox 427 553 548 575; x_wconf 89' lang='lat' dir='ltr'>omnes</span> <span class='ocrx_word' id='word_1_38' title='bbox 565 541 679 576; x_wconf 68' lang='lat' dir='ltr'>rectas</span> <span class='ocrx_word' id='word_1_39' title='bbox 696 546 805 576; x_wconf 86' lang='lat' dir='ltr'>metas</span> <span class='ocrx_word' id='word_1_40' title='bbox 823 541 898 576; x_wconf 84' lang='lat' dir='ltr'>suas</span> <span class='ocrx_word' id='word_1_41' title='bbox 924 549 958 578; x_wconf 89' lang='lat' dir='ltr'>et</span> <span class='ocrx_word' id='word_1_42' title='bbox 986 544 1108 579; x_wconf 75' lang='lat' dir='ltr'>divisas</span> <span class='ocrx_word' id='word_1_43' title='bbox 1126 558 1189 592; x_wconf 89' lang='lat' dir='ltr'>per</span> <span class='ocrx_word' id='word_1_44' title='bbox 1207 558 1270 580; x_wconf 91' lang='lat' dir='ltr'>nos</span> <span class='ocrx_word' id='word_1_45' title='bbox 1289 545 1416 581; x_wconf 87' lang='lat' dir='ltr'>eisdem</span> <span class='ocrx_word' id='word_1_46' title='bbox 1434 546 1598 581; x_wconf 83' lang='lat' dir='ltr'>limitatas</span> <span class='ocrx_word' id='word_1_47' title='bbox 1616 546 1676 582; x_wconf 87' lang='lat' dir='ltr'>seu</span> 
     </span>
     <span class='ocr_line' id='line_1_6' title="bbox 196 597 1674 649; baseline 0.005 -19"><span class='ocrx_word' id='word_1_48' title='bbox 196 597 393 631; x_wconf 86' lang='lat' dir='ltr'><strong>limitandas</strong></span> <span class='ocrx_word' id='word_1_49' title='bbox 409 611 419 640; x_wconf 89' lang='lat'>;</span> <span class='ocrx_word' id='word_1_50' title='bbox 448 609 527 631; x_wconf 90' lang='lat' dir='ltr'>cum</span> <span class='ocrx_word' id='word_1_51' title='bbox 544 597 712 644; x_wconf 87' lang='lat' dir='ltr'>potestate</span> <span class='ocrx_word' id='word_1_52' title='bbox 730 598 868 632; x_wconf 82' lang='lat' dir='ltr'>emendi</span> <span class='ocrx_word' id='word_1_53' title='bbox 887 603 921 633; x_wconf 90' lang='lat' dir='ltr'>et</span> <span class='ocrx_word' id='word_1_54' title='bbox 939 600 1115 634; x_wconf 82' lang='lat' dir='ltr'>vendendi</span> <span class='ocrx_word' id='word_1_55' title='bbox 1141 601 1178 635; x_wconf 87' lang='lat' dir='ltr'>in</span> <span class='ocrx_word' id='word_1_56' title='bbox 1204 601 1275 648; x_wconf 87' lang='lat' dir='ltr'>ipso</span> <span class='ocrx_word' id='word_1_57' title='bbox 1293 602 1405 649; x_wconf 85' lang='lat' dir='ltr'>burgo</span> <span class='ocrx_word' id='word_1_58' title='bbox 1423 603 1517 643; x_wconf 88' lang='lat' dir='ltr'>vina,</span> <span class='ocrx_word' id='word_1_59' title='bbox 1547 615 1674 643; x_wconf 88' lang='lat' dir='ltr'>ceram,</span> 
     </span>
     <span class='ocr_line' id='line_1_7' title="bbox 196 653 1677 705; baseline 0.005 -18"><span class='ocrx_word' id='word_1_60' title='bbox 196 666 351 701; x_wconf 85' lang='lat' dir='ltr'>pannum</span> <span class='ocrx_word' id='word_1_61' title='bbox 370 653 510 688; x_wconf 90' lang='lat' dir='ltr'>laneum</span> <span class='ocrx_word' id='word_1_62' title='bbox 530 659 565 688; x_wconf 91' lang='lat' dir='ltr'>et</span> <span class='ocrx_word' id='word_1_63' title='bbox 582 654 725 694; x_wconf 88' lang='lat' dir='ltr'>lineum,</span> <span class='ocrx_word' id='word_1_64' title='bbox 758 654 912 700; x_wconf 89' lang='lat' dir='ltr'>amplum</span> <span class='ocrx_word' id='word_1_65' title='bbox 930 655 989 689; x_wconf 85' lang='lat' dir='ltr'>seu</span> <span class='ocrx_word' id='word_1_66' title='bbox 1015 662 1141 697; x_wconf 84' lang='lat' dir='ltr'>artum,</span> <span class='ocrx_word' id='word_1_67' title='bbox 1171 663 1205 691; x_wconf 93' lang='lat' dir='ltr'>et</span> <span class='ocrx_word' id='word_1_68' title='bbox 1223 670 1430 705; x_wconf 81' lang='lat' dir='ltr'>quecunque</span> <span class='ocrx_word' id='word_1_69' title='bbox 1448 659 1515 693; x_wconf 86' lang='lat' dir='ltr'>alia</span> <span class='ocrx_word' id='word_1_70' title='bbox 1532 659 1623 694; x_wconf 83' lang='lat' dir='ltr'>bona</span> <span class='ocrx_word' id='word_1_71' title='bbox 1642 666 1677 694; x_wconf 86' lang='lat' dir='ltr'>et</span> 
     </span>
     <span class='ocr_line' id='line_1_8' title="bbox 197 710 1675 758; baseline 0.003 -13"><span class='ocrx_word' id='word_1_72' title='bbox 197 711 424 745; x_wconf 89' lang='lat' dir='ltr'>mercimonia</span> <span class='ocrx_word' id='word_1_73' title='bbox 440 710 524 744; x_wconf 85' lang='lat' dir='ltr'>illuc</span> <span class='ocrx_word' id='word_1_74' title='bbox 541 710 788 752; x_wconf 77' lang='lat' dir='ltr'>advenientia3</span> <span class='ocrx_word' id='word_1_75' title='bbox 818 723 897 745; x_wconf 89' lang='lat' dir='ltr'>cum</span> <span class='ocrx_word' id='word_1_76' title='bbox 915 712 1030 758; x_wconf 88' lang='lat' dir='ltr'>parvis</span> <span class='ocrx_word' id='word_1_77' title='bbox 1057 712 1218 747; x_wconf 88' lang='lat' dir='ltr'>custumis</span> <span class='ocrx_word' id='word_1_78' title='bbox 1249 719 1284 748; x_wconf 88' lang='lat' dir='ltr'>et</span> <span class='ocrx_word' id='word_1_79' title='bbox 1313 714 1499 755; x_wconf 80' lang='lat' dir='ltr'>tholoneiS,</span> <span class='ocrx_word' id='word_1_80' title='bbox 1529 728 1568 749; x_wconf 86' lang='lat' dir='ltr'>ac</span> <span class='ocrx_word' id='word_1_81' title='bbox 1596 728 1675 750; x_wconf 88' lang='lat' dir='ltr'>cum</span> 
     </span>
     <span class='ocr_line' id='line_1_9' title="bbox 197 765 1676 816; baseline 0.003 -15"><span class='ocrx_word' id='word_1_82' title='bbox 197 767 357 801; x_wconf 78' lang='lat' dir='ltr'>omnibus</span> <span class='ocrx_word' id='word_1_83' title='bbox 368 766 442 800; x_wconf 85' lang='lat' dir='ltr'>aliis</span> <span class='ocrx_word' id='word_1_84' title='bbox 460 771 495 800; x_wconf 88' lang='lat' dir='ltr'>et</span> <span class='ocrx_word' id='word_1_85' title='bbox 511 765 651 812; x_wconf 84' lang='lat' dir='ltr'>fingulis</span> <span class='ocrx_word' id='word_1_86' title='bbox 668 765 897 808; x_wconf 80' lang='lat' dir='ltr'>libertatibus,</span> <span class='ocrx_word' id='word_1_87' title='bbox 918 768 1233 810; x_wconf 80' lang='lat' dir='ltr'>commoditatibus,</span> <span class='ocrx_word' id='word_1_88' title='bbox 1248 770 1412 816; x_wconf 88' lang='lat' dir='ltr'>proficuis</span> <span class='ocrx_word' id='word_1_89' title='bbox 1425 776 1459 805; x_wconf 86' lang='lat' dir='ltr'>et</span> <span class='ocrx_word' id='word_1_90' title='bbox 1470 770 1676 806; x_wconf 77' lang='lat' dir='ltr'>aifiamentis</span> 
     </span>
     <span class='ocr_line' id='line_1_10' title="bbox 196 821 1676 874; baseline 0.003 -16"><span class='ocrx_word' id='word_1_91' title='bbox 196 836 235 858; x_wconf 89' lang='lat' dir='ltr'>ac</span> <span class='ocrx_word' id='word_1_92' title='bbox 247 822 346 870; x_wconf 85' lang='lat' dir='ltr'>justis</span> <span class='ocrx_word' id='word_1_93' title='bbox 362 821 583 869; x_wconf 84' lang='lat' dir='ltr'>pertinentiis</span> <span class='ocrx_word' id='word_1_94' title='bbox 600 821 861 868; x_wconf 82' lang='lat' dir='ltr'>quibuscunque</span> <span class='ocrx_word' id='word_1_95' title='bbox 880 823 924 857; x_wconf 89' lang='lat' dir='ltr'>ad</span> <span class='ocrx_word' id='word_1_96' title='bbox 941 824 1076 858; x_wconf 61' lang='lat' dir='ltr'>dffikum</span> <span class='ocrx_word' id='word_1_97' title='bbox 1102 824 1254 871; x_wconf 86' lang='lat' dir='ltr'>burgum</span> <span class='ocrx_word' id='word_1_98' title='bbox 1272 826 1309 859; x_wconf 89' lang='lat' dir='ltr'>in</span> <span class='ocrx_word' id='word_1_99' title='bbox 1327 826 1473 861; x_wconf 88' lang='lat' dir='ltr'>baronia</span> <span class='ocrx_word' id='word_1_100' title='bbox 1489 826 1676 874; x_wconf 59' lang='lat' dir='ltr'>spastanti-</span> 
     </span>
     <span class='ocr_line' id='line_1_11' title="bbox 196 877 1677 930; baseline 0.003 -16"><span class='ocrx_word' id='word_1_101' title='bbox 196 880 260 914; x_wconf 93' lang='lat' dir='ltr'>bus</span> <span class='ocrx_word' id='word_1_102' title='bbox 277 879 335 913; x_wconf 90' lang='lat' dir='ltr'>seu</span> <span class='ocrx_word' id='word_1_103' title='bbox 356 878 446 925; x_wconf 88' lang='lat' dir='ltr'>juste</span> <span class='ocrx_word' id='word_1_104' title='bbox 463 877 619 925; x_wconf 64' lang='lat' dir='ltr'>i&#39;pefitare</span> <span class='ocrx_word' id='word_1_105' title='bbox 638 878 835 913; x_wconf 80' lang='lat' dir='ltr'>valentibus</span> <span class='ocrx_word' id='word_1_106' title='bbox 860 879 896 914; x_wconf 90' lang='lat' dir='ltr'>in</span> <span class='ocrx_word' id='word_1_107' title='bbox 922 879 1080 915; x_wconf 87' lang='lat' dir='ltr'>futurum</span> <span class='ocrx_word' id='word_1_108' title='bbox 1097 895 1106 923; x_wconf 89' lang='lat'>;</span> <span class='ocrx_word' id='word_1_109' title='bbox 1138 880 1230 916; x_wconf 89' lang='lat' dir='ltr'>Cum</span> <span class='ocrx_word' id='word_1_110' title='bbox 1247 881 1415 929; x_wconf 87' lang='lat' dir='ltr'>potestate</span> <span class='ocrx_word' id='word_1_111' title='bbox 1433 883 1622 930; x_wconf 72' lang='lat' dir='ltr'>burgenses</span> <span class='ocrx_word' id='word_1_112' title='bbox 1641 890 1677 918; x_wconf 84' lang='lat' dir='ltr'>et</span> 
     </span>
     <span class='ocr_line' id='line_1_12' title="bbox 194 934 1677 986; baseline 0.003 -16"><span class='ocrx_word' id='word_1_113' title='bbox 194 935 466 982; x_wconf 85' lang='lat' dir='ltr'>stailangiatores</span> <span class='ocrx_word' id='word_1_114' title='bbox 484 934 637 980; x_wconf 87' lang='lat' dir='ltr'>eligendi</span> <span class='ocrx_word' id='word_1_115' title='bbox 656 940 690 969; x_wconf 90' lang='lat' dir='ltr'>et</span> <span class='ocrx_word' id='word_1_116' title='bbox 707 935 856 970; x_wconf 68' lang='lat' dir='ltr'>faciendi</span> <span class='ocrx_word' id='word_1_117' title='bbox 874 935 1064 970; x_wconf 88' lang='lat' dir='ltr'>secundum</span> <span class='ocrx_word' id='word_1_118' title='bbox 1083 936 1382 979; x_wconf 87' lang='lat' dir='ltr'>consuetudinem,</span> <span class='ocrx_word' id='word_1_119' title='bbox 1398 939 1481 986; x_wconf 88' lang='lat' dir='ltr'>jura</span> <span class='ocrx_word' id='word_1_120' title='bbox 1498 944 1533 973; x_wconf 90' lang='lat' dir='ltr'>et</span> <span class='ocrx_word' id='word_1_121' title='bbox 1550 939 1677 974; x_wconf 81' lang='lat' dir='ltr'>statuta</span> 
     </span>
     <span class='ocr_line' id='line_1_13' title="bbox 193 989 1675 1042; baseline 0.003 -16"><span class='ocrx_word' id='word_1_122' title='bbox 193 993 387 1038; x_wconf 86' lang='lat' dir='ltr'>burgorum</span> <span class='ocrx_word' id='word_1_123' title='bbox 406 989 551 1038; x_wconf 87' lang='lat' dir='ltr'>desuper</span> <span class='ocrx_word' id='word_1_124' title='bbox 568 990 683 1034; x_wconf 68' lang='lat' dir='ltr'>facta3</span> <span class='ocrx_word' id='word_1_125' title='bbox 713 991 772 1037; x_wconf 90' lang='lat' dir='ltr'>qui</span> <span class='ocrx_word' id='word_1_126' title='bbox 790 991 978 1038; x_wconf 89' lang='lat' dir='ltr'>burgenses</span> <span class='ocrx_word' id='word_1_127' title='bbox 997 998 1031 1027; x_wconf 87' lang='lat' dir='ltr'>et</span> <span class='ocrx_word' id='word_1_128' title='bbox 1049 992 1324 1040; x_wconf 83' lang='lat' dir='ltr'>stallangiatores</span> <span class='ocrx_word' id='word_1_129' title='bbox 1350 1000 1385 1030; x_wconf 86' lang='lat' dir='ltr'>et</span> <span class='ocrx_word' id='word_1_130' title='bbox 1411 1007 1535 1030; x_wconf 88' lang='lat' dir='ltr'>eorum</span> <span class='ocrx_word' id='word_1_131' title='bbox 1553 994 1675 1042; x_wconf 86' lang='lat' dir='ltr'>finguli</span> 
     </span>
     <span class='ocr_line' id='line_1_14' title="bbox 195 1046 1676 1098; baseline 0.003 -16"><span class='ocrx_word' id='word_1_132' title='bbox 195 1048 239 1082; x_wconf 85' lang='lat' dir='ltr'>ad</span> <span class='ocrx_word' id='word_1_133' title='bbox 257 1059 379 1082; x_wconf 88' lang='lat' dir='ltr'>eorum</span> <span class='ocrx_word' id='word_1_134' title='bbox 398 1046 584 1081; x_wconf 85' lang='lat' dir='ltr'>introitum</span> <span class='ocrx_word' id='word_1_135' title='bbox 605 1047 776 1094; x_wconf 88' lang='lat' dir='ltr'>jurabunt</span> <span class='ocrx_word' id='word_1_136' title='bbox 793 1047 997 1084; x_wconf 87' lang='lat' dir='ltr'>fidelitatem</span> <span class='ocrx_word' id='word_1_137' title='bbox 1017 1048 1199 1085; x_wconf 87' lang='lat' dir='ltr'>observare</span> <span class='ocrx_word' id='word_1_138' title='bbox 1218 1049 1379 1098; x_wconf 90' lang='lat' dir='ltr'>supremo</span> <span class='ocrx_word' id='word_1_139' title='bbox 1398 1052 1541 1086; x_wconf 92' lang='lat' dir='ltr'>domino</span> <span class='ocrx_word' id='word_1_140' title='bbox 1559 1051 1676 1087; x_wconf 84' lang='lat' dir='ltr'>nostro</span> 
     </span>
     <span class='ocr_line' id='line_1_15' title="bbox 197 1101 1675 1154; baseline 0.002 -15"><span class='ocrx_word' id='word_1_141' title='bbox 197 1104 289 1151; x_wconf 87' lang='lat' dir='ltr'>Regi</span> <span class='ocrx_word' id='word_1_142' title='bbox 306 1102 440 1150; x_wconf 84' lang='lat' dir='ltr'>suisque</span> <span class='ocrx_word' id='word_1_143' title='bbox 457 1101 703 1138; x_wconf 86' lang='lat' dir='ltr'>succefforibus</span> <span class='ocrx_word' id='word_1_144' title='bbox 720 1104 860 1151; x_wconf 85' lang='lat' dir='ltr'>regibus</span> <span class='ocrx_word' id='word_1_145' title='bbox 879 1104 1004 1147; x_wconf 83' lang='lat' dir='ltr'>Scotie‚</span> <span class='ocrx_word' id='word_1_146' title='bbox 1034 1119 1173 1141; x_wconf 89' lang='lat' dir='ltr'>necnon</span> <span class='ocrx_word' id='word_1_147' title='bbox 1193 1106 1389 1142; x_wconf 84' lang='lat' dir='ltr'>Senescallo</span> <span class='ocrx_word' id='word_1_148' title='bbox 1409 1108 1525 1143; x_wconf 89' lang='lat' dir='ltr'>Scotie</span> <span class='ocrx_word' id='word_1_149' title='bbox 1543 1107 1675 1154; x_wconf 89' lang='lat' dir='ltr'>suisque</span> 
     </span>
     <span class='ocr_line' id='line_1_16' title="bbox 195 1157 1676 1201; baseline 0.001 -5"><span class='ocrx_word' id='word_1_150' title='bbox 195 1160 381 1196; x_wconf 85' lang='lat' dir='ltr'>heredibus</span> <span class='ocrx_word' id='word_1_151' title='bbox 399 1164 434 1194; x_wconf 92' lang='lat' dir='ltr'>et</span> <span class='ocrx_word' id='word_1_152' title='bbox 451 1157 708 1201; x_wconf 72' lang='lat' dir='ltr'>succefl&#39;oribus,</span> <span class='ocrx_word' id='word_1_153' title='bbox 740 1173 780 1195; x_wconf 89' lang='lat' dir='ltr'>ac</span> <span class='ocrx_word' id='word_1_154' title='bbox 798 1161 897 1195; x_wconf 85' lang='lat' dir='ltr'>nobis</span> <span class='ocrx_word' id='word_1_155' title='bbox 917 1161 1047 1196; x_wconf 83' lang='lat' dir='ltr'>Abbati</span> <span class='ocrx_word' id='word_1_156' title='bbox 1079 1169 1113 1197; x_wconf 90' lang='lat' dir='ltr'>et</span> <span class='ocrx_word' id='word_1_157' title='bbox 1144 1164 1335 1198; x_wconf 89' lang='lat' dir='ltr'>conventui</span> <span class='ocrx_word' id='word_1_158' title='bbox 1365 1170 1400 1198; x_wconf 89' lang='lat' dir='ltr'>et</span> <span class='ocrx_word' id='word_1_159' title='bbox 1430 1162 1676 1199; x_wconf 76' lang='lat' dir='ltr'>successoribus</span> 
     </span>
     <span class='ocr_line' id='line_1_17' title="bbox 195 1216 1674 1267; baseline 0.001 -15"><span class='ocrx_word' id='word_1_160' title='bbox 195 1216 329 1258; x_wconf 87' lang='lat' dir='ltr'>nostris,</span> <span class='ocrx_word' id='word_1_161' title='bbox 361 1229 400 1251; x_wconf 91' lang='lat' dir='ltr'>ac</span> <span class='ocrx_word' id='word_1_162' title='bbox 419 1216 521 1251; x_wconf 60' lang='lat' dir='ltr'>dififis</span> <span class='ocrx_word' id='word_1_163' title='bbox 538 1216 672 1251; x_wconf 85' lang='lat' dir='ltr'>ballivis</span> <span class='ocrx_word' id='word_1_164' title='bbox 703 1222 737 1252; x_wconf 88' lang='lat' dir='ltr'>et</span> <span class='ocrx_word' id='word_1_165' title='bbox 763 1218 1006 1252; x_wconf 85' lang='lat' dir='ltr'>communitati</span> <span class='ocrx_word' id='word_1_166' title='bbox 1033 1224 1068 1253; x_wconf 87' lang='lat' dir='ltr'>et</span> <span class='ocrx_word' id='word_1_167' title='bbox 1092 1219 1235 1254; x_wconf 81' lang='lat' dir='ltr'>utilitati</span> <span class='ocrx_word' id='word_1_168' title='bbox 1262 1220 1441 1255; x_wconf 87' lang='lat' dir='ltr'>communi</span> <span class='ocrx_word' id='word_1_169' title='bbox 1458 1220 1543 1255; x_wconf 67' lang='lat' dir='ltr'>dieti</span> <span class='ocrx_word' id='word_1_170' title='bbox 1560 1220 1674 1267; x_wconf 83' lang='lat' dir='ltr'>burgi,</span> 
     </span>
     <span class='ocr_line' id='line_1_18' title="bbox 195 1272 1677 1324; baseline 0.001 -15"><span class='ocrx_word' id='word_1_171' title='bbox 195 1280 300 1322; x_wconf 90' lang='lat' dir='ltr'>prout</span> <span class='ocrx_word' id='word_1_172' title='bbox 318 1272 506 1320; x_wconf 85' lang='lat' dir='ltr'>burgenses</span> <span class='ocrx_word' id='word_1_173' title='bbox 535 1274 572 1307; x_wconf 93' lang='lat' dir='ltr'>in</span> <span class='ocrx_word' id='word_1_174' title='bbox 602 1273 676 1307; x_wconf 89' lang='lat' dir='ltr'>aliis</span> <span class='ocrx_word' id='word_1_175' title='bbox 694 1274 812 1320; x_wconf 86' lang='lat' dir='ltr'>burgis</span> <span class='ocrx_word' id='word_1_176' title='bbox 830 1275 962 1310; x_wconf 89' lang='lat' dir='ltr'>faciunt</span> <span class='ocrx_word' id='word_1_177' title='bbox 988 1275 1046 1310; x_wconf 87' lang='lat' dir='ltr'>seu</span> <span class='ocrx_word' id='word_1_178' title='bbox 1074 1275 1188 1311; x_wconf 86' lang='lat' dir='ltr'>facere</span> <span class='ocrx_word' id='word_1_179' title='bbox 1207 1276 1476 1311; x_wconf 82' lang='lat' dir='ltr'>consueverunt.</span> <span class='ocrx_word' id='word_1_180' title='bbox 1529 1276 1677 1324; x_wconf 84' lang='lat' dir='ltr'>Insuper</span> 
     </span>
     <span class='ocr_line' id='line_1_19' title="bbox 196 1330 1675 1380; baseline 0.001 -14"><span class='ocrx_word' id='word_1_181' title='bbox 196 1332 319 1366; x_wconf 88' lang='lat' dir='ltr'>damus</span> <span class='ocrx_word' id='word_1_182' title='bbox 337 1335 372 1365; x_wconf 88' lang='lat' dir='ltr'>et</span> <span class='ocrx_word' id='word_1_183' title='bbox 390 1330 613 1365; x_wconf 85' lang='lat' dir='ltr'>concedimus</span> <span class='ocrx_word' id='word_1_184' title='bbox 633 1330 811 1378; x_wconf 90' lang='lat' dir='ltr'>Prepofito</span> <span class='ocrx_word' id='word_1_185' title='bbox 831 1337 865 1366; x_wconf 90' lang='lat' dir='ltr'>et</span> <span class='ocrx_word' id='word_1_186' title='bbox 883 1331 1018 1366; x_wconf 80' lang='lat' dir='ltr'>ballivis</span> <span class='ocrx_word' id='word_1_187' title='bbox 1037 1331 1122 1366; x_wconf 65' lang='lat' dir='ltr'>dicti</span> <span class='ocrx_word' id='word_1_188' title='bbox 1152 1332 1255 1379; x_wconf 84' lang='lat' dir='ltr'>burgi</span> <span class='ocrx_word' id='word_1_189' title='bbox 1272 1345 1335 1380; x_wconf 88' lang='lat' dir='ltr'>per</span> <span class='ocrx_word' id='word_1_190' title='bbox 1353 1345 1417 1367; x_wconf 86' lang='lat' dir='ltr'>nos</span> <span class='ocrx_word' id='word_1_191' title='bbox 1434 1346 1498 1380; x_wconf 90' lang='lat' dir='ltr'>pro</span> <span class='ocrx_word' id='word_1_192' title='bbox 1516 1338 1675 1380; x_wconf 87' lang='lat' dir='ltr'>tempore</span> 
     </span>
     <span class='ocr_line' id='line_1_20' title="bbox 196 1385 1676 1436; baseline 0.001 -15"><span class='ocrx_word' id='word_1_193' title='bbox 196 1387 365 1434; x_wconf 87' lang='lat' dir='ltr'>eligendis</span> <span class='ocrx_word' id='word_1_194' title='bbox 393 1392 427 1421; x_wconf 88' lang='lat' dir='ltr'>et</span> <span class='ocrx_word' id='word_1_195' title='bbox 454 1399 576 1421; x_wconf 90' lang='lat' dir='ltr'>eorum</span> <span class='ocrx_word' id='word_1_196' title='bbox 594 1385 850 1428; x_wconf 86' lang='lat' dir='ltr'>succefforibus,</span> <span class='ocrx_word' id='word_1_197' title='bbox 878 1387 1023 1422; x_wconf 82' lang='lat' dir='ltr'>liberam</span> <span class='ocrx_word' id='word_1_198' title='bbox 1048 1388 1252 1435; x_wconf 88' lang='lat' dir='ltr'>potestatem</span> <span class='ocrx_word' id='word_1_199' title='bbox 1279 1389 1391 1424; x_wconf 89' lang='lat' dir='ltr'>curias</span> <span class='ocrx_word' id='word_1_200' title='bbox 1409 1389 1571 1436; x_wconf 88' lang='lat' dir='ltr'>burgales</span> <span class='ocrx_word' id='word_1_201' title='bbox 1589 1389 1676 1424; x_wconf 63' lang='lat' dir='ltr'>dicti</span> 
     </span>
     <span class='ocr_line' id='line_1_21' title="bbox 195 1442 1676 1493; baseline 0.001 -15"><span class='ocrx_word' id='word_1_202' title='bbox 195 1443 298 1489; x_wconf 88' lang='lat' dir='ltr'>burgi</span> <span class='ocrx_word' id='word_1_203' title='bbox 315 1443 471 1483; x_wconf 91' lang='lat' dir='ltr'>tenendi,</span> <span class='ocrx_word' id='word_1_204' title='bbox 502 1442 701 1484; x_wconf 86' lang='lat' dir='ltr'>inchoandi,</span> <span class='ocrx_word' id='word_1_205' title='bbox 731 1443 927 1478; x_wconf 89' lang='lat' dir='ltr'>affirmandi</span> <span class='ocrx_word' id='word_1_206' title='bbox 955 1450 988 1478; x_wconf 86' lang='lat' dir='ltr'>et</span> <span class='ocrx_word' id='word_1_207' title='bbox 1015 1445 1144 1479; x_wconf 87' lang='lat' dir='ltr'>totiens</span> <span class='ocrx_word' id='word_1_208' title='bbox 1172 1446 1334 1492; x_wconf 88' lang='lat' dir='ltr'>quotiens</span> <span class='ocrx_word' id='word_1_209' title='bbox 1364 1458 1452 1493; x_wconf 91' lang='lat' dir='ltr'>opus</span> <span class='ocrx_word' id='word_1_210' title='bbox 1469 1446 1576 1481; x_wconf 84' lang='lat' dir='ltr'>fuerit</span> <span class='ocrx_word' id='word_1_211' title='bbox 1593 1458 1676 1480; x_wconf 92' lang='lat' dir='ltr'>con-</span> 
     </span>
     <span class='ocr_line' id='line_1_22' title="bbox 194 1499 1676 1543; baseline 0 -7"><span class='ocrx_word' id='word_1_212' title='bbox 194 1500 366 1540; x_wconf 88' lang='lat' dir='ltr'>tinuandi,</span> <span class='ocrx_word' id='word_1_213' title='bbox 403 1499 516 1534; x_wconf 83' lang='lat' dir='ltr'>exitus</span> <span class='ocrx_word' id='word_1_214' title='bbox 547 1504 582 1534; x_wconf 85' lang='lat' dir='ltr'>et</span> <span class='ocrx_word' id='word_1_215' title='bbox 611 1500 881 1535; x_wconf 88' lang='lat' dir='ltr'>amerciamenta</span> <span class='ocrx_word' id='word_1_216' title='bbox 916 1500 1089 1535; x_wconf 62' lang='lat' dir='ltr'>dictarum</span> <span class='ocrx_word' id='word_1_217' title='bbox 1120 1502 1296 1536; x_wconf 89' lang='lat' dir='ltr'>curiarum</span> <span class='ocrx_word' id='word_1_218' title='bbox 1330 1501 1482 1543; x_wconf 81' lang='lat' dir='ltr'>levandi,</span> <span class='ocrx_word' id='word_1_219' title='bbox 1519 1501 1676 1536; x_wconf 86' lang='lat' dir='ltr'>absentes</span> 
     </span>
     <span class='ocr_line' id='line_1_23' title="bbox 195 1554 1676 1604; baseline 0.001 -12"><span class='ocrx_word' id='word_1_220' title='bbox 195 1556 418 1597; x_wconf 87' lang='lat' dir='ltr'>amerciandi,</span> <span class='ocrx_word' id='word_1_221' title='bbox 450 1554 713 1602; x_wconf 73' lang='lat' dir='ltr'>transgressores</span> <span class='ocrx_word' id='word_1_222' title='bbox 744 1563 778 1591; x_wconf 87' lang='lat' dir='ltr'>et</span> <span class='ocrx_word' id='word_1_223' title='bbox 804 1557 1046 1603; x_wconf 89' lang='lat' dir='ltr'>delinquentes</span> <span class='ocrx_word' id='word_1_224' title='bbox 1072 1558 1253 1604; x_wconf 87' lang='lat' dir='ltr'>puniendi,</span> <span class='ocrx_word' id='word_1_225' title='bbox 1282 1557 1472 1593; x_wconf 87' lang='lat' dir='ltr'>secundum</span> <span class='ocrx_word' id='word_1_226' title='bbox 1498 1558 1623 1593; x_wconf 87' lang='lat' dir='ltr'>statuta</span> <span class='ocrx_word' id='word_1_227' title='bbox 1641 1564 1676 1592; x_wconf 86' lang='lat' dir='ltr'>et</span> 
     </span>
     <span class='ocr_line' id='line_1_24' title="bbox 194 1613 1675 1661; baseline 0.001 -13"><span class='ocrx_word' id='word_1_228' title='bbox 194 1614 290 1660; x_wconf 89' lang='lat' dir='ltr'>leges</span> <span class='ocrx_word' id='word_1_229' title='bbox 303 1613 509 1659; x_wconf 88' lang='lat' dir='ltr'>burgorum,</span> <span class='ocrx_word' id='word_1_230' title='bbox 530 1618 565 1646; x_wconf 87' lang='lat' dir='ltr'>et</span> <span class='ocrx_word' id='word_1_231' title='bbox 582 1613 626 1646; x_wconf 92' lang='lat' dir='ltr'>ad</span> <span class='ocrx_word' id='word_1_232' title='bbox 645 1613 846 1659; x_wconf 86' lang='lat' dir='ltr'>eligendum</span> <span class='ocrx_word' id='word_1_233' title='bbox 860 1613 1047 1660; x_wconf 62' lang='lat' dir='ltr'>ffirjandos,</span> <span class='ocrx_word' id='word_1_234' title='bbox 1065 1613 1260 1654; x_wconf 87' lang='lat' dir='ltr'>officiarios,</span> <span class='ocrx_word' id='word_1_235' title='bbox 1280 1614 1463 1656; x_wconf 46' lang='lat' dir='ltr'>ministros</span> <span class='ocrx_word' id='word_1_236' title='bbox 1483 1614 1675 1661; x_wconf 82' lang='lat' dir='ltr'>gustatores</span> 
     </span>
     <span class='ocr_line' id='line_1_25' title="bbox 195 1668 1674 1718; baseline -0.001 -13"><span class='ocrx_word' id='word_1_237' title='bbox 195 1668 334 1705; x_wconf 79' lang='lat' dir='ltr'>cervisie</span> <span class='ocrx_word' id='word_1_238' title='bbox 353 1675 387 1703; x_wconf 87' lang='lat' dir='ltr'>et</span> <span class='ocrx_word' id='word_1_239' title='bbox 405 1669 488 1710; x_wconf 91' lang='lat' dir='ltr'>vini,</span> <span class='ocrx_word' id='word_1_240' title='bbox 509 1681 548 1703; x_wconf 89' lang='lat' dir='ltr'>ac</span> <span class='ocrx_word' id='word_1_241' title='bbox 567 1670 824 1716; x_wconf 89' lang='lat' dir='ltr'>appreciatores</span> <span class='ocrx_word' id='word_1_242' title='bbox 843 1670 1011 1710; x_wconf 87' lang='lat' dir='ltr'>carnium,</span> <span class='ocrx_word' id='word_1_243' title='bbox 1030 1674 1063 1704; x_wconf 89' lang='lat' dir='ltr'>et</span> <span class='ocrx_word' id='word_1_244' title='bbox 1075 1669 1161 1704; x_wconf 88' lang='lat' dir='ltr'>alios</span> <span class='ocrx_word' id='word_1_245' title='bbox 1172 1669 1356 1706; x_wconf 87' lang='lat' dir='ltr'>servitores</span> <span class='ocrx_word' id='word_1_246' title='bbox 1374 1670 1598 1718; x_wconf 89' lang='lat' dir='ltr'>quoscunque</span> <span class='ocrx_word' id='word_1_247' title='bbox 1609 1683 1674 1718; x_wconf 90' lang='lat' dir='ltr'>pro</span> 
     </span>
     <span class='ocr_line' id='line_1_26' title="bbox 194 1723 1675 1773; baseline 0.001 -13"><span class='ocrx_word' id='word_1_248' title='bbox 194 1727 307 1773; x_wconf 85' lang='lat' dir='ltr'>burgo</span> <span class='ocrx_word' id='word_1_249' title='bbox 325 1723 542 1766; x_wconf 82' lang='lat' dir='ltr'>neceffarios,</span> <span class='ocrx_word' id='word_1_250' title='bbox 574 1731 679 1773; x_wconf 92' lang='lat' dir='ltr'>prout</span> <span class='ocrx_word' id='word_1_251' title='bbox 710 1726 746 1760; x_wconf 91' lang='lat' dir='ltr'>in</span> <span class='ocrx_word' id='word_1_252' title='bbox 777 1726 851 1760; x_wconf 87' lang='lat' dir='ltr'>aliis</span> <span class='ocrx_word' id='word_1_253' title='bbox 869 1726 987 1773; x_wconf 84' lang='lat' dir='ltr'>burgis</span> <span class='ocrx_word' id='word_1_254' title='bbox 1014 1726 1174 1761; x_wconf 85' lang='lat' dir='ltr'>statuitur</span> <span class='ocrx_word' id='word_1_255' title='bbox 1201 1732 1236 1761; x_wconf 83' lang='lat' dir='ltr'>et</span> <span class='ocrx_word' id='word_1_256' title='bbox 1262 1727 1456 1768; x_wconf 88' lang='lat' dir='ltr'>ordinatur,</span> <span class='ocrx_word' id='word_1_257' title='bbox 1484 1726 1675 1762; x_wconf 90' lang='lat' dir='ltr'>secundum</span> 
     </span>
     <span class='ocr_line' id='line_1_27' title="bbox 196 1782 1676 1830; baseline 0.001 -13"><span class='ocrx_word' id='word_1_258' title='bbox 196 1783 268 1817; x_wconf 90' lang='lat' dir='ltr'>vim</span> <span class='ocrx_word' id='word_1_259' title='bbox 286 1787 320 1817; x_wconf 87' lang='lat' dir='ltr'>et</span> <span class='ocrx_word' id='word_1_260' title='bbox 338 1782 486 1816; x_wconf 85' lang='lat' dir='ltr'>formam</span> <span class='ocrx_word' id='word_1_261' title='bbox 505 1787 540 1816; x_wconf 93' lang='lat' dir='ltr'>et</span> <span class='ocrx_word' id='word_1_262' title='bbox 557 1788 729 1824; x_wconf 85' lang='lat' dir='ltr'>tenorem,</span> <span class='ocrx_word' id='word_1_263' title='bbox 749 1795 819 1829; x_wconf 92' lang='lat' dir='ltr'>quo</span> <span class='ocrx_word' id='word_1_264' title='bbox 838 1783 882 1817; x_wconf 88' lang='lat' dir='ltr'>ad</span> <span class='ocrx_word' id='word_1_265' title='bbox 900 1782 1136 1817; x_wconf 81' lang='lat' dir='ltr'>extenfionem</span> <span class='ocrx_word' id='word_1_266' title='bbox 1154 1783 1393 1830; x_wconf 63' lang='lat' dir='ltr'>predictarum</span> <span class='ocrx_word' id='word_1_267' title='bbox 1411 1783 1622 1824; x_wconf 87' lang='lat' dir='ltr'>libertatum,</span> <span class='ocrx_word' id='word_1_268' title='bbox 1636 1790 1676 1818; x_wconf 88' lang='lat' dir='ltr'>ut</span> 
     </span>
     <span class='ocr_line' id='line_1_28' title="bbox 195 1837 1674 1887; baseline 0.001 -14"><span class='ocrx_word' id='word_1_269' title='bbox 195 1840 232 1873; x_wconf 93' lang='lat' dir='ltr'>in</span> <span class='ocrx_word' id='word_1_270' title='bbox 250 1843 344 1873; x_wconf 88' lang='lat' dir='ltr'>carta</span> <span class='ocrx_word' id='word_1_271' title='bbox 362 1838 447 1872; x_wconf 73' lang='grc' dir='ltr'>(Ιίἂί</span> <span class='ocrx_word' id='word_1_272' title='bbox 464 1837 616 1885; x_wconf 91' lang='lat' dir='ltr'>supremi</span> <span class='ocrx_word' id='word_1_273' title='bbox 633 1838 765 1873; x_wconf 87' lang='lat' dir='ltr'>domini</span> <span class='ocrx_word' id='word_1_274' title='bbox 784 1839 890 1873; x_wconf 86' lang='lat' dir='ltr'>nostri</span> <span class='ocrx_word' id='word_1_275' title='bbox 911 1839 1019 1886; x_wconf 81' lang='lat' dir='ltr'>Regis</span> <span class='ocrx_word' id='word_1_276' title='bbox 1038 1839 1081 1874; x_wconf 92' lang='lat' dir='ltr'>de</span> <span class='ocrx_word' id='word_1_277' title='bbox 1098 1840 1283 1887; x_wconf 86' lang='lat' dir='ltr'>privilegio</span> <span class='ocrx_word' id='word_1_278' title='bbox 1302 1840 1387 1874; x_wconf 63' lang='lat' dir='ltr'>dicti</span> <span class='ocrx_word' id='word_1_279' title='bbox 1401 1840 1503 1887; x_wconf 90' lang='lat' dir='ltr'>burgi</span> <span class='ocrx_word' id='word_1_280' title='bbox 1521 1841 1558 1875; x_wconf 92' lang='lat' dir='ltr'>in</span> <span class='ocrx_word' id='word_1_281' title='bbox 1575 1841 1674 1876; x_wconf 89' lang='lat' dir='ltr'>baro—</span> 
     </span>
     <span class='ocr_line' id='line_1_29' title="bbox 195 1892 1674 1944; baseline 0.002 -15"><span class='ocrx_word' id='word_1_282' title='bbox 195 1895 254 1929; x_wconf 86' lang='lat' dir='ltr'>nia</span> <span class='ocrx_word' id='word_1_283' title='bbox 284 1893 384 1928; x_wconf 86' lang='lat' dir='ltr'>nobis</span> <span class='ocrx_word' id='word_1_284' title='bbox 414 1899 449 1928; x_wconf 86' lang='lat' dir='ltr'>et</span> <span class='ocrx_word' id='word_1_285' title='bbox 478 1892 724 1929; x_wconf 83' lang='lat' dir='ltr'>succefforibus</span> <span class='ocrx_word' id='word_1_286' title='bbox 753 1895 876 1929; x_wconf 83' lang='lat' dir='ltr'>nostris</span> <span class='ocrx_word' id='word_1_287' title='bbox 906 1894 1063 1930; x_wconf 84' lang='lat' dir='ltr'>conceffa</span> <span class='ocrx_word' id='word_1_288' title='bbox 1092 1896 1229 1943; x_wconf 86' lang='lat' dir='ltr'>plenius</span> <span class='ocrx_word' id='word_1_289' title='bbox 1260 1897 1472 1931; x_wconf 85' lang='lat' dir='ltr'>continetur.</span> <span class='ocrx_word' id='word_1_290' title='bbox 1526 1896 1674 1944; x_wconf 85' lang='lat' dir='ltr'>Insuper</span> 
     </span>
     <span class='ocr_line' id='line_1_30' title="bbox 197 1950 1673 1998; baseline 0.002 -14"><span class='ocrx_word' id='word_1_291' title='bbox 197 1951 319 1985; x_wconf 87' lang='lat' dir='ltr'>damus</span> <span class='ocrx_word' id='word_1_292' title='bbox 337 1955 371 1984; x_wconf 89' lang='lat' dir='ltr'>et</span> <span class='ocrx_word' id='word_1_293' title='bbox 390 1950 614 1985; x_wconf 87' lang='lat' dir='ltr'>concedimus</span> <span class='ocrx_word' id='word_1_294' title='bbox 639 1950 774 1986; x_wconf 87' lang='lat' dir='ltr'>ballivis</span> <span class='ocrx_word' id='word_1_295' title='bbox 794 1952 879 1986; x_wconf 70' lang='lat' dir='ltr'>dicti</span> <span class='ocrx_word' id='word_1_296' title='bbox 903 1952 1006 1998; x_wconf 92' lang='lat' dir='ltr'>burgi</span> <span class='ocrx_word' id='word_1_297' title='bbox 1024 1964 1086 1998; x_wconf 91' lang='lat' dir='ltr'>per</span> <span class='ocrx_word' id='word_1_298' title='bbox 1104 1965 1168 1986; x_wconf 88' lang='lat' dir='ltr'>nos</span> <span class='ocrx_word' id='word_1_299' title='bbox 1188 1957 1222 1986; x_wconf 88' lang='lat' dir='ltr'>et</span> <span class='ocrx_word' id='word_1_300' title='bbox 1240 1951 1445 1987; x_wconf 82' lang='lat' dir='ltr'>succeffores</span> <span class='ocrx_word' id='word_1_301' title='bbox 1462 1953 1596 1988; x_wconf 88' lang='lat' dir='ltr'>nostros</span> <span class='ocrx_word' id='word_1_302' title='bbox 1615 1954 1673 1988; x_wconf 90' lang='lat' dir='ltr'>eli-</span> 
     </span>
     <span class='ocr_line' id='line_1_31' title="bbox 195 2006 1673 2056; baseline 0.003 -16"><span class='ocrx_word' id='word_1_303' title='bbox 195 2006 318 2053; x_wconf 87' lang='lat' dir='ltr'>gendis</span> <span class='ocrx_word' id='word_1_304' title='bbox 336 2006 526 2053; x_wconf 88' lang='lat' dir='ltr'>plenariam</span> <span class='ocrx_word' id='word_1_305' title='bbox 543 2006 746 2053; x_wconf 89' lang='lat' dir='ltr'>potestatem</span> <span class='ocrx_word' id='word_1_306' title='bbox 765 2006 824 2042; x_wconf 86' lang='lat' dir='ltr'>seu</span> <span class='ocrx_word' id='word_1_307' title='bbox 841 2008 1042 2043; x_wconf 80' lang='lat' dir='ltr'>facultatem</span> <span class='ocrx_word' id='word_1_308' title='bbox 1061 2008 1218 2055; x_wconf 85' lang='lat' dir='ltr'>capiendi</span> <span class='ocrx_word' id='word_1_309' title='bbox 1246 2014 1281 2042; x_wconf 88' lang='lat' dir='ltr'>et</span> <span class='ocrx_word' id='word_1_310' title='bbox 1310 2009 1500 2055; x_wconf 90' lang='lat' dir='ltr'>recipiendi</span> <span class='ocrx_word' id='word_1_311' title='bbox 1527 2008 1673 2056; x_wconf 89' lang='lat' dir='ltr'>refigna-</span> 
     </span>
     <span class='ocr_line' id='line_1_32' title="bbox 195 2061 1674 2110; baseline 0.002 -13"><span class='ocrx_word' id='word_1_312' title='bbox 195 2063 309 2098; x_wconf 89' lang='lat' dir='ltr'>tiones</span> <span class='ocrx_word' id='word_1_313' title='bbox 336 2062 493 2096; x_wconf 90' lang='lat' dir='ltr'>omnium</span> <span class='ocrx_word' id='word_1_314' title='bbox 523 2068 558 2096; x_wconf 82' lang='lat' dir='ltr'>et</span> <span class='ocrx_word' id='word_1_315' title='bbox 584 2061 796 2110; x_wconf 72' lang='lat' dir='ltr'>singularum</span> <span class='ocrx_word' id='word_1_316' title='bbox 822 2070 995 2098; x_wconf 84' lang='lat' dir='ltr'>terrarum</span> <span class='ocrx_word' id='word_1_317' title='bbox 1022 2077 1178 2098; x_wconf 87' lang='lat' dir='ltr'>acrarum</span> <span class='ocrx_word' id='word_1_318' title='bbox 1208 2070 1243 2098; x_wconf 91' lang='lat' dir='ltr'>et</span> <span class='ocrx_word' id='word_1_319' title='bbox 1271 2070 1556 2099; x_wconf 88' lang='lat' dir='ltr'>tenementorum</span> <span class='ocrx_word' id='word_1_320' title='bbox 1582 2066 1674 2102; x_wconf 83' lang='lat' dir='ltr'>infra</span> 
     </span>
     <span class='ocr_line' id='line_1_33' title="bbox 195 2118 1672 2170; baseline 0.003 -18"><span class='ocrx_word' id='word_1_321' title='bbox 195 2118 306 2166; x_wconf 88' lang='lat' dir='ltr'>ipsum</span> <span class='ocrx_word' id='word_1_322' title='bbox 324 2118 475 2164; x_wconf 82' lang='lat' dir='ltr'>burgum</span> <span class='ocrx_word' id='word_1_323' title='bbox 499 2118 705 2165; x_wconf 87' lang='lat' dir='ltr'>jacentium,</span> <span class='ocrx_word' id='word_1_324' title='bbox 738 2125 772 2154; x_wconf 87' lang='lat' dir='ltr'>et</span> <span class='ocrx_word' id='word_1_325' title='bbox 801 2119 933 2155; x_wconf 73' lang='lat' dir='ltr'>laifinas</span> <span class='ocrx_word' id='word_1_326' title='bbox 951 2126 989 2154; x_wconf 88' lang='lat' dir='ltr'>ut</span> <span class='ocrx_word' id='word_1_327' title='bbox 1008 2120 1114 2154; x_wconf 88' lang='lat' dir='ltr'>moris</span> <span class='ocrx_word' id='word_1_328' title='bbox 1142 2120 1189 2154; x_wconf 85' lang='lat' dir='ltr'>est</span> <span class='ocrx_word' id='word_1_329' title='bbox 1216 2120 1251 2154; x_wconf 91' lang='lat' dir='ltr'>in</span> <span class='ocrx_word' id='word_1_330' title='bbox 1282 2119 1393 2166; x_wconf 89' lang='lat' dir='ltr'>burgo</span> <span class='ocrx_word' id='word_1_331' title='bbox 1412 2121 1579 2156; x_wconf 84' lang='lat' dir='ltr'>uxoribus</span> <span class='ocrx_word' id='word_1_332' title='bbox 1596 2122 1672 2170; x_wconf 90' lang='lat' dir='ltr'>ipfis</span> 
     </span>
     <span class='ocr_line' id='line_1_34' title="bbox 195 2173 1672 2223; baseline 0.004 -15"><span class='ocrx_word' id='word_1_333' title='bbox 195 2173 446 2223; x_wconf 82' lang='lat' dir='ltr'>possidentibus</span> <span class='ocrx_word' id='word_1_334' title='bbox 463 2173 521 2209; x_wconf 89' lang='lat' dir='ltr'>seu</span> <span class='ocrx_word' id='word_1_335' title='bbox 539 2175 630 2209; x_wconf 91' lang='lat' dir='ltr'>veris</span> <span class='ocrx_word' id='word_1_336' title='bbox 648 2175 835 2210; x_wconf 85' lang='lat' dir='ltr'>heredibus</span> <span class='ocrx_word' id='word_1_337' title='bbox 851 2178 1045 2211; x_wconf 86' lang='lat' dir='ltr'>eorundem</span> <span class='ocrx_word' id='word_1_338' title='bbox 1057 2177 1217 2212; x_wconf 85' lang='lat' dir='ltr'>conferre</span> <span class='ocrx_word' id='word_1_339' title='bbox 1236 2183 1271 2212; x_wconf 90' lang='lat' dir='ltr'>et</span> <span class='ocrx_word' id='word_1_340' title='bbox 1289 2177 1492 2219; x_wconf 86' lang='lat' dir='ltr'>deliberare,</span> <span class='ocrx_word' id='word_1_341' title='bbox 1513 2178 1672 2215; x_wconf 90' lang='lat' dir='ltr'>dummo-</span> 
     </span>
     <span class='ocr_line' id='line_1_35' title="bbox 196 2229 1671 2281; baseline 0.003 -15"><span class='ocrx_word' id='word_1_342' title='bbox 196 2231 242 2266; x_wconf 92' lang='lat' dir='ltr'>do</span> <span class='ocrx_word' id='word_1_343' title='bbox 260 2230 356 2265; x_wconf 87' lang='lat' dir='ltr'>nulle</span> <span class='ocrx_word' id='word_1_344' title='bbox 373 2230 439 2265; x_wconf 90' lang='lat' dir='ltr'>alie</span> <span class='ocrx_word' id='word_1_345' title='bbox 456 2229 602 2278; x_wconf 88' lang='lat' dir='ltr'>persone</span> <span class='ocrx_word' id='word_1_346' title='bbox 619 2230 772 2265; x_wconf 82' lang='lat' dir='ltr'>saifinam</span> <span class='ocrx_word' id='word_1_347' title='bbox 800 2232 885 2267; x_wconf 88' lang='lat' dir='ltr'>dent</span> <span class='ocrx_word' id='word_1_348' title='bbox 912 2245 1025 2279; x_wconf 88' lang='lat' dir='ltr'>neque</span> <span class='ocrx_word' id='word_1_349' title='bbox 1051 2232 1318 2279; x_wconf 84' lang='lat' dir='ltr'>refignationem</span> <span class='ocrx_word' id='word_1_350' title='bbox 1337 2233 1516 2281; x_wconf 88' lang='lat' dir='ltr'>recipient,</span> <span class='ocrx_word' id='word_1_351' title='bbox 1548 2235 1671 2271; x_wconf 89' lang='lat' dir='ltr'>nostris</span> 
     </span>
     <span class='ocr_line' id='line_1_36' title="bbox 195 2284 1671 2338; baseline 0.004 -18"><span class='ocrx_word' id='word_1_352' title='bbox 195 2285 264 2321; x_wconf 88' lang='lat' dir='ltr'>fine</span> <span class='ocrx_word' id='word_1_353' title='bbox 283 2285 450 2320; x_wconf 88' lang='lat' dir='ltr'>consensu</span> <span class='ocrx_word' id='word_1_354' title='bbox 469 2291 503 2320; x_wconf 88' lang='lat' dir='ltr'>et</span> <span class='ocrx_word' id='word_1_355' title='bbox 521 2284 652 2321; x_wconf 78' lang='lat' dir='ltr'>afl&#39;ensu</span> <span class='ocrx_word' id='word_1_356' title='bbox 671 2286 816 2334; x_wconf 89' lang='lat' dir='ltr'>desuper</span> <span class='ocrx_word' id='word_1_357' title='bbox 833 2288 950 2334; x_wconf 84' lang='lat' dir='ltr'>petitis</span> <span class='ocrx_word' id='word_1_358' title='bbox 976 2295 1010 2322; x_wconf 86' lang='lat' dir='ltr'>et</span> <span class='ocrx_word' id='word_1_359' title='bbox 1037 2288 1199 2323; x_wconf 86' lang='lat' dir='ltr'>obtentis.</span> <span class='ocrx_word' id='word_1_360' title='bbox 1252 2289 1428 2324; x_wconf 87' lang='lat' dir='ltr'>Volumus</span> <span class='ocrx_word' id='word_1_361' title='bbox 1454 2291 1558 2325; x_wconf 86' lang='lat' dir='ltr'>etiam</span> <span class='ocrx_word' id='word_1_362' title='bbox 1576 2293 1671 2338; x_wconf 92' lang='lat' dir='ltr'>quod</span> 
     </span>
     <span class='ocr_line' id='line_1_37' title="bbox 196 2341 1671 2390; baseline 0.003 -13"><span class='ocrx_word' id='word_1_363' title='bbox 196 2343 281 2378; x_wconf 65' lang='lat' dir='ltr'>dicti</span> <span class='ocrx_word' id='word_1_364' title='bbox 300 2341 497 2390; x_wconf 90' lang='lat' dir='ltr'>Prepofitus</span> <span class='ocrx_word' id='word_1_365' title='bbox 515 2347 550 2378; x_wconf 91' lang='lat' dir='ltr'>et</span> <span class='ocrx_word' id='word_1_366' title='bbox 566 2342 684 2378; x_wconf 86' lang='lat' dir='ltr'>ballivi</span> <span class='ocrx_word' id='word_1_367' title='bbox 703 2343 788 2379; x_wconf 65' lang='lat' dir='ltr'>dhsti</span> <span class='ocrx_word' id='word_1_368' title='bbox 806 2343 908 2390; x_wconf 88' lang='lat' dir='ltr'>burgi</span> <span class='ocrx_word' id='word_1_369' title='bbox 925 2345 1105 2380; x_wconf 87' lang='lat' dir='ltr'>annuatim</span> <span class='ocrx_word' id='word_1_370' title='bbox 1132 2345 1176 2380; x_wconf 84' lang='lat' dir='ltr'>ad</span> <span class='ocrx_word' id='word_1_371' title='bbox 1201 2345 1391 2380; x_wconf 90' lang='lat' dir='ltr'>terminum</span> <span class='ocrx_word' id='word_1_372' title='bbox 1418 2351 1452 2381; x_wconf 88' lang='lat' dir='ltr'>et</span> <span class='ocrx_word' id='word_1_373' title='bbox 1478 2347 1608 2382; x_wconf 87' lang='lat' dir='ltr'>curiam</span> <span class='ocrx_word' id='word_1_374' title='bbox 1628 2348 1671 2382; x_wconf 89' lang='lat' dir='ltr'>de</span> 
     </span>
    </p>
   </div>
  </div>
 </body>
</html>
