1870 2683
770 263 840 298 DE
868 264 1138 300 PASSELET.
1624 270 1695 302 385

212 364 268 394 tus
281 358 463 394 Gilbertus
481 360 517 394 in
535 373 624 407 puro
642 360 822 395 excambio
840 361 1048 407 burgagium
1067 361 1166 396 suum
1185 362 1279 408 quod
1295 362 1408 396 dictus
1423 363 1585 397 dominus
1598 362 1694 410 Epis-

211 428 319 462 copus
337 414 395 449 fibi
415 416 511 450 dedit
529 416 584 450 vel
603 416 746 451 donavit
775 430 839 463 pro
870 417 1008 452 servitio
1039 417 1110 458 suo,
1144 418 1238 464 quod
1262 418 1357 465 jacet
1375 419 1467 453 inter
1484 419 1691 466 burgagium

210 476 296 506 tunc
314 473 481 519 temporis
502 472 650 507 Roberti
669 473 787 507 vicarii
806 486 850 507 ex
867 479 964 520 parte
983 474 1122 508 australi
1141 481 1176 509 et
1193 474 1403 521 burgagium
1433 476 1609 522 quondam
1630 476 1692 510 Ri-

210 529 304 563 cardi
324 529 408 563 dieti
430 529 620 564 Borwman
632 542 676 563 ex
689 534 787 576 parte
805 530 1005 575 aquilonali,
1028 531 1234 565 Alexandro
1253 532 1414 578 predic-“to
1427 532 1523 566 dedit
1541 538 1576 567 et
1593 533 1692 567 here-

209 584 333 619 ditarie
351 585 515 625 feodavit,
535 597 599 631 pro
619 584 787 631 burgagi0
806 585 867 619 suo
886 586 979 631 quod
997 586 1063 621 fuit
1089 588 1267 633 quondam
1294 588 1502 634 burgagium
1521 588 1690 623 Cristiane

209 639 338 674 Briane
357 641 534 680 defuncte,
562 640 655 686 quod
683 640 777 687 jacet
796 642 886 675 inter
904 647 1033 677 terram
1054 643 1251 678 Alexandri
1270 643 1331 677 filii
1351 644 1494 678 Ricardi
1512 645 1688 690 quondam

207 696 450 730 constabularii
470 697 512 730 de
528 696 673 742 Glasgw
686 709 728 730 ex
747 703 845 743 parte
864 698 1072 733 occidentali
1093 706 1126 733 et
1145 700 1235 733 viam
1251 700 1382 746 regiam
1402 714 1444 734 ex
1462 706 1560 747 parte
1576 702 1688 735 orien-

206 753 290 796 tali3
321 753 377 787 Ita
394 759 512 788 tamen
530 754 625 799 quod
644 754 758 788 dietus
778 754 962 788 Gilbertus
993 761 1027 789 et
1054 755 1199 789 heredes
1218 754 1267 789 sui
1286 756 1564 790 warantizabunt
1591 757 1687 791 dicto

206 809 414 844 Alexandro
432 816 467 844 et
485 810 670 844 heredibus
687 809 754 844 suis
773 811 828 845 vel
846 810 913 845 suis
931 809 1102 857 assignatis
1120 811 1329 857 burgagium
1348 812 1446 846 suum
1465 814 1686 859 prenomina-

204 873 279 901 tum
299 880 378 902 cum
406 867 637 914 pertinentiiS,
672 873 707 901 et
738 873 860 902 contra
878 880 999 901 omnes
1018 867 1176 902 homines
1207 873 1241 901 et
1272 868 1417 902 feminas
1443 869 1633 904 defendent
1652 876 1686 904 et

201 923 419 969 quietabunt.
473 923 519 957 Et
537 923 651 957 dietus
672 923 877 957 Alexander
908 929 942 957 et
975 924 1121 958 heredes
1138 923 1188 958 sui
1208 924 1331 958 eodem
1359 925 1464 959 modo
1484 927 1685 960 warantiza-

201 979 300 1020 bunt,
321 979 511 1014 defendent
528 985 564 1013 et
582 979 788 1025 quIetabunt
800 979 896 1013 dicto
911 980 1075 1014 Gilberto
1095 986 1129 1014 et
1147 980 1334 1014 heredibus
1351 980 1418 1015 suis
1432 982 1487 1015 vel
1505 982 1572 1016 suis
1590 980 1685 1028 aflig-

200 1037 290 1071 natis
309 1036 514 1082 burgagium
534 1035 632 1070 suum
653 1036 949 1083 prenominatum.
1002 1038 1111 1072 Salvis
1130 1038 1210 1071 hinc
1228 1038 1309 1072 inde
1322 1038 1445 1072 debitis
1457 1039 1564 1073 firmis
1582 1039 1683 1086 burgi

199 1099 235 1128 et
252 1093 397 1128 lervitiis
420 1092 578 1140 Episcopi
608 1099 643 1127 et
673 1093 820 1127 auxiliis.
875 1094 921 1128 Et
951 1094 987 1127 in
1018 1094 1121 1140 hujus
1149 1094 1228 1140 puri
1247 1094 1416 1128 excambii
1434 1095 1681 1136 testimonium,

199 1150 324 1196 scripto
356 1148 517 1184 residenti
535 1162 642 1196 penes
661 1149 866 1183 alterutram
884 1156 1019 1196 partem
1039 1149 1168 1184 divifim
1196 1164 1382 1185 commune
1408 1149 1556 1198 sigillum
1584 1152 1683 1187 Glas-

197 1205 333 1253 guenfis
353 1206 500 1240 civitatis
520 1205 565 1240 est
583 1205 772 1252 appensum
792 1219 942 1240 unacum
960 1204 1076 1252 figillis
1091 1207 1239 1253 predicti
1256 1206 1409 1241 Gilberti
1423 1213 1457 1242 et
1473 1207 1679 1244 Alexandri.

199 1262 302 1297 Teste
323 1262 575 1296 communitate
594 1261 758 1309 ejusdem.

193 1432 304 1467 Carta
321 1432 437 1466 nostra
453 1432 613 1479 burgagii
633 1432 669 1466 in
688 1432 717 1467 le
738 1432 933 1468 Ratonraw
952 1433 1053 1480 burgi
1073 1434 1115 1467 de
1135 1433 1290 1480 Glalgw.

194 1544 409 1580 PATEAT
426 1544 593 1580 univerfis
618 1544 795 1593 presentes
823 1545 957 1580 litteras
986 1545 1193 1592 inspecturis
1220 1546 1314 1592 quod
1347 1559 1411 1593 ego
1432 1547 1615 1582 lVilelmus
1634 1549 1676 1583 de

194 1600 333 1635 Bonkel
350 1601 528 1648 burgenfis
547 1602 590 1636 de
610 1600 754 1648 Glasgw
772 1615 836 1648 pro
855 1615 911 1636 me
930 1608 965 1636 et
983 1602 1169 1636 heredibus
1200 1603 1284 1637 meis
1316 1602 1462 1638 concessi
1481 1609 1516 1638 et
1533 1605 1676 1639 vendidi

191 1656 356 1704 religiosis
370 1658 452 1692 viris
469 1658 598 1692 Abbati
612 1664 646 1692 et
661 1659 851 1692 conventui
865 1657 1061 1692 monasterii
1076 1658 1119 1692 de
1138 1658 1272 1693 Passeto
1284 1664 1393 1694 totam
1414 1665 1543 1694 terram
1562 1673 1675 1695 meam

192 1726 270 1748 cum
290 1714 510 1761 pertinentiis
522 1714 699 1761 jacentem
719 1714 810 1748 infra
827 1715 978 1761 burgum
998 1714 1040 1749 de
1060 1713 1203 1760 Glal'gw
1217 1715 1252 1748 iu
1268 1716 1344 1749 vico
1363 1716 1421 1762 qui
1440 1722 1586 1750 vocatur
1606 1717 1675 1751 Ra-

191 1777 340 1811 tonraw,
373 1771 464 1805 inter
482 1777 611 1805 terram
632 1772 765 1805 domini
787 1771 953 1806 Mauricii
974 1771 1111 1805 Starine
1130 1771 1299 1818 capellani
1329 1785 1371 1806 ex
1397 1778 1496 1819 parte
1515 1773 1674 1808 occiden-

190 1826 250 1860 tali
269 1832 303 1860 et
316 1826 452 1861 stratam
473 1827 603 1872 regiam
619 1840 686 1873 que
701 1828 828 1862 dicitur
846 1828 876 1862 le
893 1827 1061 1874 PVeynde
1076 1841 1118 1861 ex
1132 1833 1231 1874 parte
1247 1829 1420 1869 orientali,
1440 1842 1504 1876 pro
1523 1830 1672 1875 quadam

189 1881 323 1917 summa
347 1883 495 1930 pecunie
514 1883 598 1916 mihi
617 1896 680 1930 per
698 1884 811 1918 dictos
829 1883 1007 1930 religiosos
1033 1897 1095 1930 pre
1125 1884 1284 1918 manibus
1313 1885 1467 1919 totaliter
1485 1886 1670 1933 persoluta.

190 1939 306 1981 Quam
334 1940 474 1986 quidem
506 1945 635 1974 terram
666 1953 745 1974 cum
774 1940 994 1987 pertinentiis
1013 1940 1197 1975 Gilbertus
1216 1941 1257 1975 de
1278 1940 1437 1981 Camera,
1466 1949 1671 1989 paupertate

188 1995 378 2031 secundum
397 1996 511 2042 legem
529 1995 722 2042 burgorum
741 1996 887 2043 probata
905 1998 1058 2037 coactus,
1080 1998 1209 2045 optulit
1226 1998 1534 2044 propinquioribus
1547 2012 1670 2046 paren-

187 2052 279 2086 tibus
310 2057 344 2086 et
371 2052 490 2086 amicis
519 2052 563 2085 ad
592 2052 660 2086 tria
677 2052 803 2098 placita
821 2053 980 2099 capitalia
998 2054 1230 2093 vendendam,
1261 2059 1294 2087 et
1320 2067 1422 2099 quam
1442 2060 1569 2089 terram
1590 2069 1668 2090 cum

188 2108 408 2154 pertinenssis
427 2108 518 2141 idem
534 2107 718 2142 Gilbertus
737 2108 772 2142 in
791 2109 931 2142 defectu
950 2115 1135 2155 parentum
1154 2115 1189 2143 et
1207 2110 1398 2144 amicorum
1413 2110 1497 2144 mihi
1512 2111 1670 2146 vendidit

187 2165 230 2199 ad
249 2177 336 2211 opus
355 2176 471 2198 meum
491 2169 525 2197 et
542 2164 712 2198 heredum
731 2177 890 2198 meorum
911 2170 944 2198 et
963 2162 1210 2210 affignatorum
1242 2178 1413 2199 meorum.
1466 2165 1576 2213 Cujus
1595 2169 1667 2214 qui-

187 2221 266 2255 dem
285 2226 378 2254 terre
397 2232 476 2254 cum
495 2219 717 2266 pertinentiis
735 2219 885 2253 saifinam
905 2221 1108 2267 recuperavi
1126 2234 1190 2267 pro
1210 2234 1264 2255 me
1284 2226 1318 2255 et
1336 2221 1522 2256 heredibus
1536 2224 1621 2258 meis
1633 2230 1668 2259 et

187 2275 359 2323 affignatis
378 2276 462 2310 meis
481 2275 524 2309 de
543 2274 709 2309 consensu
728 2275 812 2310 dieti
844 2275 998 2310 Gilberti
1029 2289 1090 2323 per
1120 2275 1310 2323 prepofitos
1341 2283 1375 2312 et
1404 2278 1551 2314 ballivos
1582 2280 1665 2315 dieii

186 2333 301 2379 burgi,
319 2333 407 2367 hora
424 2332 492 2366 diei
510 2331 692 2378 legittima,
712 2344 791 2367 cum
811 2332 850 2366 in
868 2331 945 2366 tolle
963 2338 998 2367 et
1015 2337 1094 2368 oute
1112 2333 1199 2374 tolle,
1230 2333 1264 2367 in
1290 2333 1463 2381 presentia
1481 2335 1666 2372 duodecim

889 2391 912 2422 3
933 2401 952 2423 c
