1839 2652
167 293 238 326 110
565 287 881 323 REGISTRUM
909 287 1249 325 MONASTERII

168 385 249 420 fiam
268 385 311 420 de
330 383 463 424 Ρο1108,
484 396 563 418 cum
581 384 684 418 terris
702 389 737 418 et
754 383 897 418 decimis
923 389 958 419 et
986 383 1147 418 omnibus
1164 384 1315 433 ipsarum
1334 385 1552 423 ecclefiarum
1571 400 1652 436 pro-

169 441 331 477 ventibus
349 446 384 475 et
403 439 502 488 justis
519 440 739 487 pertinentiis
764 439 843 480 suis,
875 446 910 475 et
937 439 1161 488 perlbnatum
1187 441 1378 476 earundem
1405 442 1623 480 ecclefiarum
1638 456 1650 479 ε

170 497 359 533 Tenendas
377 497 637 544 imperpetuum
654 496 703 530 ita
725 496 845 537 libere,
873 497 1001 543 quiete,
1029 496 1186 543 plenarie
1205 502 1240 531 et
1257 497 1462 539 honorifice,
1489 497 1574 534 ficut
1591 500 1652 535 ali-

170 554 229 600 qui
247 553 313 587 viri
331 551 480 599 religiofi
497 552 533 587 in
552 551 751 600 episcopatu
771 552 978 599 Glalguenfi
1002 552 1134 599 aliquas
1160 552 1316 588 ecclesias
1334 553 1378 588 ad
1394 553 1475 589 usus
1491 555 1655 602 proprios

167 609 228 644 fibi
246 609 354 650 datas,
373 609 527 650 liberius,
547 609 709 655 quietius,
736 608 874 656 plenius
892 614 927 644 et
944 609 1244 650 honorificentius,
1271 614 1397 645 tenent
1414 614 1450 645 et
1467 608 1651 657 poffident‚

170 670 206 700 et
222 663 307 700 ficut
325 670 419 700 carte
436 664 528 700 bone
547 665 715 699 memorie
733 664 885 700 Jocelini
903 664 1052 712 episcopi
1064 665 1155 713 juste
1172 665 1342 701 testantur
1362 670 1397 701 et
1415 666 1625 701 confirmant
1642 680 1654 710 ;

171 722 283 757 Salvis
300 722 400 756 nobis
417 720 606 768 nostrisque
623 719 869 756 succefforibus
885 720 1133 769 episcopalibus
1146 722 1417 770 imperpetuum.
1470 721 1552 757 Hiis
1565 722 1656 758 testi-

170 778 246 820 bus,
268 777 449 813 Herberto
468 778 613 819 decano,
635 777 796 812 Roberto
814 777 1060 813 archidiacono
1074 777 1294 825 Glasguenfi,
1313 777 1476 825 magistro
1491 777 1514 814 J
1517 778 1656 813 ohanne

172 834 311 869 officiali
329 833 458 875 nostro,
479 833 588 875 Beda,
609 833 699 875 Elia,
726 833 749 869 J
752 833 900 874 ocelino,
927 834 1104 870 canonicis
1121 834 1245 869 nostris
1264 833 1547 881 Glasguenfibus,
1575 834 1657 869 Phi-

172 889 269 938 lippo
287 891 331 925 de
359 890 520 931 Perthec,
552 895 588 925 et
618 889 780 936 magistro
812 888 1046 932 Theoderico,
1079 896 1113 926 et
1142 890 1319 926 Mauricio
1350 891 1490 934 Luvell,
1522 890 1657 927 clericis

172 946 307 988 nostris,
329 946 525 982 Benedicto
544 946 737 994 capellano,
755 945 920 982 Johanne
939 947 981 981 de
1001 946 1153 988 Kilbrid,
1174 952 1209 982 et
1226 947 1346 982 multis
1363 947 1450 984 aliis.

174 1116 407 1153 Confirmatio
426 1114 568 1164 capituli
586 1114 819 1162 Glasguenfis,
840 1114 883 1150 de
901 1114 1048 1150 ecclefiis
1065 1113 1271 1162 subscriptis.

173 1229 414 1266 OMNIBUS
432 1227 550 1263 sancte
576 1228 697 1263 matris
724 1226 862 1263 ecclefie
889 1228 969 1262 filiis
1002 1228 1202 1263 Herbertus
1233 1227 1385 1263 decanus
1410 1232 1445 1263 et
1462 1226 1654 1276 capitulum

175 1284 396 1332 Glasguenfis
415 1283 554 1319 ecclefie
570 1283 717 1319 salutem
734 1285 771 1318 in
790 1283 961 1319 Domino.
997 1284 1120 1319 Sciatis
1136 1297 1201 1319 nos
1218 1284 1349 1319 intuitu
1367 1284 1484 1319 divine
1503 1284 1655 1319 caritatis

175 1340 369 1377 conceffiffe
388 1346 423 1375 et
440 1341 504 1375 hac
522 1345 617 1375 carta
633 1339 749 1375 nostra
775 1338 991 1375 confirmaffe
1024 1340 1139 1375 Priori
1169 1346 1205 1376 et
1234 1341 1414 1375 monachis
1443 1341 1486 1375 de
1507 1339 1655 1376 Pafl'elet

173 1398 301 1432 ibidem
321 1397 402 1432 Deo
421 1396 660 1437 servientibus,
688 1396 886 1431 libertatem
903 1410 924 1432 a
941 1397 1085 1432 domino
1111 1397 1228 1431 nostro
1248 1397 1430 1432 Florentio
1448 1395 1654 1444 Glasguenfi

173 1455 288 1490 electo
307 1455 366 1495 eis,
399 1454 442 1488 de
461 1452 601 1488 88818113
618 1453 661 1487 (18
681 1452 869 1494 Kathkert,
899 1452 1039 1487 ecclefia
1056 1453 1099 1488 de
1119 1453 1314 1500 Ruthglen,
1348 1452 1487 1488 ecelefia
1504 1453 1547 1488 de
1566 1453 1654 1488 Cor-

174 1523 335 1551 1113111108,
364 1508 505 1544 88818113
522 1510 564 1544 (18
585 1509 791 1550 Kilberhan,
823 1508 962 1544 ecclefia
980 1509 1022 1544 de
1042 1509 1215 1551 BIernes',
1244 1515 1279 1544 et
1298 1508 1438 1544 88818113
1455 1509 1497 1544 de
1516 1509 1651 1549 Polloc‚

175 1565 366 1602 concessam
386 1571 420 1600 et
438 1571 535 1599 carta
551 1564 611 1599 sua
642 1565 909 1607 confirmatan13
936 1564 1065 1599 scilicet
1094 1570 1135 1599 ut
1161 1565 1414 1612 perpetualiter
1443 1570 1587 1599 teneant
1617 1570 1653 1599 et

174 1621 367 1670 poffideant
386 1633 507 1655 omnes
525 1621 600 1654 illas
617 1621 877 1667 prenominatas
895 1620 1050 1655 ecclefias
1077 1620 1152 1655 suas
1182 1622 1219 1655 in
1247 1621 1325 1656 suos
1342 1620 1422 1655 usus
1438 1621 1599 1669 proprios
1617 1625 1652 1655 et

176 1680 213 1713 in
231 1679 356 1713 domus
386 1677 444 1711 sue
474 1676 770 1712 sustentationem.
822 1677 884 1711 Ad
914 1677 1137 1712 autoritatem
1156 1690 1242 1712 vero
1273 1677 1377 1724 hujus
1394 1677 1508 1711 nostre
1527 1677 1652 1711 confir-

176 1735 337 1769 mationis
355 1733 631 1768 confirmandam
656 1737 692 1767 et
721 1731 1031 1774 corroborandam,
1059 1733 1222 1768 dominus
1242 1733 1422 1768 Robertus
1440 1733 1651 1768 archidiaco-

176 1805 242 1826 nus
269 1789 500 1837 Glasguenfis,
528 1790 691 1824 dominus
719 1788 900 1824 Johannes
928 1789 971 1824 de
1003 1788 1193 1824 Hunddun
1223 1789 1388 1830 officialis,
1417 1789 1498 1824 huic
1524 1788 1651 1836 scripto

176 1846 360 1894 figillasua
377 1846 505 1893 apponi
535 1845 704 1879 fecerunt.
758 1844 838 1878 Hiis
867 1844 1017 1885 testibus,
1050 1844 1194 1891 Nigello
1224 1845 1346 1879 abbate
1378 1845 1421 1880 de
1454 1845 1649 1891 Kilwinyn‚

178 1903 342 1938 Macraht
369 1903 501 1936 decano
529 1902 572 1936 de
603 1901 735 1941 Carrio,
769 1899 934 1935 Wilelmo
962 1901 1095 1935 decano
1126 1901 1169 1936 de
1200 1901 1410 1948 Cunigham,
1442 1900 1651 1936 Alexandro

179 1960 358 2007 capellano
385 1959 427 1993 de
455 1958 665 2004 Cunigham‚
695 1957 814 1992 Alano
842 1957 1022 2004 capellano
1050 1957 1311 1998 Archidiaconi‚
1337 1957 1451 1992 Idello
1470 1956 1650 2004 capellano

180 2017 265 2052 dic-'ci
279 2015 459 2056 Officialis,
480 2014 643 2062 Philippo
661 2014 704 2049 de
724 2013 884 2054 Perthec,
914 2012 1090 2048 Mauricio
1109 2013 1236 2048 clerico
1252 2014 1384 2048 domini
1397 2013 1524 2054 Eleffi,
1552 2012 1652 2047 Hen-

178 2075 250 2108 rico
270 2073 312 2107 de
331 2072 566 2112 Cormannoc,
593 2070 750 2106 VValtero
768 2069 947 2110 Murthac,
977 2069 1153 2105 Michaele
1175 2070 1302 2104 clerico
1322 2070 1455 2105 domini
1482 2069 1651 2105 Herberti

181 2129 313 2170 decani,
338 2128 500 2163 Wilelmo
518 2134 553 2164 et
571 2127 730 2175 Georgio
747 2127 826 2162 filiis
845 2125 1013 2168 Meidus’‚
1033 2132 1068 2161 et
1084 2126 1242 2174 pluribus
1260 2126 1345 2161 aliis.
