1870 2683
766 283 837 318 DE
866 283 1133 319 PASSELET.
1619 287 1688 320 363

212 436 319 471 Carta
337 435 419 470 Ade
439 435 624 471 Fullarton
643 435 686 470 de
705 435 848 483 Coriby,
876 437 985 471 annui
1002 436 1159 471 redditus
1189 436 1239 471 xl³
1269 436 1493 472 denariorum
1524 437 1566 472 de
1600 438 1688 472 Rus-

210 491 351 526 salland.

211 603 451 639 OMNIBUS
477 603 567 639 hanc
585 609 715 639 cartam
733 604 855 639 visuris
872 604 929 639 vel
947 604 1118 639 audituris
1138 605 1255 640 Adam
1274 605 1459 640 Fullerton
1486 606 1595 647 miles,
1629 607 1688 641 do-

211 661 326 694 minus
344 659 497 707 ejusdem
515 665 550 695 et
568 660 611 695 de
638 659 782 707 Crosby,
811 665 968 694 eternam
987 660 1023 693 in
1042 659 1200 695 Domino
1220 661 1377 696 salutem.
1429 661 1581 697 Noverit
1610 664 1689 697 uni-

211 714 349 750 verfitas
366 715 477 750 vestra
494 729 549 750 me
568 714 707 756 dedisse,
736 714 929 751 concesfiffe
948 721 983 750 et
1012 716 1076 750 hac
1094 716 1245 763 presenti
1264 723 1358 752 carta
1375 730 1453 752 mea
1470 717 1687 754 confirmaffe

211 771 293 806 Deo
311 777 346 806 et
363 771 462 806 beate
483 771 599 806 Marie
618 771 770 818 Virgini,
790 772 892 806 beato
911 771 1044 807 Jacobo
1064 778 1098 806 et
1130 773 1261 807 Sancto
1282 773 1417 808 Mirino
1437 775 1480 809 de
1500 774 1635 810 Passeto
1655 782 1688 810 et

211 827 390 862 monachis
407 827 536 862 ibidem
568 827 649 862 Deo
668 826 897 862 servientibus
929 832 963 862 et
995 828 1254 875 imperpetuum
1272 828 1461 870 servituris,
1488 843 1552 877 pro
1579 830 1688 865 salute

211 883 326 918 anime
343 895 421 918 mee
452 888 487 917 et
514 883 709 918 animarum
739 882 990 918 antecefforum
1010 897 1170 919 meorum
1201 891 1236 920 et
1265 884 1505 926 succefforum,
1533 899 1689 921 annuum

210 939 388 974 redditum
406 939 637 985 quadraginta
655 939 880 974 denariorum
897 940 1032 985 argenti
1064 940 1106 974 de
1134 940 1196 974 illo
1226 953 1345 975 annuo
1370 942 1512 975 redditu
1545 942 1688 976 dimidie

211 1008 328 1030 marce
346 995 482 1042 argenti
501 995 585 1029 mihi
598 995 679 1042 jure
697 995 909 1030 hereditario
929 997 1143 1042 competenti
1161 997 1204 1031 de
1216 1002 1420 1031 tenemento
1437 998 1532 1043 quod
1546 1003 1691 1032 vocatur

214 1049 420 1086 Ruffalland
437 1051 473 1085 in
493 1051 648 1085 dominio
667 1064 746 1086 meo
765 1051 808 1086 de
824 1050 1001 1098 Croffeby,
1018 1052 1205 1087 levandum
1226 1059 1260 1087 et
1277 1054 1541 1100 percipiendum
1560 1067 1690 1089 annua-
1735 1049 1739 1054 ’

212 1109 275 1142 tim
294 1107 513 1154 integraliter
531 1107 575 1141 ad
593 1106 761 1153 quossibet
778 1109 947 1143 terminos
980 1109 1209 1145 Pentecostes.
1262 1111 1475 1145 Tenendum
1502 1117 1538 1146 et
1564 1112 1691 1147 haben-

213 1164 296 1198 dum
316 1162 443 1198 eisdem
461 1163 544 1198 viris
561 1162 727 1209 religiosis
745 1164 829 1198 dieti
848 1165 1045 1200 monasterii
1064 1167 1107 1201 de
1127 1166 1259 1202 Passeto
1291 1173 1326 1201 et
1357 1180 1479 1202 eorum
1498 1167 1691 1203 succeffori-

213 1220 288 1260 bus,
308 1219 428 1259 libere,
449 1219 566 1265 quiete
585 1224 619 1253 et
636 1219 790 1265 pacifice,
822 1221 858 1254 in
876 1221 1021 1256 liberam
1038 1236 1161 1269 puram
1181 1230 1215 1258 et
1232 1229 1438 1271 perpetuam
1457 1223 1688 1265 elemofinam,

214 1275 339 1322 absque
358 1275 456 1309 omni
474 1274 614 1309 servitio
641 1274 796 1317 seculari,
830 1278 1014 1312 exactione
1044 1277 1102 1312 seu
1131 1279 1314 1314 demanda.
1365 1279 1412 1314 Et
1430 1281 1467 1314 in
1495 1281 1571 1315 casu
1598 1282 1692 1327 quod

215 1333 331 1367 dictus
349 1344 486 1365 annuus
512 1331 681 1372 redditus,
709 1330 752 1366 fic
769 1345 832 1379 per
860 1345 916 1367 me
944 1332 1120 1367 conceffiis
1149 1335 1191 1369 de
1219 1336 1379 1382 predicto
1408 1348 1525 1370 annuo
1551 1337 1692 1371 redditu

216 1388 358 1422 dimidie
375 1400 491 1421 marce
510 1388 647 1433 argenti
665 1387 708 1422 de
726 1393 928 1423 tenemento
956 1389 998 1423 de
1018 1388 1224 1425 Ruffalland
1241 1397 1281 1425 ut
1298 1392 1512 1438 premittitur
1530 1392 1616 1426 mihi
1635 1393 1691 1427 de-

216 1445 299 1485 bito,
330 1443 437 1478 levari
458 1443 513 1478 vel
531 1444 663 1490 percipi
681 1445 932 1490 quoquomodo
958 1457 1031 1479 non
1057 1446 1197 1492 poterit,
1229 1447 1321 1492 quod
1352 1446 1444 1488 abfit,
1475 1447 1556 1482 volo
1575 1453 1609 1482 et
1627 1461 1691 1495 pro

215 1514 272 1536 me
290 1505 325 1535 et
342 1500 531 1535 heredibus
561 1500 647 1535 meis
677 1501 833 1535 concedo
851 1501 945 1547 quod
973 1500 1170 1547 hujusmodi
1197 1515 1334 1537 annuus
1361 1503 1520 1538 redditus
1546 1504 1692 1550 quadra-

216 1558 315 1604 ginta
332 1556 561 1591 denariorum
578 1556 717 1591 levetur
735 1561 769 1590 et
786 1557 998 1604 percipietur
1024 1570 1087 1604 per
1104 1558 1193 1605 ipsos
1210 1559 1304 1593 viros
1322 1558 1499 1605 religiosos
1517 1564 1552 1594 et
1570 1572 1691 1594 eorum

215 1610 421 1648 succeffores
439 1612 496 1647 vel
518 1611 669 1659 ipsorum
687 1613 724 1646 in
740 1612 805 1647 hac
822 1618 920 1660 parte
938 1619 1184 1660 procuratores
1201 1614 1258 1649 seu
1277 1613 1460 1661 aflignatos
1478 1615 1521 1649 ad
1538 1615 1605 1649 hoc
1622 1614 1693 1662 spe-

216 1670 351 1705 cialiter
369 1669 567 1716 deputatos,
597 1674 632 1703 et
649 1669 752 1704 liceat
779 1670 827 1704 eis
853 1674 888 1704 et
917 1669 1069 1716 ipsorum
1089 1670 1231 1705 cuilibet
1250 1670 1452 1717 distringere
1480 1683 1544 1718 pro
1569 1671 1693 1706 eodem

216 1737 338 1760 annuo
356 1725 498 1760 redditu
515 1723 538 1758 fi
556 1724 691 1760 neceffe
710 1725 826 1766 fuerit,
847 1724 916 1760 fine
934 1726 1077 1760 licentia
1093 1726 1149 1761 vel
1168 1727 1418 1775 impedimento
1437 1728 1505 1762 mei
1523 1727 1579 1762 vel
1596 1727 1694 1762 here—

218 1783 302 1817 dum
320 1793 481 1816 meorum
500 1786 560 1815 aut
578 1781 725 1829 alicujus
742 1782 886 1816 ministri
914 1781 1124 1818 ecclefiastiei
1153 1783 1210 1818 vel
1237 1783 1410 1825 secularis,
1438 1796 1559 1818 omnes
1584 1789 1693 1818 terras

218 1837 350 1872 nostras
368 1837 411 1871 de
431 1836 563 1884 Crosby
575 1836 800 1884 supradietas,
820 1838 998 1885 quousque
1016 1841 1064 1875 eis
1082 1841 1163 1876 inde
1177 1842 1332 1889 plenarie
1350 1842 1455 1876 fuerit
1468 1841 1691 1882 satisfactum,

219 1893 317 1929 nullo
335 1892 568 1940 proponendo
582 1892 672 1939 juris
690 1894 848 1928 canonici
877 1895 934 1929 vel
963 1897 1073 1931 civilis
1104 1897 1258 1932 obstante
1276 1898 1371 1943 [vel]
1389 1898 1551 1933 valituro.
1605 1898 1651 1932 Et
1672 1897 1694 1932 fi

219 1949 403 1995 contingat
420 1961 476 1983 me
494 1948 551 1983 vel
568 1948 716 1984 heredes
732 1962 829 1984 meos
847 1956 907 1985 aut
925 1951 1077 1998 ipsorum
1096 1954 1245 1999 aliquem
1262 1954 1457 1988 contrahas
1468 1954 1693 1988 donationem

221 2012 256 2041 et
274 2003 526 2040 conceffionem
543 2005 660 2050 aliquo
677 2010 836 2052 tempore
854 2006 891 2040 in
908 2007 1066 2043 futurum
1083 2009 1240 2044 totaliter
1257 2009 1312 2044 vel
1330 2010 1366 2043 in
1383 2015 1482 2056 parte
1499 2010 1619 2044 venire
1636 2008 1696 2044 seu

221 2061 473 2101 contradicere,
492 2065 554 2095 aut
572 2060 668 2095 litem
686 2060 746 2096 seu
764 2062 976 2108 questionem
995 2065 1075 2099 inde
1094 2077 1246 2105 movere,
1270 2065 1364 2111 quod
1381 2064 1473 2105 abfit,
1494 2065 1575 2099 volo
1593 2071 1629 2100 et
1645 2070 1695 2100 te-

222 2132 308 2154 nore
326 2118 431 2165 hujus
447 2117 564 2165 scripti
583 2119 738 2153 concedo
758 2132 813 2154 me
833 2125 867 2154 et
884 2120 1030 2155 heredes
1055 2133 1152 2154 meos
1177 2120 1324 2155 firmiter
1342 2121 1453 2155 teneri
1482 2126 1517 2155 et
1546 2121 1696 2156 fideliter

222 2175 369 2222 obligari
387 2175 488 2209 dietis
506 2175 589 2209 viris
606 2174 772 2221 religiofis
791 2181 826 2210 et
842 2189 966 2210 eorum
996 2175 1240 2211 succefl'oribus
1269 2177 1307 2210 in
1336 2177 1456 2211 decem
1475 2178 1599 2212 marcis
1616 2177 1695 2213 ster-

222 2232 399 2278 lingorum
418 2231 462 2265 ad
479 2230 643 2265 fabricam
662 2230 712 2264 sui
730 2231 927 2265 monasterii
944 2233 1086 2266 nomine
1116 2245 1206 2279 pene
1232 2232 1444 2279 applicandis
1461 2246 1525 2280 pro
1543 2233 1695 2279 qualibet

222 2289 297 2323 vice
316 2300 385 2334 qua
403 2292 526 2322 contra
542 2286 702 2334 premiffa
718 2287 775 2322 vel
792 2287 934 2334 aliquod
951 2286 1193 2335 premifforum
1208 2301 1274 2335 ego
1285 2288 1342 2323 vel
1355 2289 1500 2324 heredes
1511 2290 1579 2324 mei
1597 2293 1696 2334 [aut]

222 2344 345 2390 aliquis
363 2343 450 2378 alius
468 2343 611 2378 nomine
636 2342 753 2378 nostro
778 2356 842 2390 per
872 2356 935 2378 nos
965 2344 1021 2379 vel
1054 2356 1118 2391 pro
1147 2344 1247 2379 nobis
1278 2344 1422 2386 duxero,
1451 2345 1616 2380 duxerint
1641 2346 1695 2381 vel
