1870 2683
201 305 272 337 3224«
610 295 925 332 REGISTRUM
955 295 1294 332 MONASTERH

199 412 239 433 ac
257 398 429 433 moderari
449 396 666 430 deberemus.
718 393 794 427 Nos
813 398 930 427 autem
944 393 981 426 in
992 394 1135 428 nomine
1151 394 1283 428 domini
1298 393 1404 428 nostri
1422 393 1528 430 Jhesu
1544 395 1680 437 Christi,

201 467 295 489 anno
315 453 566 487 incarnationis
585 450 739 498 ejusdem
758 448 937 483 millefimo
953 448 1188 483 ducentesimo
1213 449 1372 484 vicesimo
1390 449 1546 498 septimo,
1567 452 1682 486 mense

202 509 414 544 Novembris
441 509 496 542 die
525 507 653 541 Martis
671 505 832 554 proxima
849 510 930 539 ante
949 505 1070 540 festum
1090 506 1211 541 Sancti
1240 506 1400 547 Martini,
1429 507 1464 540 in
1483 506 1624 541 ecclesia
1641 508 1684 542 de

202 566 360 605 Pebbles‚
382 565 425 599 ad
443 565 578 598 firmam
598 576 719 611 pacem
747 568 781 596 et
810 560 1029 596 stabilitatem
1047 569 1253 609 perpetuam
1281 563 1373 597 inter
1392 561 1567 598 ecclesiam
1587 562 1685 598 Glas-

200 620 376 667 gwensem
404 625 438 654 et
466 618 711 653 monasterium
744 617 786 651 de
819 614 977 658 Paffelet‚
1011 618 1085 665 post
1115 619 1256 665 longam
1276 619 1565 654 deliberationem
1584 618 1686 666 1i1per

202 676 416 712 estimatione
430 676 603 710 dictarum
617 672 835 709 eccleliarum
851 673 1014 714 habitam,
1036 687 1157 709 omnes
1176 675 1211 709 in
1229 688 1339 709 unum
1359 675 1562 716 concordes,
1583 680 1618 710 et
1635 674 1686 710 so·

202 734 274 767 lum
295 732 415 767 Deum
435 745 497 779 pre
516 731 625 766 oculis
645 730 821 771 habentes,
854 731 1071 777 providimus
1090 737 1124 765 et
1143 732 1382 766 ordinavimus
1408 744 1447 766 ac
1476 732 1580 766 etiam
1599 732 1687 766 arbi-

201 789 328 823 trando
346 788 656 836 pronunciavimus
675 787 892 821 moderando
910 800 917 820 :
940 787 1115 822 Videlicet
1132 789 1226 835 quod
1241 789 1284 823 de
1299 789 1462 823 omnibus
1478 787 1625 823 ecclesiis
1643 789 1687 823 ad

200 845 378 892 predictos
397 845 587 879 monachos
615 845 651 878 in
679 843 871 890 Strathgrif
884 849 969 878 tunc
988 843 1223 891 spectantibus
1243 845 1435 893 Episcopus
1454 844 1688 892 Glasgwenfis

202 907 236 936 et
254 901 328 948 ejus
346 899 552 936 successores
583 901 653 934 duo
686 906 822 934 tantum
842 899 987 946 hospitia
1006 902 1148 936 nomine
1174 902 1431 949 procurationis
1462 903 1632 950 recipiant
1650 902 1687 936 in

201 959 280 992 1000
300 957 478 1005 Episcopis
497 957 765 1004 competentiori
782 971 791 998 ;
821 957 863 990 de
877 956 1015 991 ecelesm
1034 958 1076 992 de
1098 958 1275 1005 Kilpatrik
1289 972 1400 993 unum
1413 959 1563 994 habeant
1576 958 1687 1006 hospi-

201 1015 290 1049 tium
308 1014 450 1048 nomine
469 1013 724 1060 procurationis
739 1027 747 1055 3
782 1013 824 1047 de
844 1011 990 1047 ecclesiis
1018 1027 1101 1048 vero
1132 1014 1174 1049 de
1207 1014 1435 1050 Curmannoc
1463 1021 1498 1050 et
1530 1013 1695 1050 Merneff

202 1084 312 1106 unum
326 1071 477 1105 habeant
491 1069 677 1117 hospitium
693 1070 835 1104 nomine
850 1071 1129 1116 procurationis3
1150 1071 1193 1106 de
1212 1070 1358 1106 ecclefiis
1373 1085 1457 1107 vero
1473 1072 1516 1106 de
1533 1071 1686 1106 Ruthre-

201 1128 296 1175 glen,
326 1128 368 1162 de
390 1127 578 1167 Kathkert‚
607 1127 650 1161 de
670 1126 793 1160 Polloc
806 1139 916 1160 unum
936 1126 1086 1161 habeant
1103 1127 1289 1175 hospitium
1308 1128 1451 1163 nomine
1469 1128 1686 1175 procuratio-

202 1186 256 1219 nis
272 1199 281 1227 ;
310 1185 353 1219 de
372 1182 518 1218 ecclesiis
536 1196 621 1217 vero
641 1183 683 1217 de
703 1183 846 1229 Cragyn
865 1188 899 1217 et
918 1182 960 1217 de
981 1182 1144 1218 Prestwic
1174 1184 1428 1218 monachorum
1446 1197 1558 1218 unum
1575 1184 1687 1232 hospi-

203 1242 291 1275 tium
309 1240 460 1275 habeant
479 1240 622 1273 nomine
647 1239 909 1286 procurationis
926 1253 936 1281 ;
965 1239 1008 1273 de
1039 1238 1178 1274 ecclefia
1208 1253 1292 1274 vero
1325 1240 1504 1275 Turnberi
1536 1240 1687 1275 habeant

202 1310 312 1331 unum
332 1296 517 1343 hospitium
537 1296 679 1330 nomine
698 1295 979 1342 procurationis3
1009 1294 1149 1330 ecclefia
1166 1302 1283 1331 autem
1315 1296 1358 1331 de
1389 1296 1552 1331 Prestwic
1570 1296 1684 1344 burgi,

204 1352 343 1388 ecclefia
361 1353 403 1387 de
424 1353 569 1387 Nelston
589 1358 623 1387 et
642 1351 782 1386 ecclesia
809 1353 851 1387 de
884 1351 1017 1387 Neuith
1049 1365 1069 1386 a
1099 1353 1404 1400 procurationibus
1421 1352 1486 1388 fint
1512 1359 1685 1401 exempte.

204 1409 261 1444 De
280 1409 446 1456 predictis
460 1422 542 1443 vero
556 1409 862 1456 procurationibus
875 1415 908 1443 et
921 1408 963 1443 de
976 1408 1137 1443 omuibus
1152 1409 1316 1444 oneribus
1328 1410 1372 1444 ad
1384 1423 1451 1456 que
1465 1409 1534 1457 ipse
1547 1409 1685 1445 ecelefie

202 1470 368 1499 tenentur
383 1465 426 1498 ‹le
439 1464 532 1511 jure,
553 1477 672 1498 earum
688 1465 807 1498 vicarii
822 1463 1067 1511 respondeant.
1105 1465 1151 1500 Et
1166 1466 1246 1512 quia
1261 1466 1445 1501 videbatur
1459 1467 1558 1501 nobis
1572 1468 1609 1501 in
1623 1467 1685 1502 hu-

196 1520 349 1568 julinodi
363 1521 605 1555 moderatione
619 1521 656 1554 in
670 1520 842 1566 aliquibus
858 1520 1030 1568 Episcopo
1044 1522 1202 1569 deperire
1218 1523 1494 1570 [depejorare?]‚
1505 1524 1540 1558 in
1552 1536 1685 1558 recom-

202 1576 439 1625 pensationem
453 1576 650 1624 hujusmodi
666 1578 866 1612 detrimenti
878 1578 1116 1612 ordinavimus
1129 1585 1169 1613 ut
1183 1579 1323 1614 ecclelia
1335 1580 1377 1614 de
1386 1580 1511 1614 Yrflsin
1519 1593 1586 1627 que
1599 1586 1684 1615 tunc

202 1634 247 1668 ad
261 1634 395 1667 ᾶίἇὶωῃ
411 1632 656 1667 monasterium
673 1633 715 1667 de
733 1631 878 1667 Paffelet
893 1634 1088 1681 pertinebat
1103 1635 1138 1669 in
1153 1634 1232 1670 usus
1246 1636 1346 1671 cedat
1361 1636 1522 1684 Episcopi
1537 1636 1685 1683 Glasgu-

203 1688 289 1724 ensis
308 1695 342 1723 et
360 1688 434 1735 ejus
452 1687 692 1729 successorum,
714 1694 748 1723 et
766 1688 964 1736 peufionem
985 1691 1132 1725 duarum
1146 1704 1341 1727 marcarum
1354 1706 1421 1739 que
1436 1706 1479 1727 ex
1493 1692 1562 1740 ipsa
1576 1693 1685 1728 eecle-

203 1746 248 1780 fia
266 1744 473 1779 monasterio
491 1744 690 1779 solvebatur
708 1745 877 1792 percipiet
895 1745 1086 1794 Episcopus
1106 1748 1217 1782 donec
1246 1749 1367 1783 eadem
1385 1748 1525 1783 ecclefia
1542 1762 1684 1784 vacave-

204 1803 260 1836 rit.
315 1801 420 1836 Hanc
438 1800 604 1848 liquidem
623 1802 881 1836 ordinationem
900 1801 958 1836 seu
976 1802 1207 1850 provifionem
1223 1817 1285 1851 per
1298 1817 1363 1839 nos
1374 1805 1502 1840 factam
1521 1805 1684 1841 dominus

203 1858 394 1905 Episcopus
413 1863 448 1892 et
466 1857 657 1905 capitulum
677 1857 901 1904 Glalgwense
921 1865 955 1893 et
973 1860 1123 1906 predicti
1143 1861 1262 1895 Abbas
1289 1868 1323 1896 et
1350 1868 1544 1897 conventus
1565 1876 1684 1911 accep-

202 1920 368 1950 taverunt
386 1920 420 1949 et
438 1921 643 1962 perpetuam
662 1914 788 1949 habere
807 1914 1051 1962 promiserunt.
1105 1917 1151 1951 Et
1182 1924 1221 1952 ut
1251 1917 1391 1965 presens
1421 1919 1608 1960 ordinatio,
1640 1920 1682 1954 ab

203 1977 351 2017 utraque
369 1977 467 2018 parte
486 1971 636 2006 fideliter
654 1971 844 2019 approbata
863 1978 896 2006 et
914 1972 1021 2018 gratis
1039 1979 1190 2020 recepta,
1218 1974 1320 2008 firma
1348 1980 1488 2009 maneat
1506 1980 1540 2010 et
1558 1976 1683 2023 imper—

203 2033 348 2074 petuum
367 2026 577 2068 inconcuffa,
606 2028 768 2062 domiuus
797 2029 986 2076 Episcopus
1005 2035 1040 2063 et
1058 2029 1248 2076 capitulum
1265 2030 1490 2077 Glasgwense
1509 2038 1544 2066 et
1563 2032 1682 2066 Abbas

204 2090 237 2118 et
256 2089 450 2118 conventus
468 2084 657 2131 supradicti
675 2085 756 2119 huic
773 2083 900 2132 scripto
928 2086 964 2119 in
995 2086 1139 2120 modum
1168 2088 1376 2134 cyrographi
1394 2088 1556 2123 e011fe6to
1574 2087 1682 2135 figilla

203 2140 262 2174 sua
279 2141 479 2175 alternatim
497 2141 745 2188 apposuerunt,
779 2147 814 2176 et
832 2154 895 2176 nos
913 2142 1063 2189 predicti
1081 2148 1257 2177 taxatores
1274 2142 1382 2190 sigilla
1412 2144 1527 2178 nostra
1554 2146 1682 2193 apponi

205 2197 348 2231 fecimus
365 2198 505 2244 utrique
523 2198 614 2245 parti
642 2198 795 2245 ejusdem
826 2198 1045 2246 cyrographi.
1099 2198 1234 2233 Actum
1264 2212 1368 2241 anno,
1400 2199 1528 2241 mense,
1561 2202 1617 2237 die
1646 2209 1681 2237 et

204 2253 281 2286 loco
312 2253 507 2300 prescriptis
523 2268 532 2296 3
563 2253 785 2289 Prelentibus
816 2254 976 2301 magistro
998 2254 1151 2289 Ricardo
1181 2255 1223 2290 de
1251 2255 1366 2290 Brade
1400 2262 1435 2291 et
1466 2256 1619 2292 Ricardo
1638 2258 1681 2293 de

207 2308 340 2354 Eywde
359 2310 534 2344 canonicis
553 2309 836 2356 Glasguenfibus,
868 2311 951 2345 Ada
980 2317 1015 2345 et
1048 2310 1204 2357 Hugone
1231 2311 1417 2359 capellanis
1435 2313 1568 2347 domini
1587 2314 1681 2362 Epis-

206 2365 283 2411 copi
303 2364 534 2411 Glasgueulis‚
568 2366 746 2414 Stephano
765 2367 944 2415 capellano
976 2367 1223 2402 Archidiaconi
1254 2366 1486 2415 Glasguenfis‚
1517 2368 1679 2407 Johanne
