1839 2652
726 254 796 289 DE
829 252 1099 288 PASSELET.
1621 257 1668 294 97

187 407 419 443 Confirmatio
431 407 642 454 generaliter
656 407 758 448 facta,
780 407 822 441 de
841 406 1001 441 omnibus
1020 404 1267 440 donationibus
1285 409 1357 440 tam
1375 404 1411 439 in
1439 404 1541 439 terris
1559 417 1662 451 quam

185 464 260 498 aliis
278 464 481 504 redditibus,
501 476 564 511 per
583 476 700 510 regem
721 463 919 497 Robertum
937 462 1092 496 tertium.

189 575 467 611 ROBERTUS
495 575 565 610 Dei
583 576 695 621 gratia
711 588 774 610 rex
792 575 977 609 Scotorum
997 574 1158 609 omnibus
1187 573 1305 621 probis
1330 573 1530 609 hominibus
1555 573 1662 608 totius

187 638 280 666 terre
298 631 356 666 sue
375 631 507 666 clericis
526 637 560 666 et
586 631 691 678 laycis
709 630 864 665 salutem.
918 631 1039 665 Sciatis
1058 643 1121 664 nos
1152 630 1196 664 ad
1223 630 1395 665 honorem
1414 630 1486 664 Dei
1504 630 1662 677 omnipo-

186 688 302 729 tentis,
324 686 510 722 beatissime
528 687 686 733 Virginis
706 686 821 721 Marie
839 687 1026 733 genetricis
1045 686 1114 727 sue,
1142 686 1234 721 beati
1248 686 1272 722 J
1274 687 1372 721 acobi
1389 687 1543 734 apostoli,
1571 686 1663 721 beati

189 743 313 778 Mirini
331 749 366 778 et
384 743 555 778 Omnium
575 743 797 783 Sanetorum,
826 741 1038 790 approbasse,
1065 740 1246 776 ratificaffe
1265 747 1299 776 et
1316 742 1381 777 hac
1399 742 1551 789 presenti
1569 748 1664 777 carta

186 799 302 834 nostra
331 797 545 834 confirmasse
583 799 861 839 ratificationem,
902 798 1191 845 approbationem
1226 803 1260 832 et
1290 798 1593 834 confirmationem
1624 812 1664 834 ac

187 856 291 890 etiam
310 868 437 890 novam
456 855 682 889 donationem
712 855 787 889 illas
813 868 897 900 quas
927 854 1105 900 quondam
1131 853 1285 889 Jacobus
1312 853 1516 889 senescallus
1546 855 1663 890 Scotie

186 925 337 960 proavus
355 911 470 946 noster
487 911 568 946 fecit
586 910 750 957 religiosis
769 911 850 945 viris
870 910 1001 944 Abbati
1020 916 1055 945 et
1073 910 1263 944 conventui
1282 910 1479 945 monasterii
1495 911 1537 945 de
1553 910 1663 946 Passe-

185 969 268 1010 leto,
296 969 333 1002 in
350 968 598 1009 inviolabilem,
618 981 742 1015 puram
769 973 804 1002 et
821 973 1026 1015 perpetuam
1045 965 1278 1007 elemosinam,
1307 966 1350 1001 de
1369 967 1531 1002 omnibus
1550 973 1584 1002 et
1601 967 1664 1003 fin-

184 1025 276 1072 gulis
295 1024 553 1065 donationibus,
570 1023 852 1064 conceffionibus,
874 1023 1198 1058 confirmationibus
1217 1027 1251 1056 et
1269 1022 1564 1058 infeodationibus
1581 1038 1665 1071 quas

185 1087 257 1116 tam
275 1080 345 1128 ipse
362 1081 515 1117 Jacobus
545 1094 648 1127 quam
679 1078 935 1128 predecessores
963 1079 1013 1114 sui
1043 1078 1170 1113 eisdem
1198 1078 1364 1125 religiosis
1382 1080 1464 1114 viris
1483 1080 1663 1115 caritative

185 1137 355 1179 fecerunt,
384 1138 427 1172 de
455 1137 616 1172 omnibus
634 1143 668 1171 et
688 1136 826 1183 lingulis
844 1136 946 1170 terris
976 1141 1011 1171 et
1038 1136 1163 1170 annuis
1181 1135 1373 1170 redditibus
1391 1149 1430 1171 ac
1448 1136 1665 1172 libertatibus

185 1193 447 1240 quibuscunque
478 1194 514 1227 in
544 1199 639 1228 carta
668 1192 727 1227 sua
744 1193 826 1227 inde
845 1192 1006 1226 confeffl:a
1034 1191 1247 1239 specificatis,
1274 1198 1381 1239 prout
1410 1193 1447 1227 in
1474 1192 1545 1240 ipsa
1571 1199 1666 1228 carta

184 1250 321 1298 plenius
340 1256 375 1285 et
393 1250 518 1284 clarius
537 1250 738 1284 continetur
753 1263 762 1291 3
792 1261 895 1295 quam
921 1249 1061 1294 quidem
1081 1254 1211 1283 cartam
1240 1254 1275 1283 et
1306 1249 1424 1284 omnia
1441 1250 1477 1284 in
1495 1249 1566 1297 ipsa
1583 1263 1664 1285 con-

185 1312 293 1348 tenta,
314 1308 350 1341 in
368 1307 529 1341 omnibus
546 1307 687 1353 pun&is
704 1305 770 1339 suis
789 1311 822 1339 et
841 1304 1008 1345 articulis,
1029 1305 1152 1345 modis,
1181 1305 1445 1340 conditionibus
1463 1311 1498 1340 et
1515 1306 1662 1340 circum-

185 1363 314 1398 stantiis
335 1362 606 1409 quibuscunque,
635 1362 747 1395 forma
764 1361 895 1408 pariter
924 1366 958 1395 et
989 1361 1127 1402 effet‘E'w,
1156 1361 1193 1395 in
1211 1361 1373 1396 omnibus
1391 1367 1426 1396 et
1444 1375 1507 1410 per
1533 1363 1662 1404 omnia,

184 1432 249 1466 pro
275 1419 375 1453 nobis
402 1424 437 1453 et
466 1418 651 1453 heredibus
682 1417 815 1457 nostriS,
844 1418 1086 1464 approbamus,
1115 1419 1327 1453 ratificamus
1357 1423 1392 1453 et
1419 1419 1483 1454 hac
1513 1420 1664 1466 presenti

185 1480 281 1510 carta
298 1474 413 1509 nostra
442 1475 700 1521 imperpetuum
729 1473 879 1507 valitura
909 1474 1180 1508 confirmamus:
1210 1474 1386 1509 Faciendo
1412 1475 1494 1510 inde
1512 1476 1611 1510 nobis
1630 1482 1665 1511 et

184 1531 371 1566 heredIbus
390 1530 512 1564 nostris
531 1530 615 1564 dicti
630 1528 778 1575 religiosi
790 1535 825 1563 et
839 1542 961 1563 eorum
973 1529 1179 1564 succefl'ores
1192 1531 1449 1578 imperpetuum
1464 1532 1663 1566 orationum

184 1585 343 1634 suffragia
360 1592 497 1621 tantum
516 1599 580 1633 pro
600 1586 695 1619 omni
713 1585 781 1619 alio
801 1584 939 1619 servitio
957 1585 1112 1620 seculari.
1167 1586 1211 1620 In
1243 1586 1341 1634 cujus
1359 1588 1409 1622 rei
1427 1587 1663 1623 testimonium

184 1643 335 1691 presenti
361 1649 455 1678 carte
485 1642 599 1677 nostre
628 1642 903 1676 confirmationis
933 1641 1088 1676 nostrum
1116 1642 1327 1690 precipimus
1358 1644 1486 1691 apponi
1504 1643 1663 1690 sigillum.

186 1701 355 1741 Testibus,
375 1699 631 1734 venerabilibus
658 1699 694 1732 in
727 1698 838 1733 Cristo
858 1698 1013 1746 patribus
1032 1697 1191 1733 Waltero
1210 1704 1244 1733 et
1273 1699 1437 1734 Mattheo
1456 1700 1527 1735 Dei
1551 1702 1664 1747 gratia

186 1757 438 1792 Sanffiandree
450 1761 484 1790 et
499 1754 720 1801 Glasguenfis
732 1754 951 1789 ecclesiarum
967 1753 1145 1801 episcopiS‚
1168 1754 1328 1790 Roberto
1343 1757 1472 1790 comite
1491 1757 1534 1791 de
1553 1757 1582 1791 F
1583 1758 1624 1804 yf
1630 1763 1665 1792 et

186 1813 229 1847 de
243 1812 408 1847 Menteth
426 1812 532 1846 fratre
551 1811 667 1845 nostro
686 1810 865 1851 cariffimo,
883 1811 1099 1845 Archibaldo
1119 1812 1246 1846 comite
1266 1812 1308 1846 de
1327 1812 1502 1859 Douglas'
1521 1814 1664 1848 domino

187 1868 374 1909 Galwidie,
406 1867 568 1914 magistro
603 1867 781 1901 Duncano
811 1867 914 1914 Petyt
944 1867 1191 1902 archidiacono
1223 1867 1430 1914 Glasguenfi
1457 1869 1664 1904 cancellario

185 1924 313 1965 nostro,
340 1924 474 1960 Jacobo
494 1924 535 1958 de
555 1922 731 1970 Douglas'
749 1923 893 1958 domino
913 1924 955 1958 de
975 1924 1144 1965 Dalketh‚
1174 1923 1314 1958 Thoma
1340 1925 1383 1959 de
1411 1924 1556 1966 Eriken,
1584 1939 1665 1961 con-

186 1980 380 2027 sanguineis
394 1980 516 2015 nostris
535 1980 681 2020 dileetis,
697 1979 875 2021 militibus,
889 1980 983 2028 apud
1000 1980 1182 2014 Linlithcu
1200 1979 1296 2014 sexto
1316 1980 1371 2014 die
1389 1980 1512 2015 meniis
1531 1981 1665 2028 Aprilis

187 2048 280 2070 anno
298 2037 408 2083 gratie
426 2035 605 2071 millesimo
624 2034 866 2070 trecentesimo
884 2035 1111 2083 nonogesimo
1130 2036 1237 2078 sexto,
1266 2041 1300 2071 et
1331 2037 1430 2083 regni
1448 2036 1553 2071 nostri
1571 2050 1664 2073 anno

187 2090 294 2126 sexto.
