1870 2683
746 277 816 313 DE
849 277 1120 312 PASSELET.
1614 283 1687 319 347

205 375 395 422 exemplari
425 381 459 409 et
490 375 526 408 in
557 374 728 421 publicam
761 375 909 409 formam
940 375 1074 421 redigi;
1115 375 1211 421 quod
1240 375 1381 421 quidem
1416 374 1596 421 exemplar
1622 373 1689 408 sive

204 432 448 478 transcriptum
477 431 512 465 in
539 431 699 465 omnibus
718 444 797 466 cum
816 429 891 478 ipfis
910 431 1136 478 originalibus
1155 431 1279 466 litteris
1298 431 1526 465 conformiter
1545 443 1689 465 concor-

205 488 301 528 dans,
321 488 428 522 nichil
442 488 561 522 addito
576 487 631 522 vel
650 493 785 522 mutato
804 488 899 534 quod
917 493 1047 522 cartam
1062 487 1161 522 vitiet
1179 493 1240 521 aut
1254 486 1386 522 sensum
1402 492 1525 527 mutet,
1542 487 1689 521 eandem

204 544 463 584 auctoritatem,
483 544 588 578 fidem
608 549 642 578 et
660 544 861 578 firmitatem
880 556 941 590 per
960 543 1025 577 hoc
1043 548 1083 577 ut
1102 542 1171 590 ipsa
1190 543 1382 589 originalia,
1405 543 1433 577 C
1438 542 1530 576 hristi
1546 543 1689 576 nomine

205 601 379 640 invocato,
401 600 559 634 obtinere
572 599 792 634 decernimus
806 599 890 633 etin
906 599 969 632 hiis
981 599 1112 646 scriptis
1131 599 1357 639 declaramus,
1372 599 1500 645 ubique
1516 604 1690 633 terrarum

206 655 403 701 ubicunque
422 653 536 689 forsan
555 655 648 689 dicte
675 655 791 689 littere
817 668 881 702 pro
905 655 1037 701 justitia
1066 655 1198 689 tuenda
1225 655 1328 689 allate
1355 655 1496 689 fuerint.
1551 655 1691 689 Bullata

204 711 368 756 liquidem
388 723 486 745 more
507 711 668 745 Romane
688 711 783 745 curie
802 716 875 745 erat
894 711 1005 757 prima
1030 710 1148 744 littera
1178 711 1363 758 apostolica
1391 710 1559 757 Gregorii
1592 710 1689 744 Noni

204 779 288 800 vera
305 766 401 800 bulla
417 766 581 813 plumbea
599 767 633 800 in
653 780 720 812 qua
738 779 781 800 ex
799 767 908 800 altera
926 772 1024 813 parte
1043 765 1203 813 imprefl'a
1230 773 1329 800 erant
1357 772 1390 800 et
1421 765 1591 812 insculpta
1619 766 1690 799 duo

206 823 317 869 capita
336 827 369 856 et
388 822 534 868 desuper
548 823 613 856 hee
625 823 752 862 littere,
774 834 938 857 SANCTUS
954 833 1110 862 PAULUS,
1128 833 1290 856 SANCTUS
1303 834 1458 862 PETRUS,
1476 828 1565 856 etex
1579 822 1692 856 altera

205 885 303 926 parte
322 890 533 913 GREGORIUS
553 891 685 913 NONUS.
741 879 784 912 In
803 878 953 913 secunda
971 878 1067 912 bulla
1084 891 1169 912 vero
1188 878 1352 925 plumbea
1370 879 1485 912 littere
1505 878 1691 924 apostolice

208 935 402 969 Clementis
419 935 533 980 quarti
552 935 843 982 imprimebantur
874 948 917 968 ex
948 948 1019 970 una
1045 941 1144 982 parte
1162 936 1296 982 plumbi
1316 936 1386 969 duo
1404 935 1559 969 {imiliter
1579 936 1690 981 capita

207 1003 286 1025 cum
306 989 452 1037 desuper
483 990 608 1025 eisdem
638 991 772 1031 litteris,
805 996 839 1025 et
869 991 906 1024 in
937 991 1047 1026 altera
1075 996 1174 1038 parte
1194 1002 1374 1025 CLEMENS
1393 1003 1487 1024 PAPA
1508 1002 1691 1028 QUARTUS.

208 1047 431 1093 Sigillabatur
450 1052 568 1081 autem
587 1047 705 1081 littera
723 1046 998 1081 confirmationis
1017 1047 1155 1082 Dec-ani
1174 1052 1208 1082 et
1227 1047 1368 1093 capituli
1387 1045 1496 1092 figillo
1513 1048 1692 1080 communi

206 1101 306 1150 ipfius
325 1102 462 1136 Decani
489 1108 524 1137 et
555 1103 698 1149 capituli
716 1103 861 1137 omnino
890 1103 923 1136 in
954 1116 1033 1137 cera
1052 1104 1164 1144 viridi,
1194 1104 1229 1137 in
1257 1116 1327 1149 quo
1346 1116 1388 1137 ex
1408 1108 1505 1150 parte
1524 1103 1692 1137 anteriori

208 1165 282 1193 erat
299 1158 432 1205 sculpta
449 1164 482 1192 et
502 1157 661 1205 impreffa
678 1159 794 1205 imago
812 1159 974 1193 videlicet
994 1159 1121 1206 Agnus
1141 1159 1223 1199 Dei,
1245 1160 1325 1193 etin
1341 1160 1622 1193 circumferentia
1636 1160 1693 1192 ha-

207 1215 353 1249 bebatur
371 1215 535 1261 scriptum
555 1226 736 1249 srolLLUM
757 1226 947 1249 COMMUNE
966 1227 1143 1250 EchEsm
1164 1227 1424 1255 GLASGUENSIS,
1458 1221 1492 1249 et
1521 1216 1557 1248 in
1583 1215 1693 1249 altera

208 1278 306 1318 parte
337 1276 411 1305 erat
439 1270 585 1317 desuper
616 1271 731 1317 imago
763 1271 862 1305 beate
882 1270 998 1306 Mario
1018 1273 1175 1318 Virginis
1206 1278 1240 1306 et
1270 1271 1389 1306 subtus
1408 1272 1523 1317 imago
1544 1272 1693 1305 hominis

209 1328 368 1368 oratoris,
385 1332 420 1361 et
433 1327 469 1360 in
482 1327 764 1361 circumferentia
775 1327 830 1361 hic
844 1326 972 1368 versus,
995 1340 1067 1362 oaA
1081 1340 1153 1362 PRO
1167 1339 1321 1362 FAMULo
1336 1339 1451 1362 Viaco
1469 1339 1588 1360 MARIA
1605 1339 1690 1361 Tuo.

215 1384 255 1417 ln
273 1397 423 1430 quorum
443 1384 600 1418 omnium
619 1389 654 1418 et
672 1382 886 1430 singulorum
906 1384 1010 1417 fidem
1030 1390 1064 1418 et
1083 1383 1315 1418 testimonium
1335 1380 1589 1429 premifforum,
1617 1396 1691 1429 pre-

209 1440 321 1475 sentes
339 1440 472 1474 litteras
489 1453 553 1487 per
571 1440 705 1474 dietum
724 1440 900 1474 notarium
920 1439 1099 1486 publicum
1125 1439 1316 1479 transcribi,
1348 1438 1537 1485 exemplari
1557 1447 1591 1472 et
1609 1438 1693 1484 pub-

210 1497 306 1531 licari
325 1496 567 1531 mandavimus
586 1501 621 1530 et
638 1494 737 1542 figilli
755 1495 860 1530 nostri
879 1496 1084 1531 officialatus
1104 1494 1336 1542 Glasguenfis,
1358 1508 1428 1529 una
1447 1508 1526 1529 curn
1546 1494 1640 1540 signo
1659 1501 1693 1528 et

209 1553 458 1601 subscriptione
477 1554 562 1588 dicti
592 1554 720 1588 notarii
740 1553 845 1587 nostri
864 1553 983 1593 scribe,
1016 1553 1160 1587 fecimus
1179 1550 1386 1599 appensione
1406 1551 1545 1585 muniri.
1600 1551 1695 1585 Acta

211 1616 311 1646 erant
328 1611 393 1645 hec
410 1610 501 1644 infra
518 1608 693 1644 ecclefiam
713 1609 947 1644 cathedralem
967 1607 1231 1655 Glasguensem,
1261 1608 1360 1641 nobis
1380 1620 1443 1654 pro
1462 1606 1627 1640 tribunali
1647 1606 1693 1640 so-

211 1667 384 1708 dentibus,
405 1679 498 1701 anno
518 1666 666 1700 Domini
685 1665 863 1699 mille-limo
884 1670 991 1703 cccc⁰
1008 1663 1268 1712 septuagesimo,
1288 1662 1411 1698 mensis
1424 1676 1508 1697 vero
1520 1663 1619 1698 Junii
1639 1662 1693 1695 die

211 1723 498 1770 antepenultima,
518 1722 713 1756 indictione
732 1722 845 1761 tertia,
865 1721 1089 1769 pontificatus
1110 1719 1305 1754 sanetiffimi
1324 1720 1359 1753 in
1379 1719 1515 1753 Christo
1534 1719 1641 1765 patris
1660 1724 1693 1752 et

212 1780 345 1814 domini
373 1779 479 1813 nostri
510 1778 643 1812 domini
676 1777 775 1812 Pauli
795 1778 913 1812 divina
930 1777 1150 1824 providentia
1176 1789 1263 1823 pape
1289 1775 1429 1810 secundi
1460 1787 1553 1809 anno
1584 1775 1691 1814 sexto,

211 1834 427 1882 presentibus
445 1835 572 1869 ibidem
592 1834 751 1880 egregiIS,
772 1834 1028 1868 venerabilibus
1059 1839 1093 1868 et
1124 1833 1381 1879 circumspe'Ctis
1399 1832 1492 1871 viria
1526 1830 1693 1877 magistris

214 1891 247 1925 T
250 1892 353 1925 homa
372 1891 532 1926 Luddale
551 1891 773 1925 decretorum
793 1891 951 1930 doctore,
981 1890 1136 1924 Vilelmo
1156 1889 1300 1936 Sympil,
1336 1888 1495 1922 Roberto
1516 1887 1619 1933 LeyS‚
1640 1900 1691 1920 ec-

214 1946 391 1982 cleliarum
410 1947 661 1981 cathedralium
681 1945 903 1992 Glasguenfis
921 1951 955 1980 et
975 1944 1233 1980 Dunblanenfis
1251 1945 1436 1983 canonicis,
1467 1943 1489 1978 J
1493 1943 1630 1976 ohanne
1650 1942 1692 1975 de

215 2003 370 2050 Falsyde,
389 2003 552 2038 ,Iohanne
572 2003 600 2036 F
602 2002 742 2049 enyson,
763 2001 926 2036 Johanne
944 2003 1058 2048 gong3
1079 2000 1296 2036 ecclesiarum
1317 2001 1358 2034 de
1380 1999 1540 2046 Kylbrid,
1563 1999 1605 2032 de
1624 1998 1693 2031 Est-

215 2060 296 2093 wod
314 2065 348 2093 et
368 2058 599 2093 Curmannok
617 2058 764 2097 vicariis,
793 2070 872 2092 cum
892 2057 1030 2092 diverfis
1048 2058 1122 2091 aliis
1140 2056 1279 2091 testibus
1309 2056 1351 2090 ad
1378 2053 1536 2102 premissa
1562 2055 1693 2088 vocatis

214 2114 407 2162 specialiter
425 2120 459 2149 et
478 2115 617 2160 rogatis.

313 2170 443 2216 Etssego
462 2170 642 2205 Johannes
675 2170 717 2204 de
750 2169 901 2204 Restone
921 2169 1085 2216 prelbiter
1105 2167 1327 2214 Glasgueniis
1354 2167 1504 2207 dionem,
1533 2167 1693 2213 publicus

311 2226 482 2273 imperiali
501 2239 540 2260 ac
558 2226 667 2272 regali
687 2225 955 2260 auctoritatibus
973 2225 1140 2264 notarius,
1157 2224 1395 2270 predictarum
1409 2223 1605 2257 litterarum
1618 2235 1693 2270 pre-

312 2282 507 2322 sentationi,
545 2282 748 2329 receptioni,
789 2280 1007 2328 inspectioni,
1045 2280 1264 2314 auctoritatis
1294 2284 1329 2313 et
1358 2279 1488 2313 decreti
1519 2277 1694 2325 interpoli-

311 2339 410 2378 tioni‚
439 2337 536 2384 figilli
550 2338 680 2385 judicis
698 2336 907 2384 appensi-oni,
929 2335 1118 2382 ceterisque
1138 2335 1298 2369 omnibus
1318 2341 1351 2370 et
1370 2334 1510 2381 lingulis
1530 2333 1694 2382 premiflis
