1870 2683
214 297 285 332 316
618 293 934 330 REGISTRUM
962 292 1301 329 MONASTERII

214 393 353 441 juribus
371 393 415 427 ad
434 391 609 426 Abbatem
640 396 674 425 et
705 395 919 426 conventum
939 390 1136 425 monasterii
1167 390 1210 425 de
1239 389 1372 425 Passeto
1402 392 1579 438 predictos
1607 393 1700 441 spec-

219 449 371 484 tantibus
388 448 430 482 ab
449 446 575 482 eisdem
594 447 651 482 vel
669 446 845 494 quibusvis
863 446 939 480 aliis
956 445 1111 493 personis
1129 446 1284 481 indebite
1302 447 1475 481 molestari
1490 448 1543 482 vel
1558 449 1606 483 eis
1623 462 1699 496 gra-

220 506 359 540 vamina
376 504 433 538 seu
453 504 580 538 damna
600 503 656 538 vel
675 503 819 550 injurias
838 503 984 549 irrogari
1001 517 1010 545 3
1038 502 1166 537 facturi
1185 502 1288 537 dictis
1307 502 1438 537 Abbati
1457 508 1492 537 et
1511 505 1699 540 conventui

220 562 262 595 de
283 559 429 600 Passeto,
450 572 529 594 cum
549 559 591 594 ab
610 560 658 593 eis
677 560 732 594 vel
751 559 1038 606 procuratoribus
1056 558 1124 593 suis
1142 564 1203 593 aut
1220 571 1344 593 eorum
1362 559 1479 605 aliquo
1497 559 1632 594 fueritis
1649 573 1700 595 re-

219 617 341 665 quifiti,
362 618 405 652 de
423 617 590 664 predictis
609 622 644 652 et
661 617 735 652 aliis
753 617 908 665 personis
926 614 1141 662 quibussibet,
1155 614 1256 662 super
1270 614 1487 649 restitutione
1503 615 1700 663 hujusmodi

221 675 396 715 villarum,
428 678 604 708 terrarum
623 679 658 708 et
676 674 838 713 aliorum,
852 672 1150 720 jurisdifitionum,
1172 671 1319 718 jurium,
1342 671 1567 712 decimarum,
1597 671 1701 719 pisca-

219 731 349 765 riarum
369 736 404 765 et
422 730 596 764 bonorum
616 730 798 764 mobilium
818 735 853 764 et
870 728 1114 768 immobilium,
1151 727 1352 761 reddituum
1383 740 1522 773 quoque
1552 740 1592 762 ac
1622 740 1700 775 pro-

219 792 391 822 ventuum
421 791 455 820 et
485 786 635 820 aliorum
653 798 945 832 quorumcunque
963 785 1136 819 bonorum
1156 796 1366 830 quocunque
1398 784 1539 818 nomine
1567 796 1701 819 nuncu-

218 848 394 890 patorum,
414 855 555 876 necnon
570 842 612 876 de
627 842 833 888 quibussibet
847 841 1020 881 molestiis,
1041 840 1176 888 injuriis
1188 845 1259 874 tam
1273 839 1470 874 verbalibus
1484 853 1586 886 quam
1602 841 1701 875 reali-

218 900 280 933 bus
298 905 402 945 atque
422 899 556 933 damnis
574 898 790 946 presentibus
810 904 843 933 et
862 899 999 938 futuris,
1020 897 1055 930 in
1073 895 1228 943 personis
1247 901 1281 930 et
1299 895 1402 930 rebus
1417 895 1571 942 ipsorum
1585 896 1698 937 illatis,

221 956 257 989 in
276 955 344 989 illis
362 955 526 989 videlicet
543 967 611 1001 que
636 954 840 1001 judicialem
860 954 1043 1000 requirunt
1060 952 1260 997 indaginem
1279 952 1474 992 summarie,
1504 951 1700 999 fimpliciter

219 1017 253 1046 et
271 1011 314 1045 de
340 1011 457 1058 plano,
490 1010 559 1045 fine
589 1010 733 1057 strepitu
765 1017 800 1044 et
830 1011 943 1056 figura
965 1008 1101 1056 judicii,
1133 1008 1169 1041 in
1199 1007 1274 1041 aliis
1304 1020 1387 1042 vero
1417 1014 1524 1054 prout
1553 1008 1699 1054 qualitas

218 1080 340 1102 eorum
375 1067 542 1113 exegerit,
575 1066 706 1113 justitie
743 1066 1053 1113 complementum,
1107 1069 1336 1110 occupatores
1379 1063 1436 1097 seu
1484 1063 1695 1105 detentores,

217 1123 485 1170 presumptores,
515 1122 763 1162 molestatores,
796 1128 831 1156 et
862 1122 1085 1169 injuriatores
1111 1119 1310 1166 hujusmodi
1329 1132 1368 1153 ac
1386 1132 1510 1154 manus
1527 1120 1698 1155 violentes

215 1180 251 1213 in
269 1191 328 1213 eos
346 1178 540 1225 injicientes
557 1191 696 1212 necnon
715 1178 992 1212 contradictores
1022 1176 1188 1223 quossibet
1219 1181 1254 1210 et
1284 1175 1432 1210 rebelles
1463 1175 1697 1222 cujuscunque

217 1235 404 1281 dignitatis,
424 1234 539 1274 status,
559 1234 698 1279 gradus,
720 1234 851 1267 ordinis
869 1233 925 1267 vel
943 1233 1165 1272 conditionis,
1184 1232 1286 1266 etiam
1307 1231 1329 1265 fi
1347 1231 1628 1278 archiepiscopali
1643 1232 1698 1266 vel

217 1290 399 1338 episcopali
413 1290 467 1324 vel
482 1289 549 1323 alia
559 1290 679 1335 quavis
692 1289 861 1335 dignitate
873 1289 1104 1336 prefulgeant,
1115 1288 1395 1334 quandocunque
1410 1294 1444 1322 et
1456 1288 1698 1333 quotienscun-

217 1360 283 1393 que
303 1347 505 1394 expedierit,
526 1346 737 1380 auctoritate
755 1345 880 1385 nostra,
901 1357 963 1392 per
982 1344 1161 1379 censuram
1177 1342 1444 1384 ecclesiasticam,
1464 1344 1697 1391 appellatione

215 1402 406 1450 postposita,
427 1401 690 1449 compescendo,
711 1402 874 1436 invocato
893 1402 935 1435 ad
955 1401 1020 1435 hoc
1038 1399 1062 1434 fi
1079 1413 1166 1447 opus
1184 1400 1290 1434 fuerit
1307 1399 1437 1434 auxilio
1456 1399 1586 1434 brachii
1604 1400 1697 1435 lecu-

216 1460 320 1501 laris3
349 1472 422 1492 non
441 1457 652 1492 obstantibus
671 1464 740 1491 tani
760 1457 868 1492 felicis
886 1458 1139 1492 recordationis
1168 1457 1339 1492 Bonifacii
1369 1470 1457 1504 pape
1488 1458 1546 1491 viii
1575 1458 1696 1504 prede-

215 1515 351 1551 cessoris
369 1515 472 1549 nostri
494 1515 529 1548 in
547 1514 671 1560 quibus
689 1520 833 1548 cavetur
851 1527 895 1549 ne
914 1514 1037 1560 aliquis
1055 1520 1154 1548 extra
1172 1513 1266 1547 suam
1289 1514 1463 1547 civitatem
1483 1519 1517 1547 et
1536 1512 1694 1547 diocefim

214 1571 275 1606 nifi
293 1573 328 1605 in
347 1571 449 1605 certis
470 1571 622 1617 exceptis
641 1569 769 1604 casibus
787 1576 822 1604 et
840 1570 875 1604 in
894 1570 961 1604 illis
978 1570 1072 1604 ultra
1089 1582 1195 1604 unam
1214 1570 1342 1603 dietam
1361 1582 1381 1603 a
1397 1569 1467 1603 fine
1482 1568 1539 1603 sue
1555 1568 1694 1603 diocefis

213 1629 256 1662 ad
279 1627 452 1674 judicium
471 1631 650 1665 evocetur,
682 1625 740 1660 seu
760 1638 804 1660 ne
826 1626 961 1673 judices
980 1631 1014 1660 et
1033 1625 1292 1660 conservatores
1310 1638 1330 1659 a
1348 1624 1426 1658 sede
1445 1625 1600 1671 deputati
1619 1638 1694 1672 pre-

214 1684 307 1719 dicta
325 1689 424 1718 extra
441 1683 617 1717 civitatem
637 1687 671 1716 et
690 1680 849 1716 diocefim
869 1682 903 1715 in
922 1682 1046 1728 quibus
1065 1683 1219 1729 deputati
1239 1683 1368 1716 fuerint
1387 1688 1510 1716 contra
1525 1680 1694 1728 quoscun-

213 1753 279 1786 que
297 1739 488 1786 procedere
505 1737 573 1772 five
601 1738 669 1771 alio
698 1737 753 1771 vel
772 1737 846 1771 aliis
864 1738 956 1772 vices
986 1737 1061 1773 suas
1089 1738 1320 1779 committere,
1350 1744 1409 1772 aut
1437 1739 1570 1784 aliquos
1601 1738 1692 1772 ultra

211 1808 317 1830 unam
337 1795 465 1829 dietam
484 1807 504 1828 a
521 1794 590 1828 fine
609 1793 750 1828 diocefis
768 1794 961 1828 eorundem
980 1795 1118 1829 trahere
1145 1794 1357 1842 presumant,
1390 1795 1581 1829 dummodo
1600 1795 1693 1829 ultra

213 1852 297 1886 duas
315 1851 424 1885 dietas
442 1850 564 1896 aliquis
582 1850 793 1884 auctoritate
811 1848 1023 1896 presentium
1042 1863 1114 1885 non
1132 1851 1301 1891 trahatur,
1334 1850 1392 1885 seu
1419 1851 1513 1897 quod
1544 1851 1587 1885 de
1617 1851 1692 1885 aliis

213 1920 316 1954 quam
333 1908 376 1941 de
391 1905 574 1941 manifestis
589 1906 723 1952 injuriis
738 1911 772 1940 et
784 1905 958 1940 violentiis
971 1913 1005 1941 et
1017 1907 1090 1941 aliis
1104 1907 1382 1954 quejudicialem
1398 1907 1582 1953 requirunt
1595 1907 1690 1941 inda-

211 1966 340 2012 ginem,
360 1965 459 2012 penis
477 1965 512 1998 in
531 1976 592 1998 eos
608 1963 631 1997 fi
648 1963 743 1997 secus
761 1963 897 2009 egerint
916 1969 950 1998 et
968 1964 1003 1997 in
1022 1964 1057 1997 id
1074 1970 1303 2010 procurantes
1321 1963 1476 2010 adjectis,
1510 1962 1689 1997 conserva-

210 2029 303 2056 tores
321 2020 354 2056 se
373 2021 574 2055 nullatenus
593 2019 840 2059 intromittant,
861 2032 963 2065 quam
983 2019 1057 2053 aliis
1075 2019 1336 2065 quibuscunque
1355 2018 1656 2053 constitutionibus
1670 2032 1689 2052 a

210 2075 504 2124 predecefl'oribus
522 2075 644 2110 nostris
665 2075 834 2109 Romanis
853 2075 1085 2122 pontificibus,
1117 2081 1187 2109 tam
1208 2076 1250 2110 de
1274 2075 1450 2122 judicibus
1470 2075 1636 2121 delegatis
1655 2081 1688 2109 et

211 2133 511 2167 conservatoribus
529 2144 631 2178 quam
651 2130 805 2178 personis
823 2131 916 2165 ultra
934 2137 1068 2166 certum
1087 2144 1273 2165 numerum
1292 2131 1336 2165 ad
1348 2130 1520 2177 judicium
1539 2143 1611 2164 non
1630 2144 1688 2165 vo-

209 2189 338 2228 candis,
358 2194 418 2222 aut
435 2188 510 2222 aliis
528 2187 628 2222 editis
646 2200 713 2233 que
732 2186 841 2221 vestre
860 2185 994 2233 pollent
1012 2188 1048 2221 in
1068 2187 1130 2221 hac
1143 2193 1242 2234 parte
1255 2186 1491 2234 jurisdietioni
1503 2192 1563 2220 aut
1577 2186 1687 2234 potes-

209 2245 269 2279 tati
288 2243 551 2290 quomodolibet
570 2243 711 2277 obviare
728 2257 736 2285 ;
765 2242 823 2277 seu
842 2241 865 2276 fi
883 2243 1053 2289 aliquibus
1071 2243 1304 2277 communiter
1323 2242 1378 2277 vel
1405 2241 1535 2276 divisim
1565 2255 1584 2276 a
1610 2255 1687 2289 pre-

209 2301 303 2334 dicta
320 2299 358 2334 fit
376 2299 453 2334 sede
471 2300 647 2334 indultum
666 2299 761 2344 quod
779 2299 1086 2339 excommunicari,
1107 2298 1265 2346 suspendi
1279 2299 1335 2333 vel
1347 2299 1506 2333 interdici
1518 2298 1576 2333 seu
1588 2304 1685 2332 extra

208 2356 263 2391 vel
282 2356 374 2390 ultra
392 2361 487 2390 certa
504 2356 581 2390 loca
598 2356 641 2390 ad
662 2356 837 2403 judicium
856 2355 992 2390 evocari
1013 2367 1085 2389 non
1102 2353 1227 2402 poflint
1255 2367 1318 2402 per
1335 2355 1468 2389 litteras
1485 2353 1685 2401 apostolicas
