1839 2652
183 282 204 312 Ξ
581 278 894 314 REGISTRUM
923 279 1259 316 MONASTERII

184 386 297 408 meam
316 374 358 408 de
377 372 540 420 Pafl'elay,
559 373 749 408 secundum
768 375 926 408 ordinem
944 375 1090 409 fratrum
1109 376 1152 409 de
1171 375 1330 416 VVenloc,
1356 376 1519 410 videlicet
1536 375 1654 411 secun-

184 430 268 463 dum
287 429 445 463 ordinem
472 430 723 463 monachorum
756 430 1045 471 Cluniacenfium,
1075 432 1251 465 communi
1270 431 1435 466 consensu
1463 437 1497 465 et
1524 431 1655 466 afl'ensu

186 485 316 520 Prioris
335 491 369 519 et
387 491 581 520 conventus
599 486 641 519 de
661 486 821 520 W⁷enloc.
858 486 905 519 Et
923 486 966 519 ad
985 487 1128 520 domum
1146 487 1239 520 illam
1260 487 1526 521 construendam
1542 487 1656 522 habeo

185 541 227 575 de
246 541 350 574 domo
370 541 412 575 de
431 541 579 575 WVenloc
597 541 655 587 xiij
676 542 800 575 fratres
820 554 828 575 :
855 547 889 575 et
919 542 1015 588 prior
1042 542 1101 587 qui
1128 542 1170 576 de
1197 542 1264 576 illis
1282 543 1340 589 xiij
1360 543 1517 589 predffi'ce
1536 543 1657 577 domui

185 597 338 642 regende
364 597 576 642 preficietur,
606 610 668 643 per
694 610 750 631 me
777 603 811 631 et
834 610 896 643 per
914 610 1031 631 meum
1059 597 1237 632 confilium
1256 599 1430 644 eligetur:
1461 604 1495 632 et
1521 597 1544 632 fi
1575 611 1657 632 con-

184 653 296 698 tingat
314 651 422 699 ipsum
441 653 594 699 priorem
612 653 669 687 vel
694 666 756 700 per
780 659 930 687 mortem
956 653 1011 687 vel
1029 666 1092 700 per
1110 654 1327 688 criminalem
1346 655 1658 700 prevaricationem

185 720 204 740 a
221 708 377 754 prioratu
396 707 456 741 suo
476 708 614 755 deponi,
643 721 706 755 per
723 722 779 743 me
797 715 831 743 et
850 722 911 756 per
928 720 1045 742 meum
1064 707 1241 742 confilium
1271 709 1477 755 deponetur,
1499 714 1532 743 et
1550 709 1609 754 qui
1627 709 1659 743 ei

186 763 221 796 in
239 764 432 809 prioratum
451 764 624 810 prefatum
642 763 802 799 succedet
819 778 881 811 per
899 777 954 798 me
979 769 1013 798 et
1031 777 1093 810 per
1110 777 1228 798 meum
1247 763 1424 799 confilium
1443 765 1603 811 eligetur,
1623 770 1658 799 et

185 818 251 851 hoc
270 817 312 851 de
330 817 492 851 fratribus
510 817 610 864 ipfius
629 819 752 852 domus
769 832 872 864 quam
890 820 1055 860 fundabo,
1087 819 1110 853 fi
1128 821 1162 854 in
1181 833 1219 854 ea
1249 821 1397 855 inveniri
1425 821 1554 867 poterit
1583 833 1660 867 per-

185 871 269 907 sona
287 872 431 907 discreta
448 879 481 907 et
501 874 712 908 conveniens
735 875 779 908 ad
806 875 1011 920 dignitatem
1029 876 1134 910 talem
1157 875 1405 922 fiiscipiendam
1423 890 1432 918 3
1462 875 1511 910 fin
1529 881 1658 916 autem,

187 930 229 964 de
243 930 405 965 fratribus
416 931 573 977 predicte
586 931 710 965 domus
722 931 764 965 de
777 931 925 966 WVenloc
943 944 1186 978 quemcunque
1200 932 1359 972 voluero,
1376 937 1521 978 excepto
1538 931 1660 966 Priore

186 985 269 1033 ipsc,
304 986 427 1032 eligam
447 987 490 1020 ad
509 987 697 1033 regendam
717 987 860 1021 domum
878 1001 981 1033 quam
998 987 1165 1022 statuam:
1202 993 1237 1021 et
1265 988 1313 1021 ita
1338 988 1432 1033 quod
1451 988 1576 1022 domus
1601 988 1661 1022 illa

186 1055 259 1076 non
278 1042 343 1076 erit
361 1041 544 1089 respiciens
562 1043 604 1076 de
623 1042 695 1076 ulla
724 1055 761 1076 re
789 1043 833 1076 ad
852 1043 995 1077 domum
1014 1043 1056 1077 de
1076 1042 1235 1082 VVenloc,
1264 1041 1325 1076 nifi
1354 1043 1598 1077 tantummodo
1617 1044 1660 1077 de

187 1100 428 1145 recognitione
447 1100 588 1134 ordinis.
642 1100 717 1134 Has
745 1101 884 1146 quidem
903 1099 1091 1138 libertates,
1121 1099 1164 1132 ad
1183 1111 1270 1144 opus
1289 1099 1412 1132 domus
1438 1098 1530 1132 illius
1556 1111 1661 1144 quam

187 1154 342 1195 statuam,
374 1155 572 1201 impetrabit
590 1156 673 1189 mihi
692 1155 794 1190 Prior
813 1162 847 1190 et
865 1160 1058 1190 conventus
1077 1154 1119 1188 de
1140 1154 1288 1189 lVenloc
1315 1154 1357 1188 ab
1386 1154 1524 1188 Abbate
1542 1167 1661 1189 mona-

189 1211 334 1244 chorum
364 1210 654 1251 Cluniacenfium,
687 1217 721 1245 et
752 1224 771 1245 a
803 1211 925 1245 Priore
945 1211 986 1244 de
1012 1209 1203 1249 Charitate,
1232 1210 1291 1255 qui
1323 1209 1458 1245 easdem
1483 1210 1661 1245 libertates

188 1266 349 1312 religioni
368 1267 410 1301 de
431 1265 577 1301 Pafl'elet
594 1267 696 1301 cartis
713 1266 780 1301 suis
798 1265 1066 1301 confirmabunt.
1120 1264 1189 1298 Pro
1218 1265 1284 1298 hiis
1310 1270 1428 1299 autem
1445 1265 1662 1300 libertatibus

188 1322 366 1362 habendis,
386 1322 506 1356 domui
524 1323 682 1369 predicte
701 1323 743 1357 de
759 1322 908 1357 &Venloc
927 1321 1016 1356 dabo
1042 1321 1079 1354 in
1088 1326 1296 1367 perpetuam
1315 1320 1538 1355 elemofinam
1554 1333 1663 1355 unam

188 1377 380 1425 plenariam
398 1376 592 1424 maysuram
620 1379 656 1412 in
674 1378 786 1424 burgo
805 1391 884 1413 meo
914 1378 956 1412 de
977 1376 1128 1416 Renfru,
1157 1382 1191 1410 et
1218 1389 1330 1410 unum
1348 1382 1422 1411 rete
1439 1376 1663 1423 piscatorium

188 1434 232 1468 ad
260 1433 429 1468 salmones
460 1434 644 1480 capiendos
674 1447 736 1481 per
767 1434 925 1481 proprias
950 1446 1054 1479 aquas
1085 1445 1190 1472 meaS,
1226 1438 1261 1467 et
1286 1432 1319 1479 vj
1347 1433 1436 1467 retia
1466 1433 1510 1467 ad
1543 1433 1664 1468 allecia

190 1489 368 1536 capienda,
388 1494 422 1524 et
435 1502 546 1523 unum
560 1489 726 1523 bateluni.
756 1490 954 1524 Libertates
972 1494 1089 1523 autem
1108 1488 1166 1522 iste
1180 1488 1410 1522 servabuntur
1423 1489 1554 1523 illibate
1572 1490 1664 1524 inter

190 1557 246 1579 me
277 1550 312 1579 et
338 1544 462 1579 fratres
480 1545 523 1578 de
542 1544 690 1579 XVenloc
718 1551 752 1579 et
778 1545 863 1579 alios
891 1544 1127 1580 Cluniacenfis
1153 1545 1296 1584 ordinis,
1324 1550 1359 1579 et
1388 1545 1462 1591 post
1492 1544 1664 1580 decefl'um

190 1613 318 1640 meum,
346 1600 438 1634 inter
455 1600 600 1634 heredes
618 1613 713 1634 meos
732 1606 766 1635 et
783 1601 960 1648 p1·edi6tos
978 1601 1101 1635 fratres
1118 1599 1294 1647 presentes
1313 1606 1347 1634 et
1364 1600 1512 1634 futuros.
1556 1600 1665 1635 Testi-

190 1655 254 1690 bus
272 1655 349 1695 istis,
379 1655 581 1701 Engelrano
600 1657 807 1690 cancellario
828 1657 937 1702 Regis
956 1656 1083 1697 Scotie,
1112 1656 1251 1690 Abbate
1279 1656 1322 1690 (le
1350 1655 1500 1690 Rievall’
1521 1657 1664 1690 nomine

194 1711 351 1751 Aielred‚
388 1710 530 1746 Simone
565 1711 684 1745 Cellar
714 1712 757 1746 de
777 1711 949 1752 VVardun,
987 1712 1141 1746 Ricardo
1177 1711 1356 1759 capellano
1394 1711 1501 1757 Regis
1536 1712 1663 1752 Scotie,

193 1767 335 1801 Simone
354 1766 462 1801 fratre
481 1766 674 1812 Engelrani
693 1767 899 1807 cancellarii,
934 1767 1093 1802 Roberto
1112 1767 1154 1801 de
1174 1767 1366 1807 Costentin,
1395 1767 1536 1802 Simone
1558 1767 1665 1802 fratre

194 1822 341 1856 Walteri
359 1822 421 1856 filii
440 1822 573 1863 Allani,
593 1822 703 1870 Apud
721 1823 751 1858 F
752 1823 955 1869 odrigeiam.

193 1988 424 2023 Confirmatio
444 1988 639 2023 Humbaldi
655 1989 780 2036 prioris
795 1989 837 2024 de
849 1989 1007 2030 Wenloc,
1028 1996 1062 2025 et
1079 1989 1180 2038 super
1195 1990 1443 2038 compofitione
1454 1990 1668 2026 fundationis

195 2045 237 2079 de
257 2043 414 2079 Paffelet.

196 2153 528 2190 HUMBALDUS
568 2154 803 2189 Wenloeenfis
841 2155 979 2192 ecclesie
1017 2159 1114 2205 prior
1139 2164 1174 2193 et
1199 2158 1349 2193 eiusdem
1381 2159 1449 2193 loci
1475 2163 1669 2193 conventus

194 2210 359 2245 univerfis
386 2209 503 2245 fauete
530 2211 650 2245 matris
681 2210 818 2245 ecclefie
846 2211 924 2245 filiis
950 2212 1106 2248 salutem.
1159 2214 1277 2248 Sciant
1306 2213 1481 2260 presentes
1499 2219 1534 2248 et
1560 2214 1670 2248 futuri

194 2265 390 2300 Walterum
408 2266 519 2301 filium
538 2267 658 2307 Alani,
689 2267 883 2314 dapiferum
911 2267 1019 2315 Regis
1038 2269 1164 2310 Scotie,
1197 2269 1374 2315 religionis
1405 2270 1547 2304 domum
1578 2270 1671 2316 apud

195 2319 352 2363 Paffelet,
383 2322 464 2357 Deo
483 2328 704 2370 cooperante,
731 2321 898 2364 fundaffe,
932 2323 1122 2360 secundum
1140 2325 1300 2360 ordinem
1319 2325 1596 2367 Cluniacensem,
1628 2326 1670 2360 de
