1839 2652
176 270 242 302 138
572 263 885 301 REGISTRUM
915 264 1253 301 MONASTERII

173 375 254 397 uam
273 367 451 396 nummate
469 367 562 396 terre
580 361 639 396 sue
658 362 701 396 de
722 360 862 395 Kilmor
887 361 981 408 apud
1007 360 1219 409 Louchgilp,
1247 374 1327 396 cum
1358 363 1491 410 capella
1521 364 1651 400 Sandiae

176 418 290 452 Marie
310 419 345 452 in
364 418 485 452 eadem
504 422 684 452 nummata
701 423 794 451 terre
812 417 968 457 fundata,
996 422 1032 451 et
1049 429 1129 451 cum
1147 417 1309 452 omnibus
1327 418 1401 452 aliis
1418 420 1649 466 pertinentiis,

174 473 390 508 libertatibus
407 478 442 508 et
460 472 653 508 afiamentis
671 473 715 508 ad
733 473 928 520 predi&am
947 478 1076 507 terram
1094 472 1343 520 spectantibus,
1370 473 1440 509 fine
1466 476 1582 522 aliquo
1600 489 1652 511 re-

174 531 380 564 tinemento.
434 529 554 570 Quare
572 529 654 564 volo
673 535 708 564 et
726 529 882 564 concedo
901 529 996 576 quod
1013 530 1166 577 prediefi
1184 530 1306 565 Abbas
1324 537 1359 565 et
1377 538 1572 566 conventus
1590 544 1650 580 per

174 585 206 619 se
225 586 280 620 vel
298 598 360 632 per
385 590 651 632 procuratorem
681 584 792 626 suum,
820 585 896 620 vice
926 598 1004 620 mea
1033 592 1068 620 et
1096 587 1319 629 auetoritate,
1347 587 1592 634 ingrediantur
1618 595 1652 623 et

173 640 324 676 laifinam
344 647 379 676 et
390 639 628 689 poffeffionem
643 642 802 689 predicte
816 649 996 678 nummate
1010 649 1104 678 terre
1120 657 1199 679 cum
1211 645 1432 692 pertinentiis
1446 646 1650 693 percipiant,

174 697 334 738 habeant,
362 702 507 732 teneant
524 703 559 732 et
576 696 779 745 poffideant,
806 698 927 740 libere,
955 700 1071 746 quiete
1090 707 1124 735 et
1151 701 1305 748 pacifice,
1333 707 1369 736 et
1387 702 1430 736 de
1449 702 1570 737 eadem
1588 702 1651 737 dis-

172 761 306 801 ponant
324 761 430 802 prout
448 755 572 790 melius
589 754 647 789 fibi
665 755 818 790 viderint
836 756 1012 803 expedire.
1065 757 1109 791 In
1128 757 1226 805 cujus
1243 758 1293 792 rei
1317 757 1552 793 testimonium
1570 758 1651 793 huic

173 811 310 859 scripto,
343 812 386 846 ad
413 811 609 846 instantiam
635 824 759 852 meam,
792 812 939 859 sigillum
959 813 1166 847 venerabilis
1184 814 1291 861 patris
1309 814 1442 848 domini
1461 814 1650 849 Laurencii

175 867 394 914 Ergadienfis
412 867 560 915 episcopi
578 881 649 903 una
666 881 746 903 cum
763 867 872 915 figillo
891 881 970 903 meo
989 868 1036 903 est
1051 868 1253 916 appensum.
1306 870 1442 905 Datum
1460 871 1554 918 apud
1572 869 1650 905 Pas-

172 923 257 958 selet
275 924 329 958 die
349 924 521 959 Mercurii
539 925 699 971 proxima
716 924 790 971 post
807 923 1067 959 transsationem
1086 925 1207 960 Sancti
1226 925 1366 961 Thome
1383 927 1546 967 martiris,
1566 927 1649 961 anni

173 981 284 1026 gratie
302 979 471 1015 millesimi
490 980 714 1015 ducentesimi
732 980 981 1028 septuagesimi.
1035 981 1115 1015 Hiis
1141 981 1292 1023 testibus,
1320 982 1464 1016 domino
1484 982 1649 1017 Gilberto

174 1037 419 1071 archidiacono
438 1035 651 1083 Ergadienfi‚
679 1037 847 1083 magistris
875 1036 993 1071 Adam
1025 1037 1068 1071 de
1097 1037 1360 1079 Louchmaban,
1389 1043 1423 1073 et
1442 1038 1648 1073 Alexandro

175 1092 436 1140 Mackennedy,
465 1093 609 1128 domino
630 1093 748 1128 Alano
767 1093 947 1140 capellano
975 1094 1108 1128 domini
1135 1093 1284 1142 episcopi
1315 1093 1545 1141 ErgadienfiS,
1579 1094 1649 1129 Re-

173 1149 317 1195 ginaldo
335 1149 408 1183 filio
437 1149 612 1190 Macrath,
642 1148 820 1184 Mauricio
851 1149 923 1183 filio
954 1148 1248 1191 Gilmehefl'eoch‚
1276 1150 1440 1186 ,Iohanne
1469 1150 1647 1197 scriptore,

176 1205 384 1240 Alexandro
403 1205 446 1240 de
466 1205 662 1251 Ruthglen,
684 1205 713 1239 F
714 1205 832 1252 ynlaio
851 1205 894 1239 de
913 1204 1152 1246 Clourotrich‚
1169 1205 1327 1241 Malmor
1344 1206 1419 1241 filio
1438 1206 1648 1246 Laumanni,

180 1261 337 1296 Waltero
358 1261 534 1308 Pycnoch,
564 1267 599 1296 et
615 1262 691 1296 aliis
708 1261 837 1295 multis.

175 1430 283 1465 Carta
300 1430 523 1465 dimidietatis
541 1435 721 1465 nummate
740 1436 833 1464 terre
848 1430 893 1464 ad
910 1429 1085 1464 ecclesiam
1097 1429 1141 1464 de
1155 1429 1325 1477 Kyllinan
1336 1430 1555 1478 pertinentiS,
1570 1431 1651 1465 data

173 1500 235 1534 per
255 1486 487 1523 Malcolmum
506 1486 616 1521 filium
636 1492 670 1522 et
687 1486 853 1522 heredem
872 1485 1082 1521 Laumanni.

177 1598 416 1634 OMNIBUS
444 1598 570 1633 Christi
587 1598 748 1633 fidelibus
777 1597 918 1645 presens
947 1597 1112 1645 scriptum
1131 1597 1253 1633 visuris
1281 1599 1337 1633 vel
1368 1599 1540 1633 audituris
1560 1598 1652 1633 Mal-

175 1654 309 1688 colmus
325 1654 417 1689 filius
435 1659 470 1689 et
488 1654 588 1689 heres
606 1654 739 1689 domini
756 1655 934 1700 quondam
953 1655 1152 1690 Laumanni
1170 1655 1313 1690 salutem
1331 1656 1368 1690 in
1390 1656 1549 1690 Domino
1565 1655 1650 1691 sem-

173 1711 359 1757 piternam.
412 1710 563 1745 Noverit
580 1709 783 1745 universitas
800 1711 911 1746 vestra
928 1724 995 1753 me,
1016 1724 1080 1759 pro
1099 1725 1155 1746 me
1173 1717 1208 1746 et
1226 1712 1412 1747 heredibus
1429 1712 1515 1747 meis
1533 1718 1568 1747 et
1585 1725 1650 1760 pro

175 1766 283 1801 salute
301 1767 497 1802 animarum
515 1764 768 1802 antecessorum
786 1780 958 1809 meorum,
987 1766 1124 1809 dediffe,
1153 1767 1347 1803 conceflifl'e
1366 1773 1402 1803 et
1419 1768 1483 1803 hac
1500 1768 1651 1815 presenti

177 1828 271 1857 carta
289 1835 366 1857 mea
383 1821 599 1857 confirmaffe
619 1822 699 1857 Deo
718 1828 753 1857 et
772 1822 902 1858 San&o
920 1823 1053 1859 Jacobo
1072 1829 1106 1858 et
1136 1824 1268 1859 SanGto
1287 1823 1423 1859 Mirino
1442 1825 1484 1859 de
1505 1823 1651 1859 Pafl'elet

178 1885 212 1914 et
229 1879 408 1914 monachis
425 1879 553 1914 ibidem
573 1879 655 1913 Deo
672 1878 901 1913 servientibus
919 1885 954 1913 et
977 1880 1236 1926 imperpetuum
1263 1879 1452 1921 servituris,
1473 1880 1509 1914 in
1527 1893 1650 1927 puram

178 1943 212 1970 et
226 1941 431 1983 perpetuam
444 1934 676 1976 elemosinam,
693 1935 944 1970 dimidietatem
958 1942 1137 1970 nummate
1152 1942 1245 1971 terre
1257 1937 1300 1971 ad
1315 1936 1490 1972 ecclefiam
1506 1937 1548 1972 de
1565 1937 1651 1984 Kyl-

177 1991 273 2026 linan
291 1992 538 2038 pertinentem,
566 2004 645 2026 cum
669 1991 752 2038 jure
777 1996 983 2038 patronatus
1011 1992 1163 2040 ejusdem
1191 1993 1341 2034 ecclefie,
1370 1999 1405 2028 et
1434 2006 1513 2029 cum
1542 1994 1652 2028 omni·

178 2048 240 2082 bus
258 2048 333 2083 aliis
345 2047 443 2095 justis
460 2048 680 2096 pertinentiis
698 2046 765 2082 suis
783 2048 827 2082 ad
843 2049 1038 2095 predi&am
1052 2055 1182 2084 terram
1202 2055 1236 2084 et
1254 2048 1430 2085 ecclefiam
1448 2051 1652 2098 pertinenti-

178 2105 241 2138 bus
259 2103 317 2138 seu
336 2104 378 2138 de
391 2104 473 2151 jure
491 2104 607 2150 aliquo
619 2109 777 2151 tempore
791 2105 968 2151 pertinere
981 2105 1188 2146 valentibus,
1205 2112 1240 2141 et
1258 2119 1338 2141 cum
1350 2107 1446 2141 omni
1458 2107 1540 2154 jure
1558 2107 1652 2153 quod

178 2160 262 2193 mihi
281 2160 336 2194 vel
355 2160 541 2195 heredibus
557 2160 643 2194 meis
660 2160 697 2194 in
715 2160 837 2195 eadem
854 2165 949 2195 terra
974 2167 1009 2196 et
1040 2161 1180 2196 ecclelia
1197 2175 1276 2196 cum
1305 2162 1466 2197 omnibus
1492 2162 1559 2197 suis
1576 2175 1653 2209 per—

179 2216 335 2250 tinentiis
366 2217 534 2263 competit
564 2216 620 2251 vel
647 2216 826 2263 competiit
852 2216 908 2251 vel
935 2217 1052 2264 aliquo
1070 2223 1228 2266 tempore
1256 2218 1313 2254 vel
1343 2218 1411 2253 alio
1442 2218 1558 2264 aliquo
1570 2218 1651 2265 jure

181 2278 379 2318 competere
398 2273 528 2319 poterit
545 2273 814 2320 imperpetuum.
867 2273 914 2308 Et
941 2280 981 2308 ut
1009 2275 1127 2309 omnia
1154 2280 1189 2309 et
1218 2273 1353 2321 fingula
1368 2272 1528 2322 premiffa
1545 2273 1652 2308 robur

181 2328 361 2375 optineant
378 2334 546 2375 perpetue
574 2330 757 2371 firmitatis,
789 2329 940 2377 presenti
969 2329 1096 2378 scripto
1126 2330 1273 2378 figillum
1292 2343 1409 2365 meum
1437 2328 1589 2377 apposui,
1617 2336 1651 2363 et
