1839 2652
162 298 230 328 12⁶2
560 289 873 326 REGISTRUM
904 289 1242 325 MONASTERII

167 390 287 425 Sanfifi
306 388 503 424 Colmaneli
522 388 612 422 infra
629 387 824 435 prodietam
843 392 973 421 terram
992 385 1062 426 fita,
1092 398 1172 420 cum
1198 398 1270 420 una
1294 392 1475 422 nummata
1492 392 1586 422 terre
1605 387 1650 421 ad

167 446 361 494 precliGtam
381 443 555 479 ecclefiam
573 443 751 491 speAEhinte
769 457 777 485 3
807 456 887 477 cum
906 442 1038 489 capella
1050 441 1154 488 juxta
1172 441 1318 476 castrum
1337 442 1379 477 de
1395 442 1648 490 Schyphinche.

172 503 292 543 Quare
311 500 392 535 volo
413 506 448 534 et
466 513 530 546 pro
550 513 605 534 1110
633 505 668 534 et
693 498 880 533 heredibus
899 499 984 533 meis
1003 498 1158 532 concedo
1178 498 1271 544 quod
1291 498 1377 533 diffl
1395 500 1557 533 monachi
1575 513 1651 547 pre-

172 558 301 592 dietam
321 555 496 591 ecclesiam
516 568 595 589 011111
615 555 776 589 omnibus
794 555 1025 602 pertinentiis,
1054 554 1271 589 libertatibus
1290 560 1325 589 et
1351 554 1555 589 aififfinentis
1572 555 1650 596 suis,

173 615 208 647 iu
227 613 372 647 liberam
390 625 515 660 puram
535 618 569 646 et
587 617 793 659 perpetuam
813 610 1033 646 eleinofinani
1053 611 1313 657 imperpetuum
1332 616 1486 652 teneant,
1502 612 1652 646 habeant

172 675 206 704 et
224 667 426 716 possideant‚
456 669 544 703 adeo
563 668 682 708 libere,
711 668 827 714 quiete
847 673 881 701 et
898 667 1052 715 pacifice,
1085 665 1169 701 ficut
1188 667 1337 713 aliquam
1357 667 1459 701 aliam
1479 666 1652 702 ecclesiam

174 726 215 760 de
235 726 328 759 dono
349 725 488 759 baronis
507 725 562 759 vel
581 724 700 758 militis
718 724 861 758 liberius
880 730 914 758 et
932 723 1083 769 quietius
1097 729 1220 757 tenent
1235 729 1269 757 et
1280 722 1462 770 poffident.
1500 724 1544 758 In
1557 724 1655 771 cujus

174 783 224 817 rei
241 781 477 816 testimouium
508 782 590 815 huic
615 780 767 828 presenti
795 779 921 827 scripto
951 779 1100 825 sigillum
1132 792 1249 814 meum
1279 780 1363 814 duxi
1393 780 1653 827 apponendum.

177 838 257 873 Hiis
275 838 428 878 testibus,
456 838 607 872 dominis
626 837 773 884 Fynleio
793 837 835 871 de
856 836 1014 883 Stragrif,
1043 836 1206 871 Johanne
1227 836 1269 870 de
1290 835 1446 883 Irsehym
1475 837 1654 877 militibus,

175 895 346 942 Dufgallo
365 895 437 929 filio
457 894 605 934 Sewen’,
637 893 864 943 Murchardo
884 893 956 927 filio
977 892 1166 932 Malcmur,
1194 892 1358 928 Johanne
1379 892 1516 933 Portar,
1539 893 1655 928 Duns-

177 951 255 985 lene
274 951 380 985 fratre
400 950 621 990 MurchardL
652 950 852 996 Reginaldo
880 949 1018 989 clerico,
1048 954 1082 983 et
1112 949 1187 982 aliis
1218 949 1347 983 multis.
1402 949 1535 983 Datum
1564 950 1657 997 apud

177 1020 321 1054 parcum
341 1007 383 1041 ‹le
404 1005 547 1053 Irschyn
566 1007 621 1040 die
639 1006 738 1041 Jovis
756 1006 917 1053 proxima
933 1004 1007 1052 post
1024 1004 1145 1039 festum
1166 1005 1286 1039 saneti
1307 1005 1417 1039 Illarii
1435 1018 1529 1039 anno
1546 1006 1657 1051 gratie

178 1061 357 1097 millesimo
377 1061 613 1097 ducentesimo
632 1061 838 1108 sexagesimo
856 1060 1020 1095 secundo.

180 1231 338 1265 Donatio
358 1229 496 1265 ecclesie
516 1230 636 1265 saneti
656 1230 854 1265 Colmaneli
873 1244 935 1278 per
955 1231 1112 1265 Alanum
1133 1230 1342 1278 episcopum.

182 1343 421 1380 OMNIBUS
449 1342 575 1377 Christi
593 1342 754 1377 fidelibus
782 1343 826 1377 ad
852 1356 938 1389 quos
956 1343 1095 1390 presens
1113 1342 1278 1390 scriptum
1296 1345 1498 1390 pervenerit
1523 1344 1662 1379 Alanus

184 1401 253 1435 Dei
272 1400 383 1446 gratia
402 1399 581 1446 episcopus
600 1398 830 1445 Ergadienfis,
858 1399 1003 1434 salutem
1036 1400 1071 1434 in
1101 1399 1260 1434 Domino
1279 1398 1536 1447 sempiternam.
1588 1400 1662 1435 No-

184 1457 303 1491 veritis
321 1469 384 1490 nos
403 1456 554 1490 caritatis
572 1455 703 1490 intuitu
722 1454 926 1496 conceflffse,
956 1454 1084 1490 dedisse
1112 1461 1147 1490 et
1176 1456 1240 1490 hac
1266 1461 1362 1490 carta
1379 1455 1494 1490 nostra
1511 1456 1662 1504 presenti

185 1511 400 1549 confirmasse
421 1512 500 1546 Deo
520 1516 554 1546 et
573 1511 703 1546 Saneto
721 1511 855 1547 Jacobo
875 1517 910 1546 et
938 1512 1068 1547 831ιᾶὶο
1089 1511 1224 1546 Mirino
1243 1516 1278 1546 et
1296 1511 1504 1546 monasterio
1523 1513 1566 1547 de
1586 1512 1664 1546 Pas-

184 1571 266 1605 selet
285 1575 319 1604 et
338 1568 516 1602 monachis
533 1568 661 1602 ibidem
681 1567 762 1602 Deo
781 1568 1009 1603 servientibus
1038 1573 1072 1602 et
1101 1568 1361 1614 imperpetuum
1388 1567 1576 1609 servituris,
1609 1582 1662 1603 ec-

187 1625 319 1661 clefiain
340 1625 459 1659 Saneti
479 1623 677 1659 Colmaneli
695 1624 731 1658 in
753 1624 902 1671 Kentyr,
932 1636 1011 1658 cum
1039 1624 1180 1670 capellis
1199 1629 1233 1658 et
1252 1624 1413 1657 omnibus
1432 1623 1531 1670 justis
1556 1626 1662 1672 perti-

188 1682 316 1717 nentiis
333 1680 410 1721 suis,
441 1679 498 1714 fibi
524 1681 560 1714 in
578 1680 659 1715 usus
689 1682 849 1728 proprios
868 1680 1154 1716 convertendam.
1208 1679 1328 1720 Quare
1346 1679 1509 1714 volumus
1530 1685 1564 1714 et
1582 1693 1665 1715 con-

188 1739 343 1774 cedimus
361 1737 455 1783 quod
473 1737 623 1783 predicti
641 1737 802 1771 monachi
820 1737 1014 1784 predi&am
1041 1734 1215 1770 eccleliam
1243 1748 1321 1769 cum
1350 1735 1490 1782 capellis
1509 1742 1543 1770 et
1560 1738 1665 1783 perti-

188 1795 316 1830 nentiis
330 1793 397 1827 suis
415 1793 674 1839 imperpetuum
694 1798 837 1827 teneant
851 1798 886 1827 et
903 1791 1096 1840 poflideant
1114 1792 1162 1826 ita
1178 1791 1297 1832 libere,
1317 1792 1445 1838 quiete,
1463 1792 1619 1839 plenarie
1632 1800 1667 1828 et

188 1850 392 1889 honorifice,
421 1848 505 1882 ficut
523 1848 629 1894 aliqui
647 1849 712 1883 viri
730 1847 879 1895 religiosi
897 1849 1047 1895 aliquam
1067 1847 1253 1888 ecclesiam,
1282 1860 1361 1882 cum
1381 1848 1520 1895 capellis
1539 1854 1573 1883 et
1590 1862 1667 1896 per-

190 1906 357 1946 tinentiis,
385 1903 444 1938 fibi
470 1905 506 1938 in
537 1903 616 1938 usus
644 1905 805 1951 proprios
836 1904 1027 1939 conceffiun
1059 1910 1093 1939 et
1122 1904 1294 1945 collatam,
1322 1904 1475 1945 liberius,
1504 1905 1665 1951 quietim,

190 1963 328 2010 plenius
346 1966 380 1995 et
406 1960 696 1995 honorificentius
714 1961 750 1994 in
768 1973 878 2007 regno
898 1960 1013 1995 Scotie
1032 1966 1155 1995 tenent
1182 1966 1217 1995 et
1242 1958 1413 2007 poffident
1430 1975 1440 2003 ;
1469 1961 1572 1996 Salva
1588 1975 1668 2009 por-

192 2020 289 2054 tione
307 2017 426 2052 vicarii
444 2017 481 2050 in
499 2016 558 2051 illa
576 2016 715 2051 ecclefia
732 2016 816 2052 ficut
846 2018 882 2051 in
913 2017 987 2051 aliis
1018 2015 1164 2051 ecclesiis
1193 2016 1346 2063 ejusdem
1378 2016 1604 2064 episcopatus
1634 2026 1669 2053 et

194 2075 298 2110 etiam
315 2073 414 2108 salvis
432 2072 532 2107 nobis
550 2078 584 2107 et
602 2072 847 2108 successoribus
865 2073 987 2108 nostris
1006 2079 1130 2119 quarta
1146 2080 1245 2120 parte
1274 2073 1366 2108 illius
1384 2072 1522 2108 ecclefie
1541 2087 1607 2120 que
1626 2075 1669 2109 ad

194 2130 345 2166 inensam
365 2129 593 2177 episcopalem
620 2129 835 2176 dignoscitur
861 2129 1050 2177 pertinere,
1080 2134 1114 2163 et
1136 2129 1217 2175 jure
1249 2128 1398 2176 episcopi
1428 2129 1465 2163 in
1496 2129 1668 2170 omnibus,

195 2193 228 2222 et
258 2187 408 2221 alioruin
444 2186 714 2220 ordinariorum.
784 2186 828 2220 In
863 2186 961 2233 cujus
990 2185 1039 2219 rei
1067 2184 1303 2219 testimonium
1334 2183 1484 2231 figillum
1514 2184 1669 2220 nostrum

196 2242 410 2289 presentibus
436 2242 560 2276 litteris
587 2241 634 2276 est
659 2240 859 2288 appensum.
912 2241 1072 2276 Testibus
1102 2241 1178 2281 hiis,
1208 2241 1351 2275 domino
1373 2241 1538 2275 Gilberto
1562 2242 1671 2276 archi-

197 2299 344 2332 diacono
364 2296 576 2343 Ergadienfi,
605 2297 772 2344 magistris
800 2298 883 2332 Ada
910 2298 952 2333 de
973 2298 1211 2338 Loehmaban,
1240 2303 1276 2332 et
1295 2297 1455 2332 Roberto
1474 2297 1516 2331 de
1537 2297 1669 2338 Carrio,

197 2354 339 2394 clericis,
362 2353 505 2388 domino
525 2353 690 2388 lVilehno
703 2354 884 2401 capellano
904 2354 947 2389 de
969 2354 1204 2402 Kylmacolin,
1227 2354 1346 2389 David
1365 2353 1511 2401 Syward
1529 2353 1668 2394 clerico,
