1839 2652
745 253 817 289 DE
845 253 1114 289 PASSELET.
1603 259 1668 290 181

188 350 244 386 vel
261 350 485 398 imposterum
502 349 631 385 habere
648 351 851 397 poterimus,
881 352 917 385 in
947 350 1114 398 premiffis
1132 351 1234 385 terris
1251 351 1307 385 vel
1326 351 1441 398 aliqua
1467 364 1599 392 earum,
1633 357 1668 385 et

187 406 343 442 totaliter
361 407 527 454 predictis
548 407 677 440 Abbati
705 413 739 441 et
765 409 956 442 conventui
986 409 1143 454 quietum
1163 408 1389 443 clamavimus
1415 414 1450 443 et
1477 408 1666 443 clamamus

186 463 457 510 imperpetuum.
511 463 557 497 Et
584 468 623 497 ut
648 462 787 510 presens
814 462 977 510 scriptum
1006 465 1114 498 robur
1132 471 1301 512 perpetue
1320 465 1492 499 firmitatis
1510 464 1667 512 optineat

186 520 222 553 in
239 519 426 567 posterum,
446 519 608 553 volumus
627 525 661 553 et
679 519 902 554 concedimus
920 533 984 566 pro
1003 520 1102 554 nobis
1121 527 1155 555 et
1173 521 1330 566 quolibet
1348 521 1502 555 nostrum
1515 534 1554 564 ac
1569 521 1666 555 here-

186 577 286 612 dibus
305 577 428 611 nostris
447 583 480 611 et
499 575 654 622 quolibet
672 574 836 622 ipsorum,
867 581 900 609 et
918 575 1069 622 presenti
1087 575 1213 624 scripto
1233 577 1491 617 confirmamus,
1506 575 1665 624 jurisdic-

185 634 329 674 tionem,
350 634 596 667 auetoritatem
615 637 650 666 et
667 631 857 678 plenariam
876 631 1079 678 potestatem
1099 633 1243 667 domino
1263 633 1395 668 Comiti
1422 634 1465 668 de
1497 633 1665 668 Levenax

185 690 244 736 qui
261 703 326 737 pro
344 695 502 736 tempore
520 688 637 727 suerit,
670 692 775 734 prout
794 687 946 727 liberius,
979 688 1103 722 melius
1133 694 1168 723 et
1197 689 1333 736 plenius
1360 689 1434 723 dari
1460 690 1590 736 poterit
1608 689 1664 724 vel

185 746 341 786 concedi,
369 750 408 779 ut
426 744 566 791 propria
583 743 794 777 auctoritate
812 742 881 784 sua,
911 744 953 778 de
971 744 1076 791 plano
1108 751 1142 779 et
1172 745 1241 780 fine
1260 746 1402 793 strepitu
1415 746 1584 793 judiciali,
1613 748 1665 780 in-

183 802 283 849 gredi
300 799 400 848 poffit
416 798 664 847 polseffionem,
696 800 945 846 proprietatem
974 806 1008 835 et
1038 799 1201 847 sayfinam
1221 803 1376 836 omnium
1397 808 1571 836 terrarum
1588 802 1664 837 nos-

185 864 317 893 trarum
336 859 372 892 in
392 857 569 896 Levenax,
602 861 637 890 et
663 855 842 902 cujussibet
868 855 1023 890 nostrum
1042 863 1077 891 et
1096 857 1265 891 heredum
1285 857 1481 892 nostrorum
1502 864 1536 893 et
1555 857 1665 906 cujus-

184 914 269 948 libet
285 913 436 961 ipsorum
457 913 515 959 qui
535 912 577 946 de
596 918 713 946 cetero
731 918 854 946 contra
872 912 1050 959 predictos
1066 913 1241 948 Abbatem
1261 919 1295 948 et
1314 920 1528 949 conventum
1547 928 1664 950 move-

183 971 254 1004 rint
271 968 330 1004 seu
348 969 498 1003 moverit
515 967 728 1014 questionem
746 966 848 1015 snper
866 968 1032 1015 premiffis
1050 971 1152 1005 terris
1172 971 1226 1005 vel
1244 971 1360 1017 aliqua
1377 971 1539 1019 ipffirum,
1572 978 1607 1007 et
1624 979 1664 1007 ut

182 1025 269 1074 ipsas
286 1031 396 1060 terras
414 1024 544 1059 nostras
564 1024 646 1071 jure
665 1024 875 1059 hereditario
894 1031 1011 1060 teneat
1036 1025 1105 1061 fine
1123 1027 1239 1074 aliquo
1258 1034 1513 1069 retenemento,
1544 1034 1578 1064 et
1605 1028 1663 1064 fibi

183 1088 218 1117 et
235 1082 422 1117 heredibus
451 1080 518 1115 fiiis
547 1080 724 1127 apropriet
743 1080 1001 1128 imperpetuum
1028 1083 1097 1118 fine
1124 1086 1219 1120 omni
1239 1085 1448 1132 calumpnia,
1470 1086 1663 1121 contradic-

182 1139 290 1179 tione,
321 1138 574 1184 inquietatione
593 1136 649 1170 vel
667 1137 931 1183 perturbatione
950 1152 993 1174 ex
1019 1146 1118 1187 parte
1136 1140 1252 1175 nostra
1270 1142 1325 1176 vel
1344 1142 1514 1176 heredum
1533 1142 1664 1177 nostro-

180 1209 258 1230 rum
277 1194 336 1230 seu
354 1195 499 1242 alicujus
518 1194 682 1241 ipsorum,
705 1193 762 1228 seu
781 1194 927 1242 alicujus
945 1196 1089 1230 alterius
1108 1198 1250 1232 nomine
1270 1197 1385 1231 nostro
1404 1197 1462 1232 seu
1483 1197 1634 1245 ipsorum
1651 1213 1661 1241 ;

183 1257 218 1287 et
231 1251 324 1298 quod
341 1251 587 1285 nichilominus
606 1251 785 1298 pred16tus
800 1250 928 1286 Comes
943 1265 1005 1299 per
1019 1253 1222 1300 potestatem
1243 1253 1337 1288 suam
1357 1253 1545 1290 secularem
1564 1252 1664 1302 poffit

182 1321 247 1342 nos
278 1313 312 1342 et
341 1307 531 1353 quemlibet
550 1307 705 1341 nostrum
735 1320 774 1341 ac
805 1308 950 1343 heredes
969 1309 1103 1344 nostros
1130 1316 1165 1344 et
1190 1310 1381 1356 quemlibet
1408 1310 1571 1358 ipsorum,
1601 1324 1664 1358 per

183 1365 276 1399 bona
292 1363 408 1398 nostra
425 1369 459 1398 et
477 1362 536 1397 sua
554 1363 705 1403 mobilia,
726 1363 925 1410 ubicunque
950 1365 985 1399 in
1004 1371 1098 1400 terra
1116 1366 1159 1400 de
1178 1366 1345 1400 Levenax
1364 1372 1504 1413 reperta
1520 1367 1662 1407 fuerint,

183 1421 404 1468 compellere,
434 1419 522 1454 nulli
541 1420 722 1453 hominum
741 1419 857 1466 aliquo
881 1420 963 1467 jure
981 1421 1036 1456 vel
1058 1422 1193 1468 judicio
1221 1422 1456 1469 replegiandzn
1485 1422 1663 1470 quoufique

182 1477 454 1524 quadringentas
472 1475 576 1510 libras
595 1475 767 1509 bonorum
787 1482 822 1510 et
840 1476 1003 1522 legalium
1023 1477 1267 1524 sterlingorum
1294 1479 1460 1525 predicffis
1480 1479 1611 1513 Abbati
1629 1485 1663 1514 et

183 1535 384 1575 conventui,
405 1535 440 1568 in
458 1534 582 1580 quibus
601 1533 728 1567 eisdem
746 1534 956 1568 confitemur
974 1534 1087 1568 teneri
1105 1540 1270 1580 tanquam
1290 1535 1324 1568 in
1344 1535 1461 1569 debito
1480 1536 1662 1582 principali

183 1598 218 1628 et
234 1591 427 1640 specialiter
446 1590 573 1625 eisdem
593 1589 709 1624 debito
727 1603 791 1636 pro
811 1590 968 1636 dampnis
996 1595 1030 1624 et
1056 1589 1210 1637 expensis
1236 1603 1304 1636 que
1333 1596 1367 1626 et
1397 1604 1481 1637 quas
1498 1590 1558 1638 ipfi
1575 1592 1664 1626 fece·

183 1653 267 1683 runt
292 1654 328 1682 et
353 1648 579 1682 incurrerunt
597 1644 773 1680 occasione
791 1646 949 1693 predicte
968 1646 1037 1680 litis
1063 1659 1126 1693 per
1151 1660 1215 1681 nos
1233 1653 1338 1688 mote,
1369 1648 1505 1694 integre
1523 1647 1662 1683 solveri-

183 1716 283 1739 mus:
319 1703 529 1737 omnimodis
547 1703 671 1736 litteris
689 1703 823 1736 domini
855 1702 964 1747 Regis
991 1702 1106 1736 Scotie
1132 1702 1192 1737 seu
1219 1703 1455 1750 cujuscunque
1482 1704 1625 1739 alterius
1643 1718 1663 1739 a

183 1773 393 1808 quocunque
410 1760 488 1794 foro
505 1759 649 1794 seculari
667 1759 723 1793 vel
742 1757 963 1793 ecclesiastico
991 1765 1114 1793 contra
1140 1760 1229 1794 hanc
1255 1760 1494 1801 donationem,
1527 1761 1663 1796 conces-

183 1816 324 1856 fionem,
345 1815 647 1850 confirmationem
667 1821 701 1849 et
719 1815 968 1861 quietationem
988 1821 1023 1850 et
1041 1815 1284 1850 clamationem
1304 1816 1455 1850 nostram
1471 1817 1663 1864 impetratis

184 1875 242 1910 seu
262 1874 498 1921 Impetrandis‚
531 1873 674 1907 minime
692 1872 792 1906 nobis
810 1872 864 1906 vel
883 1872 985 1905 alicui
1004 1871 1162 1921 nostrum
1190 1872 1245 1906 vel
1277 1873 1445 1907 heredum
1464 1873 1662 1908 nostrorum

182 1931 351 1965 valituris.
405 1929 520 1970 Quam
540 1927 810 1974 compulfionem
836 1927 860 1961 fi
885 1927 1064 1974 prediffiis
1083 1928 1246 1962 dominus
1264 1928 1393 1963 Comes
1419 1929 1462 1963 de
1482 1929 1660 1970 Levenax,

184 1987 221 2021 in
239 1986 400 2020 omnibus
426 1983 511 2018 ficut
536 1983 764 2031 prescriptum
795 1983 852 2024 est,
882 1982 1102 2024 reeulaverit,
1133 1985 1377 2031 prorogaverit
1395 1985 1450 2019 vel
1478 1984 1661 2020 diffimula-

184 2042 285 2081 verit,
306 2041 437 2080 damus,
458 2039 681 2074 concedimus
699 2045 734 2074 et
751 2039 902 2086 presenti
920 2039 1046 2086 scripto
1065 2040 1323 2080 confirmamus,
1344 2039 1538 2087 premilsam
1558 2040 1662 2087 juris-

186 2097 388 2135 dififionem,
409 2095 654 2129 alletoritatem
683 2100 718 2129 et
747 2095 949 2142 potestatem
977 2095 1012 2129 in
1039 2096 1200 2130 omnibus
1228 2101 1262 2130 et
1289 2108 1351 2142 per
1369 2097 1496 2136 omnia,
1517 2097 1661 2132 domino

185 2151 300 2187 nostro
322 2151 413 2197 Regi
432 2150 547 2185 Scotie
565 2151 623 2196 qui
641 2163 705 2197 pro
723 2156 881 2198 tempore
907 2151 1023 2190 fuerit,
1052 2151 1284 2198 compellendi
1312 2164 1376 2185 nos
1406 2157 1440 2185 et
1470 2153 1661 2198 quemlibet

185 2207 338 2242 nostrum
360 2213 394 2241 et
412 2206 558 2241 heredes
576 2206 708 2240 nostros
726 2212 761 2241 et
778 2207 969 2253 quemlibet
986 2205 1150 2253 ipsorum,
1174 2205 1243 2241 fine
1261 2207 1407 2254 alicujus
1425 2209 1593 2255 temporis
1610 2210 1661 2244 in-

185 2263 344 2303 tervallo,
373 2268 445 2296 tam
475 2262 519 2296 ad
548 2261 755 2296 solutionem
784 2263 942 2309 predi&e
969 2261 1100 2296 summe
1125 2264 1273 2309 pecunie
1298 2264 1491 2299 faciendam
1510 2265 1661 2300 termino

186 2319 342 2367 superius
359 2323 537 2358 contento,
565 2330 668 2364 quam
695 2317 739 2352 ad
765 2317 1041 2353 observationem
1068 2319 1225 2354 omnium
1251 2319 1400 2356 aliorum
1418 2320 1661 2369 premifforum
