1839 2652
846 322 904 354 xri

200 418 292 447 Carta
316 417 457 447 Amelech
480 417 579 447 fratris
604 417 782 447 Maldoveni
813 417 928 446 comitis
963 417 1000 447 de
1035 417 1175 453 Lennax,
1203 417 1240 447 de
1266 417 1427 447 donatione
1455 418 1532 449 salin

157 466 293 496 Rosneth
316 472 344 496 et
361 467 494 497 Garloch
509 477 561 506 per
576 471 682 503 totum,
706 467 744 496 fo.
762 467 886 496 cxxviii.
912 468 950 506 (c.
968 467 1077 506 1230,)
1518 469 1554 498 P.
1571 470 1632 499 210

198 536 394 566 Confirmatio
409 537 587 566 Maldoveni
611 536 725 566 comitis
751 537 788 565 de
815 536 954 572 Lennax,
979 537 1016 566 de
1040 547 1100 566 una
1126 536 1220 567 salina
1246 537 1276 566 in
1301 537 1438 567 Rosneth
1461 542 1490 568 et
1511 539 1548 568 (16

155 586 298 616 tractibus
314 587 344 615 in
360 586 504 622 Gal-loch,
529 586 567 615 fo.
586 585 712 615 cxxviii.
732 587 770 625 (c.
789 586 898 625 123Ο,)
1570 588 1629 617 211

197 657 290 685 Carta
306 656 417 685 Hauel'
432 656 530 685 fratris
547 655 723 685 Maldoveni
740 655 855 684 comitis
878 656 914 685 de
938 655 1076 692 Lennax,
1101 657 1138 685 de
1162 666 1223 686 una
1243 656 1337 686 salina
1352 656 1383 685 in
1399 656 1548 692 Rosneth,

155 706 192 734 fo.
210 706 333 735 cxxviii.
353 707 391 744 (c.
409 706 518 744 1230‚)
1570 707 1629 736 211

197 774 290 803 Carta
305 774 472 804 donationis
488 778 566 803 terre
582 778 611 803 et
625 774 749 813 piscarie
765 775 800 804 de
817 774 962 814 Lynbren
977 785 1029 814 per
1042 775 1209 805 Robertum
1222 776 1380 813 Hertford,
1392 777 1430 807 fo.
1442 778 1545 808 cxxix.

156 828 194 862 (a.
213 824 323 862 1225,)
1569 828 1628 857 211

198 894 331 923 Donatio
361 899 389 923 et
420 894 605 924 confirmatio
633 895 809 924 Maldoveui
833 895 948 924 comitis
975 897 1011 925 (16
1037 896 1177 931 Lennax,
1203 901 1281 926 terre
1305 902 1334 926 et
1359 897 1483 936 piscarie
1509 898 1546 927 de

155 945 300 984 Lynbren
316 955 388 983 quas
404 945 485 974 dedit
502 945 653 974 Robortus
670 946 828 981 Hertford,
842 946 879 974 fo.
897 947 999 977 cxxix.
1019 949 1142 986 (1222)
1568 950 1630 979 212

197 1017 290 1046 Carta
304 1017 428 1056 piscarie
443 1017 480 1046 ad
496 1027 589 1045 unum
606 1021 667 1046 rete
694 1017 723 1046 in
750 1028 828 1055 aqua
852 1018 888 1047 de
913 1017 1017 1046 Leven
1043 1028 1094 1057 per
1122 1019 1340 1048 Maldovenum
1356 1019 1493 1048 comitem
1509 1020 1546 1049 (16

153 1067 292 1102 Lennax,
316 1067 354 1095 fo.
373 1066 476 1096 cxxix.
503 1069 541 1105 (C.
559 1067 668 1105 1224.)
1567 1069 1629 1098 213

195 1134 392 1164 Confirmatio
408 1135 576 1164 Alexandri
592 1136 679 1175 regis,
696 1136 733 1164 de
747 1135 906 1165 medietate
916 1136 1040 1174 piscarie
1055 1136 1143 1165 unius
1152 1147 1227 1174 φιν-(ε
1239 1136 1268 1165 in
1282 1136 1396 1171 Leven,
1411 1137 1545 1166 Roberto

153 1184 304 1220 Hartfort,
329 1185 366 1213 fo.
384 1195 474 1214 cxxx.
501 1186 624 1223 (1228.)
1567 1187 1630 1216 213

195 1252 391 1282 Confirmatio
407 1252 570 1283 Alexandri
586 1253 663 1293 regis
681 1254 789 1289 Scotie,
807 1255 844 1283 (16
860 1264 919 1283 uno
933 1264 992 1292 yar
1008 1264 1095 1293 super
1111 1255 1215 1283 Leven
1239 1256 1319 1292 quod
1344 1255 1544 1284 Maldovenus

152 1312 248 1331 comes
263 1303 300 1332 dc
317 1302 445 1332 Lennax
461 1303 530 1332 fecit
546 1303 655 1332 Abbati
668 1308 697 1332 et
713 1304 872 1333 conventui
888 1305 925 1333 de
942 1305 1072 1339 Pasleto,
1090 1305 1127 1332 fo.
1145 1314 1235 1333 cxxx.
1262 1304 1386 1342 (12:240
1567 1304 1629 1333 214

195 1373 390 1403 Confirmatio
420 1374 456 1403 (16
486 1378 565 1403 terra
595 1374 816 1403 Dolenlenrach
846 1384 898 1412 per
928 1373 1136 1403 Alexandrum
1172 1383 1271 1413 regem
1301 1373 1379 1402 facta
1410 1374 1543 1403 Roberto

152 1423 311 1459 Hartford,
336 1424 372 1452 fo.
391 1433 481 1453 cxxx.
507 1424 631 1461 (1228,)
1565 1424 1628 1453 214

193 1493 312 1522 Littera
326 1493 444 1523 licentie
460 1498 489 1523 et
503 1494 634 1533 plenarie
650 1494 803 1533 potestatis
819 1479 970 1524 reficiendi
987 1498 1145 1533 stangnum
1162 1493 1284 1532 piscarie
1307 1504 1357 1522 sue
1373 1493 1402 1522 in
1427 1493 1541 1529 Leven,

150 1553 201 1581 per
216 1543 369 1573 dominum
386 1543 590 1574 Alexandrum
606 1554 705 1583 regem
724 1544 832 1579 Scotie,
857 1545 894 1573 fo.
912 1544 1014 1573 cxxxi.
1034 1544 1158 1582 (125Ο,)
1565 1543 1626 1572 215

193 1612 327 1641 Donatio
343 1613 499 1642 Malcolmi
525 1613 640 1642 comitis
665 1613 701 1642 de
726 1613 855 1642 Lennax
882 1623 969 1651 super
993 1612 1152 1642 medietate
1178 1612 1301 1651 piscarie
1325 1612 1361 1641 de
1386 1612 1540 1652 Lynbren,

148 1662 187 1691 fo.
204 1662 307 1691 cxxxi.
333 1662 456 1701 (1273.)
494 1668 496 1670 '
1564 1663 1624 1691 215

195 1731 332 1761 Secunda
347 1732 493 1761 concessio
510 1732 687 1762 Maldoveni
704 1732 829 1768 comitis,
847 1733 884 1762 de
901 1732 1056 1772 Lynbren,
1075 1733 1112 1761 fo.
1130 1732 1244 1761 cxxxii.
1264 1736 1303 1771 (a.
1322 1733 1430 1771 1224.)
1566 1731 1628 1762 216
1661 1756 1664 1758 ,

194 1802 391 1831 Confirmatio
407 1802 584 1832 Maldoveni
601 1803 716 1832 comitis
733 1803 769 1832 de
786 1802 913 1832 Lennax
931 1802 1065 1831 Roberto
1082 1801 1239 1837 Hertford,
1267 1801 1303 1830 de
1319 1800 1540 1836 Dalmaunoch‚

151 1852 189 1881 fo.
206 1851 321 1881 cxxxii.
340 1855 379 1890 (a.
398 1853 506 1891 1224)
1563 1850 1625 1888 217

195 1921 374 1960 Preccptum
391 1920 566 1950 cancellario
581 1920 726 1950 directum
753 1930 841 1959 super
857 1919 1080 1949 confirmatione
1097 1919 1234 1948 habenda
1249 1919 1285 1948 de
1301 1918 1436 1947 omnibus
1452 1919 1540 1948 cartis

151 1975 179 1998 et
195 1971 476 2006 confirmationibus,
501 1971 538 2000 fo.
556 1970 671 2000 cxxxii.
697 1969 821 2009 (1316,)
1561 1968 1624 2006 217

194 2041 372 2079 Preceptum
387 2040 499 2069 domini
515 2040 593 2079 regis
608 2039 773 2069 Alexandri
791 2039 890 2068 Scotie
905 2039 941 2068 de
956 2039 1168 2068 deliberatione
1184 2037 1225 2066 fili
1242 2047 1317 2075 aque
1336 2037 1372 2067 de
1389 2037 1492 2067 Leven
1509 2038 1538 2067 in

151 2095 276 2129 stangno
292 2090 452 2119 molendini
469 2091 505 2119 de
521 2091 710 2125 Dunbertan,
734 2089 771 2118 fo.
789 2088 915 2118 cxxxiii.
941 2088 1066 2127 (1237))
1563 2088 1625 2118 218

195 2160 313 2189 Littera
329 2159 473 2189 actornati
489 2169 542 2198 pro
558 2159 673 2188 Abbate
689 2162 718 2187 et
734 2161 883 2187 conventu
899 2158 935 2186 de
952 2157 1083 2192 Pasleto‚
1100 2157 1138 2185 fo.
1156 2157 1282 2186 cxxxiii.
1309 2158 1433 2195 (1521,)
1564 2158 1626 2187 218

198 2229 374 2267 Preceptum
387 2228 536 2258 Johannis
545 2227 660 2257 comitis
672 2227 708 2257 de
721 2227 860 2263 Lennax,
877 2227 1000 2266 piscarie
1011 2227 1048 2255 de
1060 2226 1214 2266 Lynbren,
1226 2227 1263 2255 fo.
1275 2226 1401 2256 cxxxiii.
1417 2227 1542 2267 (1521,)
1566 2228 1628 2259 219

199 2296 290 2326 Carta
306 2297 326 2325 J
331 2297 454 2325 ohannis
470 2296 584 2326 comitis
600 2297 636 2326 dc
653 2296 792 2332 Lennax,
808 2295 931 2335 piscarie
946 2296 982 2325 (16
998 2294 1153 2334 Lynbren,
1171 2295 1207 2324 fo.
1221 2295 1357 2325 cxxxiiii.
1371 2296 1478 2335 (1521,
1489 2295 1539 2325 ubi

156 2347 263 2375 iterum
279 2346 416 2376 scribitur
432 2351 513 2376 carta
529 2346 644 2376 comitis
660 2345 849 2381 Maldoveni,
866 2355 893 2384 p.
911 2345 984 2381 212,
997 2345 1110 2383 1225,)
1567 2345 1630 2376 219
