1839 2652
195 288 265 320 210
588 285 904 321 REGISTRUM
932 285 1269 323 MONASTERII

196 438 425 473 Confirmatio
444 437 577 472 domini
596 438 792 473 Alexandri
809 438 900 484 regis
918 437 1044 479 Scotie‚
1064 439 1108 474 de
1126 438 1264 474 ecclefia
1284 439 1456 474 Rosneth.

196 548 527 584 ALEXANDER
557 549 627 584 Dei
661 550 774 597 gratia
806 563 869 585 rex
901 550 1101 586 Scottorum
1134 552 1296 587 omnibus
1325 551 1442 599 probis
1468 550 1666 587 hominibus

194 605 300 639 totius
318 610 411 640 terre
428 604 487 640 sue
505 605 640 640 clericis
667 612 702 641 et-
731 607 826 641 laicis
852 606 1010 642 salutem.
1063 608 1181 642 Sciant
1210 608 1386 656 presentes
1403 613 1439 643 et
1468 608 1578 643 futuri
1603 620 1668 643 nos

194 660 387 696 conceffiffe
405 667 440 696 et
458 662 521 697 hac
540 668 635 697 carta
652 662 767 697 nostra
784 662 1000 698 confirmaffe
1019 664 1245 699 donationem
1272 664 1367 699 illam
1398 677 1502 710 quam
1520 664 1669 699 Amelec

194 718 301 752 frater
320 717 528 753 BIaldoveni
546 719 681 753 comitis
699 720 742 754 de
762 719 929 754 Levenax
946 719 1028 754 fecit
1048 720 1129 754 Deo
1156 726 1191 754 et
1220 720 1356 755 Sanetis
1374 720 1507 756 Jacobo
1538 725 1573 754 et
1600 719 1670 753 Mi-

195 775 271 808 rino
291 775 333 809 de
353 773 500 810 Paffelet
518 781 553 810 et
570 776 748 810 monachis
766 776 893 810 ibidem
912 775 993 810 Deo
1011 776 1251 818 servientibus,
1281 777 1323 811 de
1350 775 1491 811 ecelefia
1509 774 1667 810 Rosneth

195 843 275 865 cum
293 831 452 866 omnibus
464 830 562 878 justis
580 832 799 878 pertinentiis
825 830 891 866 suis
907 847 916 875 ;
945 832 1153 867 Tenendam
1185 838 1219 867 et
1247 831 1484 880 poffidendam
1501 832 1668 879 predictis

195 888 372 922 monachis
390 889 427 922 in
444 888 599 928 liberam,
627 901 750 935 puram
777 894 811 922 et
836 894 1041 936 perpetuam
1069 888 1301 929 elemosinam,
1329 889 1378 923 ita
1406 888 1525 929 libere,
1553 888 1669 933 quiete

196 949 230 977 et
248 943 451 984 honorifice,
479 942 563 979 ficut
590 949 684 979 carta
712 944 862 991 predicti
892 944 1040 979 Amelec
1070 945 1151 980 inde
1177 945 1270 980 faeta
1298 944 1464 992 predictis
1491 943 1670 978 monachis

189 999 280 1045 juste
298 999 451 1041 testatur,
480 1000 584 1035 Salvo
601 999 741 1034 servitio
758 999 886 1035 nostro.
938 1000 1108 1041 Testibus,
1136 1001 1276 1035 Thoma
1293 1001 1336 1035 de
1356 1000 1510 1047 Stirleyn
1536 999 1670 1034 cancel-

196 1055 283 1090 lario
301 1055 429 1096 nostro,
458 1055 616 1091 Waltero
636 1055 767 1091 Olifart
777 1056 968 1103 justiciario
986 1056 1183 1097 Laudonie,
1214 1057 1369 1091 Radulfo
1396 1055 1577 1103 capellano
1594 1054 1671 1089 nos-

196 1118 263 1152 tro,
293 1112 432 1147 Thoma
450 1113 493 1147 de
513 1112 617 1153 Haia,
648 1112 807 1147 Henrico
826 1113 868 1146 de
888 1113 1017 1160 Elkyn,
1047 1114 1254 1149 Alexandro
1281 1115 1324 1148 de
1354 1113 1518 1160 Stirleyn,
1551 1112 1671 1148 David

197 1168 240 1202 de
258 1168 431 1216 Lyndfiay,
460 1169 553 1216 apud
571 1168 746 1216 Trefquer
764 1169 972 1205 duodecimo
991 1170 1046 1205 die
1066 1169 1195 1205 Marcii
1213 1183 1305 1204 anno
1324 1182 1436 1216 regno
1461 1168 1569 1204 nostri
1586 1168 1671 1203 duo-

198 1225 343 1260 decimo.

199 1394 306 1428 Carta
325 1394 473 1430 Amelec
490 1395 605 1430 fratris
625 1395 832 1431 Maldoveni
851 1397 986 1432 comitis
1003 1397 1046 1431 de
1065 1396 1243 1438 Levenax,
1272 1397 1315 1431 de
1343 1396 1533 1431 donatione
1563 1394 1668 1429 saline

198 1451 233 1483 in
253 1449 422 1492 Rosneth,
444 1457 478 1486 et
496 1451 654 1487 Garloch
671 1465 734 1500 per
751 1458 878 1487 totum.

200 1563 439 1598 OMNIBUS
465 1564 525 1598 has
542 1564 676 1598 litteras
693 1564 814 1598 visuris
832 1565 888 1599 vel
906 1565 1075 1600 audituris
1101 1570 1171 1599 tam
1190 1564 1405 1612 presentibus
1423 1575 1526 1610 quam
1544 1563 1670 1598 futuris

201 1620 347 1653 Amelec
366 1619 473 1654 frater
494 1619 535 1653 M
538 1620 701 1654 aldoveni
720 1621 855 1655 comitis
874 1621 916 1655 de
936 1621 1104 1656 Levenax
1121 1621 1277 1656 salutem.
1330 1620 1452 1655 Sciatis
1472 1632 1527 1653 me
1545 1619 1671 1666 imper-

199 1681 339 1722 petuam
360 1674 579 1710 elemofinam
598 1675 736 1716 dediffe,
766 1674 958 1711 coneeffiffe
977 1683 1011 1711 et
1028 1678 1092 1711 hac
1110 1682 1205 1711 carta
1222 1689 1300 1711 mea
1318 1673 1545 1715 confirmafl'e,
1564 1686 1672 1708 unam

201 1730 341 1765 salinam
361 1745 440 1766 cum
458 1731 662 1766 ailiainentis
679 1731 746 1765 suis
773 1738 807 1766 et
832 1733 1062 1779 pertinentiis,
1096 1733 1177 1768 Deo
1208 1739 1243 1767 et
1271 1733 1392 1766 domui
1411 1732 1453 1766 de
1473 1729 1620 1765 Paffelet
1638 1735 1674 1765 et

201 1788 390 1828 monachis,
409 1787 607 1834 ubieunque
625 1788 802 1822 voluerint
822 1800 884 1834 per
897 1793 1027 1822 terram
1041 1802 1154 1823 meam
1168 1790 1204 1822 in
1217 1788 1395 1828 Levenax,
1415 1793 1450 1822 et
1467 1787 1675 1821 meremium

202 1844 237 1877 in
254 1843 382 1878 boscho
400 1856 478 1878 meo
496 1843 609 1878 ufibus
626 1843 693 1878 suis
718 1844 989 1891 imperpetuum.
1040 1844 1136 1879 Dedi
1165 1845 1268 1878 etiam
1298 1844 1466 1891 prediefis
1496 1842 1675 1877 monachis

203 1906 236 1934 et
255 1901 375 1934 domui
392 1901 662 1947 imperpetuum,
681 1913 744 1946 per
761 1905 876 1934 totum
896 1900 1053 1935 Garloch
1071 1913 1192 1935 omnes
1210 1901 1343 1935 traetus
1361 1900 1488 1934 retium
1500 1898 1676 1933 adsalmo-

204 1969 284 1991 nem
302 1962 338 1991 et
354 1956 462 1990 alium
492 1956 620 2003 piscem
650 1956 870 2003 capiendum,
899 1956 1002 1991 Salvo
1032 1957 1116 1991 mihi
1147 1962 1182 1991 et
1209 1956 1396 1991 heredibus
1424 1956 1509 1990 meis
1534 1954 1676 2001 fingulis

204 2013 303 2047 annis
320 2013 579 2060 imperpetuum
597 2018 722 2059 quarto
739 2011 892 2046 salmone
911 2013 971 2058 qui
989 2013 1143 2060 capietur
1161 2025 1224 2060 per
1241 2013 1375 2047 tractus
1394 2011 1543 2046 eofflem.
1596 2010 1676 2045 Hiis

204 2068 354 2110 testibus,
384 2068 603 2103 Maldoveno
621 2069 748 2103 comite
767 2068 810 2103 de
829 2068 1007 2109 Levenax,
1031 2069 1185 2103 Radulfo
1204 2069 1384 2116 capellano
1403 2068 1535 2102 domini
1556 2066 1674 2113 Regis,

206 2125 347 2160 Simone
365 2125 438 2160 filio
458 2125 607 2160 Simonis
633 2125 695 2158 filii
725 2125 940 2165 Berthmow,
971 2125 1110 2159 Thoma
1138 2125 1273 2166 Calkel,
1304 2125 1460 2171 Rogerio
1478 2123 1607 2158 vicario
1633 2121 1676 2155 de

209 2181 397 2228 Kylhelyn,
427 2181 583 2228 Rogerio
602 2181 731 2215 vicario
750 2181 792 2215 de
814 2180 1038 2221 Rima-chan,
1069 2180 1233 2215 Wilelmo
1251 2180 1323 2214 filio
1342 2179 1450 2220 Bede,
1471 2176 1676 2213 Alexandro

209 2238 250 2271 de
271 2237 458 2278 Smalham,
487 2243 522 2272 et
540 2237 658 2272 multis
676 2237 760 2272 aliis.
