1839 2652
730 269 800 304 DE
828 269 1098 305 PASSELET.
1585 256 1677 304 201*

168 365 237 400 fine
263 365 380 412 aliquo
407 372 662 402 retenemento.
716 367 906 402 Tenendas
934 372 969 401 et
996 366 1172 402 habendas
1201 366 1369 414 predie'fis
1396 365 1563 412 religiosis
1593 366 1654 399 im-

167 428 377 470 perpetuum
393 423 436 458 de
451 436 506 458 me
525 429 559 458 et
575 423 760 458 heredibus
779 424 874 464 meis,
894 423 930 457 in
948 423 1093 457 liberam
1105 435 1229 470 puram
1248 428 1283 457 et
1301 428 1505 470 perpetuam
1525 423 1654 457 elemo-

167 477 284 520 finam,
304 479 424 519 libere,
444 480 561 526 quiete
579 485 614 515 et
632 479 784 527 pacifice,
816 478 886 513 fine
905 480 1115 514 omnimodis
1133 478 1290 520 servitiis,
1319 479 1467 520 auxiliis,
1497 479 1655 514 exerciti-

167 535 242 577 bus,
263 536 491 583 captionibuS,
511 536 613 572 seffis
630 537 737 577 curie,
758 535 1079 577 consuetudinibus,
1108 536 1362 577 exactionibus,
1392 541 1426 570 et
1443 535 1654 570 secularibus

168 593 349 628 demandis
376 594 413 628 in
442 593 628 641 posterum,
661 594 778 640 aliquo
797 592 875 628 casu
894 593 950 627 vel
975 592 1111 639 judicio
1130 593 1310 639 exigendis
1339 592 1382 626 de
1412 590 1580 639 premisfis
1598 592 1654 626 vel

166 649 284 696 aliquo
312 649 566 697 premissorum.
620 649 665 684 In
693 650 791 696 cujus
821 649 872 684 rei
899 649 1136 684 testimonium
1164 648 1315 696 presenti
1347 648 1474 696 scripto
1505 647 1654 694 sigillum

167 718 285 740 meum
304 706 388 740 duxi
405 706 666 754 apponendum.
720 706 856 740 Datum
877 705 971 752 apud
991 705 1131 739 Renfru
1149 705 1205 739 die
1225 705 1345 739 Sanfifi
1364 705 1546 739 Valentini
1565 717 1655 738 mar-

167 763 242 797 tiris
269 763 352 797 anni
381 763 493 810 gratie
525 761 693 797 millesimi
725 760 950 797 ducentefimi
978 760 1216 808 septuagesimi
1244 761 1350 795 tertii.
1404 761 1484 795 Hiis
1502 760 1653 801 testibus,

168 819 311 854 domino
331 819 493 866 Eugenio
512 819 704 866 capellano,
739 819 858 853 Alano
885 819 928 853 de
956 817 1140 858 Ruthuan,
1174 817 1339 852 Gilberto
1358 816 1431 850 filio
1451 816 1652 857 Absolonis,

170 875 364 910 Malcolmo
396 876 438 910 de
468 875 671 923 Drumynd,
714 875 854 910 Thoma
884 875 956 908 filio
987 874 1232 914 Summerledi,
1264 873 1429 909 Johanne
1460 873 1503 908 de
1537 873 1652 913 Knoc,

168 931 308 966 Thoma
326 932 369 966 de
388 931 531 972 Fulton,
551 931 716 967 Johanne
733 931 849 972 Pride,
871 931 1049 977 Stephano
1068 930 1142 964 filio
1162 930 1307 964 Ricardi
1322 929 1434 970 Thor,
1456 929 1562 964 Petro
1581 930 1654 964 filio

167 987 363 1028 Malcolmi,
392 987 552 1022 Henrico
570 987 643 1022 filio
663 987 836 1028 Eufemie‚
859 987 965 1021 Petro
985 986 1027 1021 de
1048 985 1179 1027 Insula,
1202 986 1321 1021 Alano
1340 986 1383 1021 de
1403 986 1547 1027 Fulton,
1569 985 1654 1019 Wil-

166 1044 259 1079 elmo
278 1044 321 1079 de
343 1043 457 1085 Knoc,
477 1044 642 1080 Johanne
659 1045 733 1079 filio
754 1044 873 1085 Alani,
894 1048 929 1078 et
948 1042 1067 1077 multis
1084 1043 1170 1077 aliis.

169 1213 339 1249 Inhibitio
359 1214 491 1249 domini
512 1214 661 1249 Roberti
682 1214 752 1249 Dei
770 1214 883 1261 gratia
900 1213 1051 1262 episcopi
1069 1212 1315 1261 Glafigwenfis.

171 1326 450 1362 ROBERTUS
470 1326 691 1362 miseratione
710 1327 829 1361 divina
847 1325 1079 1374 Glasgwenfis
1098 1325 1236 1361 ecclefie
1255 1325 1409 1361 minister
1426 1326 1578 1367 humilis,
1609 1326 1657 1360 di-

168 1385 270 1419 lectis
288 1385 323 1418 in
343 1384 479 1419 Christo
498 1384 576 1418 filiis
595 1384 638 1419 de
657 1383 896 1424 Curmannoc,
927 1383 970 1418 de
990 1383 1173 1423 Cathkert,
1207 1383 1250 1417 de
1279 1382 1417 1429 Pollog,
1450 1382 1493 1417 de
1515 1382 1657 1429 Kylma-

168 1441 282 1476 colme
301 1446 336 1475 et
354 1441 397 1475 de
418 1440 645 1488 Kylberchan
663 1440 810 1480 vicariis,
831 1439 986 1481 fiilutem,
1009 1440 1158 1486 gratiam
1177 1445 1212 1474 et
1229 1439 1526 1473 benedictionem.
1579 1437 1658 1473 Me-

170 1497 323 1532 mininus
353 1510 418 1531 nos
445 1497 528 1531 alias
559 1496 763 1531 mandatum
792 1496 959 1537 nostrum,
990 1502 1114 1531 contra
1144 1495 1299 1530 nobilem
1331 1495 1446 1529 virum
1475 1495 1657 1529 dominum

171 1553 406 1588 Malcolmum
425 1554 589 1588 comitem
609 1553 652 1588 de
672 1552 851 1593 Levenax,
882 1552 957 1600 ejus
974 1553 1067 1587 vices
1085 1558 1259 1599 gerentes,
1285 1551 1478 1585 Walterum
1498 1551 1658 1598 Spreuwl

170 1609 393 1645 senescallum
413 1609 524 1650 suum,
552 1622 592 1644 ac
618 1615 754 1644 ceteros
772 1609 904 1643 curiam
923 1608 1039 1644 secum
1057 1614 1230 1649 tenentes,
1251 1605 1422 1648 direxisse,
1449 1607 1544 1654 quod
1562 1605 1621 1655 ipfi
1640 1620 1660 1641 a

170 1667 374 1713 cognitione
392 1665 571 1701 causarum
590 1665 692 1713 super
709 1665 834 1712 quibus
852 1665 942 1700 trahi
961 1665 1132 1706 fecerunt,
1152 1664 1365 1699 au&oritate
1383 1664 1491 1710 regia,
1521 1663 1660 1710 religio-

170 1721 224 1757 sos
241 1723 334 1757 viros
354 1722 531 1757 Abbatem
549 1728 584 1757 et
603 1727 817 1757 conventum
837 1722 881 1756 de
900 1720 1058 1763 Paffelet‚
1078 1721 1180 1769 super
1198 1733 1322 1756 eorum
1341 1720 1443 1755 terris
1461 1718 1661 1754 elemofina-

171 1779 215 1814 tis
233 1785 267 1814 et
285 1777 543 1826 poffessionibus
562 1792 606 1814 ex
624 1779 816 1813 donatione
835 1778 1052 1813 diversorum
1072 1778 1253 1813 Comitum
1273 1778 1316 1812 de
1335 1776 1505 1811 Levenax
1535 1788 1659 1811 eorum

172 1834 313 1871 ecclefie
332 1835 375 1870 de
396 1835 585 1883 Kylpatrik
604 1835 749 1875 collatis,
783 1840 818 1869 et
848 1835 884 1869 in
914 1848 1038 1882 puram
1058 1840 1093 1870 et
1111 1840 1318 1882 perpetuam
1338 1831 1560 1868 elemosinam
1579 1846 1660 1868 con-

172 1889 267 1925 ceffis
285 1896 320 1925 et
338 1890 501 1930 obtentis,
521 1896 628 1937 prout
645 1890 682 1924 in
701 1889 937 1925 instrumentis
955 1890 1057 1939 super
1074 1892 1141 1926 hoc
1159 1890 1329 1925 confetffis
1354 1889 1492 1937 plenius
1509 1890 1660 1925 vidimus

173 1947 359 1987 contineri,
391 1952 426 1981 et
453 1947 520 1981 hoc
548 1945 588 1980 fit
615 1946 794 1993 publicum
825 1952 860 1981 et
887 1948 1068 1982 notorium
1094 1949 1130 1981 in
1157 1947 1325 1981 comitatu
1344 1946 1387 1980 de
1405 1945 1575 1980 Levenax
1600 1946 1660 1980 ubi

174 2008 267 2037 terre
284 2001 483 2049 supradicte
500 2001 580 2036 sunt
596 2000 667 2042 fite,
694 2002 732 2036 in
750 2003 847 2037 curia
863 2001 923 2037 sua
940 2003 1051 2038 laicali
1070 2003 1216 2037 omnino
1235 2001 1404 2037 ceffarent
1420 2016 1429 2044 3
1472 2001 1519 2036 Et
1537 2007 1661 2036 contra

178 2058 376 2093 Robertum
396 2058 606 2093 Reddehow
624 2064 659 2092 et
676 2058 698 2094 J
702 2058 877 2094 ohannam
896 2073 1042 2094 uxorem
1062 2059 1168 2100 suam,
1189 2059 1283 2105 quod
1302 2057 1361 2106 ipfi
1379 2071 1399 2092 a
1415 2057 1659 2104 prosecutione

176 2114 357 2150 causarum
375 2114 577 2155 earundem,
606 2113 709 2161 super
726 2114 852 2150 eisdem
871 2117 973 2150 terris
991 2115 1221 2150 elemofinatis
1246 2116 1282 2149 in
1309 2115 1406 2149 curia
1422 2114 1572 2161 predicti
1592 2114 1660 2150 Co-

176 2172 269 2206 mitis
300 2175 424 2205 eontra
453 2169 591 2204 eosdem
622 2170 801 2217 religiosos
830 2173 970 2219 penitus
1001 2172 1199 2208 defisterent
1218 2178 1252 2208 et
1270 2172 1449 2213 ceffarent,
1480 2171 1542 2207 sub
1569 2186 1661 2220 pena

177 2227 318 2274 majoris
336 2226 707 2261 excommunicationis
724 2240 787 2274 per
805 2240 869 2262 nos
887 2229 923 2263 in
942 2228 1080 2264 eosdem
1107 2229 1176 2263 late
1193 2228 1218 2262 fi
1236 2234 1359 2263 contra
1385 2234 1545 2263 tenorem
1565 2242 1661 2264 man-

177 2285 247 2320 dati
266 2283 372 2318 nostri
389 2282 579 2331 supradiGti
596 2290 729 2319 temere
758 2283 1003 2332 procesfifl'ent.
1056 2285 1129 2326 Qui
1156 2285 1298 2331 quidem
1329 2285 1492 2320 dominus
1519 2285 1659 2327 Comes,

178 2341 356 2376 walterus
375 2340 515 2388 Spruul‚
535 2340 651 2377 ballivi
670 2339 730 2382 sui,
762 2354 802 2376 ac
820 2341 927 2376 ceteri
944 2341 1060 2377 secum
1079 2341 1211 2376 curiam
1229 2347 1400 2384 tenentes,
1424 2347 1548 2378 contra
1565 2355 1661 2378 man-

884 2401 907 2432 Q
926 2409 946 2433 c
