1870 2683
798 244 1080 280 APPENDIX.
1653 250 1676 282 3

203 343 264 377 filii
279 348 312 376 et
331 342 527 389 apparentis
546 341 682 375 heredis
695 342 850 376 Villelmi
870 342 1001 375 domini
1021 342 1062 376 de
1083 342 1261 389 Sympille,
1281 341 1417 376 obviam
1437 342 1522 376 itum
1540 340 1676 376 fuiffet:

204 399 281 434 Nos
296 400 410 444 itaque
423 398 577 432 imbelles
592 404 626 432 et
641 411 726 443 quos
740 411 835 432 arma
849 398 1036 432 abhorrere
1056 399 1165 437 decet,
1186 398 1255 445 ipse
1275 399 1364 432 idem
1386 397 1543 444 magister
1561 399 1677 438 armis,

204 456 334 489 nedum
353 455 395 488 ab
414 455 646 488 hereticorum
668 455 796 488 insania
814 455 1040 488 verumetiam
1061 468 1081 488 a
1099 454 1413 501 potentifli1norum
1447 460 1679 501 tyrannorum

204 510 386 544 insultibus
405 509 605 544 validillime
624 516 757 544 tutatus
775 517 849 552 est3
879 518 913 544 et
931 509 991 544 nili
1010 512 1111 545 etiam
1133 511 1270 558 posthac
1286 512 1320 545 in
1334 511 1448 545 nostra
1467 509 1678 550 defenfione‚

204 567 319 606 armis,
339 567 468 605 amicis,
489 565 628 600 conlilio
645 572 678 600 et
693 579 758 613 ope
770 567 922 612 graviter
940 573 974 601 et
990 568 1141 602 invictus
1155 566 1314 614 perfistat,
1335 568 1457 615 procul
1471 567 1576 602 dubio
1594 565 1681 600 nihil

206 622 347 670 prorsus
366 622 464 656 nobis
483 628 596 656 tutum
611 622 774 656 manebit.
827 623 961 657 Verum
982 636 1044 670 pro
1064 623 1177 658 nostra
1195 630 1293 671 parte
1312 637 1384 658 non
1402 624 1450 658 est
1467 624 1501 658 id
1520 624 1681 658 omitten-

206 680 287 713 dum
304 679 397 724 quod
415 679 447 712 in
460 678 632 725 posterum
652 679 775 713 reddat
786 679 829 713 ad
843 679 991 713 nostram
1007 680 1151 715 tutelam
1164 680 1357 721 fortiorem,
1374 681 1465 715 enim
1479 680 1588 715 veteri
1603 691 1682 727 pro-

206 735 337 775 verbio,
358 747 431 769 non
449 740 498 769 cst
515 736 755 770 minorvirtas
770 737 863 770 tueri
874 741 981 781 parta
1000 749 1103 782 quam
1115 750 1249 783 parare
1266 750 1368 772 nova.
1422 737 1601 772 Noveritis
1619 748 1682 770 nos

207 792 324 838 igitur,
345 792 500 825 unanimi
516 791 681 826 consensu
701 799 734 826 et
753 791 882 826 allenlu
902 793 1062 839 [capituli
1078 794 1201 836 nostri]
1214 794 1451 840 capitulariter
1466 793 1680 839 congregati,

207 848 330 882 nostris
344 846 643 893 succefforumque
659 849 864 892 [commodo
883 852 936 889 et]
956 850 1104 884 utilitate
1118 851 1271 896 undique
1286 849 1425 897 previfis
1443 856 1478 884 et
1492 848 1681 884 considera-

207 905 261 944 tis,
276 917 314 938 ac
334 904 440 949 longo
459 910 493 938 et
513 905 669 950 diligenti
683 905 835 938 tractatu
848 911 1051 951 maturaque
1065 906 1314 941 deliberatione
1328 907 1526 953 prehabitis,
1544 903 1682 945 decliffe‚

208 960 402 996 concessifl'e
422 968 456 996 et
476 962 538 995 hac
557 961 706 1008 presenti
726 968 821 996 carta
839 962 953 996 nostra
971 960 1197 1002 confirmasse,
1218 975 1355 996 necnon
1376 964 1468 1001 dare,
1489 962 1681 996 concedere

208 1024 242 1053 et
261 1019 323 1052 hac
342 1016 491 1064 presenti
517 1016 611 1051 c‘arta
630 1018 745 1052 nostra
762 1018 970 1052 confirmare
1002 1018 1135 1064 prefato
1169 1018 1326 1052 Roberto
1357 1018 1502 1065 Sympill
1533 1019 1684 1065 ejusdem

207 1075 380 1122 magistro,
402 1075 587 1109 heredibus
606 1074 672 1109 suis
691 1082 725 1109 et
744 1074 988 1110 successoribus
1004 1074 1160 1108 masculis
1182 1076 1215 1108 iu
1233 1075 1337 1108 feodo
1357 1082 1391 1109 et
1411 1076 1604 1110 hereditate
1624 1077 1685 1110 im-

207 1138 428 1179 perpetuum,
449 1137 561 1165 totum
583 1137 617 1165 et
637 1132 810 1177 integrum
825 1132 976 1165 officium
991 1130 1178 1176 justiciarie
1191 1137 1225 1165 et
1238 1132 1405 1166 balleatus
1418 1132 1526 1166 totius
1545 1139 1580 1167 et
1600 1133 1686 1167 intc-

208 1201 270 1234 gre
289 1187 402 1221 nostre
422 1187 611 1232 regalitatis
631 1194 664 1221 et
697 1188 852 1221 omnium
886 1194 919 1221 et
950 1187 1159 1233 lingularum
1179 1193 1363 1227 terrarum,
1394 1188 1631 1223 dominiorum
1651 1196 1685 1224 et

208 1242 450 1291 pofl'essionum
471 1243 666 1277 monasterii
686 1243 791 1277 nostri
811 1244 853 1278 de
874 1243 990 1289 Passay
1010 1243 1152 1276 ubilibet
1184 1243 1412 1285 existentium,
1442 1251 1560 1291 preter
1578 1246 1686 1279 domi-

209 1301 305 1334 nium
328 1300 371 1333 de
393 1299 487 1345 Kyill
507 1305 542 1333 et
561 1305 670 1333 terras
689 1300 819 1333 nostras
844 1313 911 1346 que
931 1300 1051 1345 jacent
1079 1299 1168 1332 iufra
1194 1300 1472 1334 vicecomitatum
1500 1301 1542 1335 de
1564 1302 1684 1348 Ayre3

210 1368 274 1402 pro
294 1356 352 1389 sua
370 1355 530 1388 mercede
550 1361 584 1388 et
602 1355 771 1402 stipendio
791 1356 875 1390 dicti
895 1356 997 1389 officii
1016 1362 1086 1389 tres
1105 1356 1237 1389 coldras
1252 1356 1361 1390 farine
1379 1358 1558 1392 avenatice
1577 1357 1688 1404 fingu-

211 1412 251 1445 lis
270 1412 369 1445 aunis
401 1411 615 1457 rfflipiendas
647 1417 681 1445 et
710 1413 948 1459 percipiendas
977 1424 1019 1445 ex
1048 1411 1163 1445 nostro
1194 1413 1356 1457 granario
1384 1420 1444 1447 aut
1463 1427 1505 1447 ex
1524 1414 1591 1447 alio
1610 1415 1687 1449 loco

212 1480 431 1513 quocumque
451 1466 508 1500 seu
537 1467 620 1500 locis
652 1480 714 1513 per
745 1480 807 1501 uos
834 1467 1008 1501 nolirosve
1036 1467 1241 1502 succeflbres
1268 1470 1483 1503 nominando
1502 1469 1559 1504 seu
1579 1473 1688 1505 nomi-

212 1524 346 1563 nandis,
368 1529 401 1557 et
420 1524 651 1569 quadraginta
669 1529 738 1557 tres
758 1524 917 1558 solidatas
936 1530 970 1558 et
988 1532 1138 1570 quatuor
1157 1525 1350 1560 denariatas
1369 1532 1540 1561 terrarum
1561 1528 1688 1563 nostra-

213 1592 289 1613 rum
311 1580 353 1613 de
373 1579 470 1612 Glen
489 1585 628 1612 vocatas
647 1579 691 1613 lie
708 1580 874 1614 Loclteid
889 1593 966 1614 cum
999 1581 1226 1626 pertiuentiis,
1255 1582 1440 1617 heredibus
1458 1582 1524 1617 suis
1543 1589 1576 1618 et
1595 1583 1690 1631 affig-

213 1636 302 1669 natis
322 1635 355 1668 in
376 1635 479 1669 feodo
500 1641 532 1668 et
553 1635 756 1676 hereditate,
776 1635 859 1670 licut
877 1636 967 1670 idem
991 1636 1168 1671 Robertus
1187 1644 1220 1671 et
1238 1637 1287 1671 sui
1303 1637 1530 1674 anteceffores
1548 1641 1689 1687 pacifice

214 1691 434 1733 habuerunt3
465 1692 586 1725 dantes
605 1697 640 1726 et
659 1693 891 1727 concedentes
909 1699 943 1727 et
962 1694 1218 1728 committentes
1237 1695 1332 1729 (licto
1354 1695 1523 1737 Roberto,
1556 1697 1690 1731 heredi-

214 1747 278 1781 bus
297 1747 362 1781 suis
381 1754 414 1781 et
433 1746 679 1782 filccefforibus
697 1749 893 1789 antedictis,
914 1749 1062 1783 nostram
1082 1763 1216 1796 puram,
1237 1751 1380 1785 liberam
1401 1758 1435 1786 et
1453 1753 1689 1787 omnimodam

215 1803 417 1850 potestatem
437 1810 471 1837 et
489 1805 691 1838 mandatum
714 1804 856 1852 speciale
875 1812 909 1839 et
926 1806 1100 1851 generale,
1133 1819 1196 1853 pro
1216 1807 1314 1841 nobis
1343 1813 1377 1842 et
1400 1808 1516 1843 nostro
1535 1810 1689 1850 nomine,

210 1859 398 1905 justiciarie
419 1866 453 1893 et
471 1860 640 1894 balleatus
658 1862 770 1895 curias
788 1861 902 1895 nostre
921 1862 1110 1907 regalitatis
1128 1862 1229 1909 super
1247 1865 1348 1897 terris
1378 1864 1500 1899 nostris
1519 1871 1553 1899 et
1571 1865 1691 1912 posses-

216 1914 367 1949 fionibus
385 1916 571 1950 antedictis
590 1929 668 1950 cum
688 1918 918 1963 pertiuentiis,
947 1919 1156 1959 tenentibus,
1185 1919 1307 1953 incolis
1326 1925 1360 1954 et
1378 1921 1566 1956 earundem
1597 1923 1691 1957 inha-

217 1971 424 2005 bitatoribus
447 1977 480 2005 et
502 1971 576 2004 aliis
596 1971 856 2018 quibuscunque
874 1986 1023 2019 quorum
1042 1974 1182 2009 interest
1205 1975 1379 2021 affigenffl,
1418 1978 1616 2018 inchoandi,
1644 1985 1693 2013 te-

217 2027 335 2066 nendi,
364 2028 577 2073 prorogandi
597 2034 631 2062 et
649 2029 809 2074 quotiens
828 2042 915 2076 opus
942 2030 1046 2063 fuerit
1068 2031 1307 2071 continuandi,
1335 2030 1443 2066 sefitas
1462 2045 1587 2068 vocare
1613 2035 1692 2069 faci-

218 2083 310 2122 endi,
339 2082 494 2118 absentes
513 2084 735 2124 amerciendi‚
766 2084 1027 2131 tranlgreffores
1053 2086 1231 2133 puniendi,
1261 2087 1383 2128 exitus,
1412 2089 1691 2131 amerciamenta,

218 2139 387 2179 bluduita,
416 2144 451 2173 et
480 2140 606 2186 prefati
635 2140 803 2174 balleatus
834 2142 1008 2175 curiarum
1037 2141 1172 2175 escheta
1200 2143 1333 2183 tuendi,
1365 2144 1578 2191 percipiendi
1598 2151 1632 2180 et
1651 2147 1693 2182 ad

218 2194 352 2228 nostros
369 2194 450 2229 usus
467 2195 662 2242 applicandi
687 2202 721 2230 et
748 2197 969 2243 importandi,
999 2203 1033 2231 et
1059 2210 1122 2243 pro
1150 2198 1274 2232 eisdem
1293 2198 1317 2232 fi
1335 2212 1422 2246 opus
1439 2200 1544 2236 fuerit
1562 2202 1694 2237 distrin-

219 2251 335 2297 gendi,
364 2264 403 2285 ac
421 2264 484 2298 pro
503 2251 625 2285 nostris
643 2252 761 2292 firmis,
789 2253 953 2299 proficuis
971 2259 1005 2287 et
1023 2253 1183 2294 devoriis,
1213 2255 1374 2300 quotiens
1403 2269 1467 2303 pro
1498 2257 1694 2305 hujusmodi

220 2319 283 2353 per
294 2319 358 2341 nos
372 2306 523 2353 requifiti
542 2307 683 2348 fuerint,
702 2309 866 2343 namandi
885 2314 919 2343 et
934 2308 1168 2355 distringendi,
1189 2310 1321 2345 nostros
1336 2317 1494 2348 tenentes
1513 2321 1547 2348 et
1565 2314 1695 2350 incolas
