1839 2652
184 315 252 346 128
578 306 894 342 REGISTRUM
922 306 1262 342 MONASTERII

182 409 277 442 mino
294 407 550 453 sempiternam.
604 403 698 444 Quia
710 415 772 450 par
789 408 971 449 peccatum
990 403 1037 437 est
1062 403 1245 438 mendacio
1264 403 1459 440 consentire
1473 410 1507 440 et
1521 407 1662 441 veritati

181 462 416 499 testimonium
435 459 648 498 subtrahere,
676 471 721 493 ne
752 457 876 492 falfitas
903 459 1081 505 prevaleat
1099 460 1252 500 veritati,
1281 460 1338 494 vel
1367 460 1531 507 iniquitas
1548 462 1663 509 preju-

181 521 273 554 dicet
291 518 445 564 equitati,
465 513 680 550 universitati
699 514 808 549 vestre
822 513 1039 561 presentibus
1062 515 1294 562 significamus
1311 529 1377 550 nos
1394 515 1574 564 inspexffl'e
1592 530 1664 552 car-

179 582 251 610 tam
270 574 402 608 domini
422 572 543 618 Engus
561 571 622 604 filii
643 570 847 605 Douenaldi
866 569 968 617 super
987 571 1168 616 [ecelefia]
1188 572 1310 606 Saneti
1330 572 1489 613 Querani
1512 574 1548 607 in
1570 572 1664 608 Ken-

179 632 259 678 tyir,
287 641 427 664 necnon
446 634 480 662 et
498 627 782 662 confirmationes
800 627 1053 662 venerabilium
1084 632 1224 674 patrum
1252 628 1477 662 dominorum
1502 628 1612 663 Alani
1629 635 1663 663 et

181 686 364 721 Laurentii
384 682 647 730 Ergadienfium
667 682 907 730 episcoporum
926 682 1028 730 super
1059 684 1180 718 eadem
1214 682 1363 725 ecclesia,
1391 683 1556 731 religiofis
1582 685 1664 718 viris

181 743 312 777 Abbati
330 747 365 776 et
383 739 574 775 conventui
593 739 636 773 de
658 737 804 773 Paffelet
823 737 996 773 concessas
1014 745 1047 774 et
1066 739 1258 780 roboratas,
1277 753 1351 774 non
1369 739 1469 780 rasas
1493 752 1567 774 non
1584 740 1664 774 abo-

178 799 266 839 litas,
295 810 368 831 non
385 796 530 830 laniatas
548 808 613 830 nec
631 796 667 829 in
685 795 800 841 aliqua
818 801 918 842 parte
937 795 1085 835 vitiatas,
1113 796 1149 830 in
1180 796 1245 830 heo
1262 796 1369 830 verba
1385 811 1394 839 3
1423 795 1663 831 OMNIBUS

179 854 304 890 Christi
323 853 484 888 fidelibus
502 858 572 886 tam
590 850 807 899 presenthus
824 864 928 897 quam
947 851 1073 885 futuris
1093 852 1215 898 Engus
1233 852 1325 886 filius
1352 852 1557 887 Doueualdi
1576 859 1664 887 eter-

179 924 260 945 nam
278 911 315 944 in
334 910 492 944 Domino
510 908 667 942 fiilutem.
720 908 842 942 Sciatis
860 920 926 947 me,
955 907 1086 942 intuitu
1103 908 1252 954 pietatiS,
1273 914 1308 943 et
1325 921 1390 955 pro
1404 908 1513 943 salute
1529 909 1662 943 domini

179 968 248 1002 mei
268 966 466 1001 Alexandri
484 965 623 999 illustris
641 965 732 1011 regis
752 963 879 1004 Scotie,
900 969 935 998 et
952 977 1016 1010 pro
1035 963 1143 998 salute
1159 964 1357 999 Alexandri
1371 965 1433 998 filii
1448 965 1532 1012 ejus,
1551 971 1586 1000 et
1597 978 1662 1012 pro

181 1023 292 1058 salute
306 1035 384 1057 mea
395 1022 537 1069 propria
552 1027 585 1055 et
601 1021 770 1055 heredum
783 1032 954 1060 meorum,
976 1018 1115 1060 dediffe,
1129 1018 1323 1055 conceffiffe
1342 1026 1377 1055 et
1394 1021 1458 1055 hac
1477 1027 1572 1055 carta
1584 1034 1662 1055 mea

179 1078 396 1115 confirmasse
412 1079 492 1112 Deo
510 1084 543 1112 et
561 1078 692 1112 5311610
707 1077 841 1112 ,Jacobo
856 1082 890 1110 et
906 1076 1036 1110 saneto
1051 1075 1186 1110 Mirino
1198 1076 1395 1111 monasterii
1411 1077 1454 1111 de
1467 1075 1615 1111 Paffelet
1627 1083 1662 1112 et

180 1137 359 1172 monachis
384 1137 512 1170 ibidem
543 1135 624 1169 Deo
650 1134 878 1169 servientibus
910 1137 944 1167 et
974 1132 1234 1178 imperpetuum
1264 1131 1453 1173 servituris,
1485 1132 1660 1167 ecclefiam

182 1193 302 1229 Sancffi
322 1193 482 1233 Querani
500 1192 535 1225 in
555 1197 648 1226 terra
666 1203 744 1225 mea
767 1192 873 1236 [que]
894 1188 1046 1234 Kentyir
1072 1188 1268 1234 appellatur
1285 1201 1293 1221 ε
1322 1187 1533 1222 Tenendam
1551 1195 1586 1223 et
1603 1189 1661 1223 ha-

180 1250 329 1285 bendam
344 1250 380 1283 in
394 1249 549 1288 liberam,
564 1261 687 1295 puram
701 1253 734 1281 et
749 1252 955 1293 perpetuam
970 1243 1202 1283 elemofiuam,
1212 1257 1291 1277 eum
1303 1243 1464 1278 omnibus
1472 1244 1572 1290 justis
1583 1257 1661 1291 per-

178 1306 334 1341 tinentiis
352 1304 429 1345 suis,
460 1305 507 1338 ita
524 1304 633 1338 libere
665 1309 699 1337 et
717 1303 834 1348 quiete
852 1300 936 1335 ficut
953 1301 1069 1346 aliqua
1087 1298 1227 1334 ecclefia
1243 1305 1386 1334 tenetur
1404 1305 1438 1334 et
1467 1299 1659 1346 posfidetur

177 1362 320 1396 liberius
337 1367 371 1396 et
389 1361 540 1407 quietius
552 1360 587 1393 in
606 1372 716 1405 regno
736 1358 851 1392 Seotie
870 1370 913 1391 ex
926 1356 1114 1390 donatione
1130 1356 1266 1390 comitis
1280 1356 1336 1390 vel
1350 1356 1490 1390 baronis
1502 1356 1660 1391 habentis

172 1419 232 1465 jus
259 1423 466 1466 patronatus
494 1417 529 1450 in
558 1414 717 1450 ecclesiis.
772 1413 851 1447 Hiis
869 1412 1020 1453 testibus,
1050 1412 1194 1446 domino
1226 1412 1345 1446 Alano
1368 1412 1411 1446 de
1430 1411 1517 1446 Nes'
1536 1413 1658 1453 milite,

180 1475 333 1510 Ferchar
362 1474 435 1508 filio
467 1472 591 1518 Nigilli
622 1471 664 1505 de
684 1471 789 1517 Rufi,
811 1469 1026 1503 Douenaldo
1046 1468 1172 1502 clerieo
1201 1468 1243 1502 de
1265 1467 1513 1508 Kildufbenin,
1543 1468 1659 1503 Gilhis

182 1529 416 1570 Macdunlith,
449 1527 642 1562 Kennnuth
661 1525 892 1572 Macgilruth,
915 1523 1117 1571 Gilleschop
1136 1524 1273 1564 nuntio,
1303 1529 1337 1558 et
1355 1523 1441 1558 aliis.

179 1707 338 1742 Donat-io
357 1706 495 1742 ecclelie
515 1705 635 1740 Sanfiffi
655 1703 814 1744 Qnerani
832 1703 868 1736 in
890 1702 1041 1749 Kentyir
1058 1715 1120 1749 per
1141 1701 1386 1736 Alexandrum
1406 1700 1448 1734 de
1470 1699 1575 1747 Hyle.

180 1821 420 1858 OMNIBUS
447 1819 574 1854 Christi
591 1817 751 1852 fidelibus
770 1816 909 1864 presens
928 1815 1092 1863 scriptum
1118 1813 1241 1848 visuris
1271 1813 1327 1847 vel
1358 1813 1529 1847 audituris
1550 1812 1658 1847 Alex-

182 1879 293 1913 ander
311 1878 353 1912 de
375 1877 480 1924 Hyle,
501 1875 592 1909 filius
611 1880 644 1908 et
671 1874 771 1907 heres
790 1873 923 1907 domini
955 1870 1097 1918 Engufii
1128 1871 1190 1904 filii
1220 1869 1424 1904 Douenaldi
1455 1869 1587 1903 domini
1615 1870 1657 1903 de

185 1934 292 1981 Hyle,
312 1933 456 1967 salutem
476 1933 511 1965 in
532 1931 690 1965 Domino
709 1929 965 1976 sempiternam.
1018 1928 1171 1962 Noverit
1184 1924 1389 1960 universitas
1406 1924 1517 1959 vestra
1534 1937 1590 1959 me
1609 1925 1658 1959 in-

181 1987 322 2037 spexiffe
341 1995 375 2023 et
392 1986 541 2036 palpaffe
561 1992 690 2021 cartam
710 1985 842 2020 domini
860 1984 967 2031 patris
985 1984 1064 2023 mei,
1084 1995 1157 2017 non
1176 1980 1296 2021 rasam,
1317 1994 1390 2015 non
1408 1980 1573 2015 abolitam
1593 1993 1657 2015 nec

181 2048 217 2081 in
235 2047 349 2092 aliqua
366 2051 465 2092 parte
483 2044 534 2078 sui
552 2044 707 2079 vitiatam
720 2041 776 2075 vel
794 2039 1109 2088 reprehensibilem,
1129 2039 1166 2072 in
1179 2039 1243 2072 hec
1257 2037 1364 2072 verba
1379 2052 1388 2079 ;
1418 2036 1657 2072 OMNIBUS

181 2102 307 2138 Christi
325 2101 485 2136 fidelibus
503 2106 573 2135 tam
592 2098 808 2146 presentibus
826 2109 929 2142 quam
947 2095 1073 2130 futuris
1093 2095 1215 2141 Engus
1232 2094 1323 2127 filius
1347 2093 1551 2128 Douenaldi
1570 2098 1658 2127 eter-

180 2173 262 2194 nam
280 2159 317 2192 in
336 2158 494 2192 Domino
513 2155 668 2190 salutem.
722 2153 842 2188 Sciatis
861 2166 928 2192 me,
948 2152 1078 2185 intuitu
1095 2151 1242 2197 pietatis,
1263 2156 1298 2184 et
1316 2163 1380 2196 pro
1398 2148 1506 2183 salute
1525 2150 1657 2184 domini

182 2215 251 2249 mei
270 2214 465 2248 Alexandri
485 2212 623 2247 illustris
642 2211 733 2257 regis
753 2210 879 2250 Scotie,
908 2213 941 2243 et
958 2212 1071 2242 cetera
1090 2207 1208 2241 omnia
1227 2207 1268 2240 de
1287 2205 1388 2240 verbo
1406 2206 1454 2239 ad
1465 2205 1608 2240 verbum
1619 2211 1659 2240 ut

178 2271 410 2318 prqsbribitm·
429 2271 533 2316 ufijue
552 2269 644 2308 illuc,
660 2267 819 2301 habentis
828 2266 886 2313 jus
904 2269 1110 2312 patronatus
1125 2263 1161 2296 in
1176 2260 1334 2296 ecclefiis.
1367 2260 1472 2295 Hanc
1492 2260 1657 2307 fiquidem

183 2327 419 2366 donationem,
449 2323 701 2359 conoeffionem
721 2328 755 2358 et
773 2320 1086 2359 confirmationem,
1107 2324 1219 2352 ratam
1238 2323 1272 2352 et
1290 2317 1426 2351 firmam
1452 2316 1579 2351 habere
1597 2329 1656 2350 vo-

184 2385 257 2418 lens
276 2383 544 2429 imperpetuum,
573 2393 648 2414 eam
669 2379 776 2426 tigillo
804 2391 882 2412 meo
910 2377 991 2412 duxi
1012 2374 1269 2416 roborandam3
1298 2379 1331 2407 et
1350 2372 1596 2407 nichilominus
1615 2385 1657 2406 ex
