1839 2652
748 262 819 298 DE
848 262 1117 298 PASSELET.
1606 266 1674 302 193

185 371 262 393 mus
280 357 435 406 expreffe
454 358 490 393 in
509 359 576 394 hoc
593 360 699 400 faetQ
731 373 796 407 pro
815 359 915 394 nobis
937 365 971 394 et
989 359 1145 405 quolibet
1164 359 1317 394 nostrum
1337 372 1376 394 ac
1393 359 1578 394 heredibus
1596 358 1672 394 nos-

184 415 246 449 tris
264 420 299 449 et
317 415 473 460 quolibet
492 415 656 463 ipsorum,
688 417 784 450 omni
809 416 882 463 juri
909 414 932 449 11
958 416 1052 461 quod
1079 416 1262 450 habuimus
1280 415 1339 450 seu
1368 416 1534 450 habemus
1551 416 1608 450 vel
1634 416 1670 450 in

184 470 357 518 posterum
378 471 505 506 habere
523 473 718 519 poterimus
736 473 771 506 in
790 470 956 519 premissis
974 472 1076 505 terris
1095 473 1150 506 vel
1169 473 1284 519 aliqua
1302 485 1433 513 earum,
1462 477 1497 507 et
1515 472 1671 507 totaliter

184 527 352 573 predictis
371 526 502 561 Abbati
531 534 565 562 et
592 528 783 562 conventui
801 528 957 574 quietum
978 527 1203 562 clamavimus
1232 534 1267 562 et
1295 528 1484 563 clamamus
1502 529 1672 576 imperpe-

186 589 298 617 tuum.
352 582 399 617 Et
424 589 463 617 ut
491 584 631 630 presens
649 583 814 631 scriptum
833 583 942 618 robur
960 590 1129 630 perpetue
1148 585 1321 619 firmitatis
1339 585 1497 632 optineat
1515 585 1672 632 imposte-

187 653 277 680 rum,
312 641 476 674 volumus
494 647 528 675 et
547 641 781 681 concedimus,
813 654 877 688 pro
896 639 996 674 nobis
1015 645 1049 673 et
1067 640 1223 685 quolibet
1241 640 1394 674 nostrum
1423 654 1463 675 ac
1489 641 1676 676 heredibus

187 696 309 732 nostris
328 702 362 731 et
380 697 536 742 quolibet
554 696 717 744 ipsorum,
739 703 773 731 et
791 696 941 743 presenti
959 696 1086 744 scripto
1103 698 1362 737 confirmamus,
1377 698 1670 744 jurisdictionem,

187 753 433 788 auctoritatem
462 759 496 787 et
521 754 713 800 plenariam
741 752 944 800 potestatem
964 753 1108 787 (101111110
1129 754 1262 788 Comiti
1282 754 1324 787 de
1344 753 1513 788 Levenax
1531 754 1590 800 qui
1608 767 1672 801 pro

187 815 346 856 tempore
364 809 479 848 fuerit,
512 814 618 856 prout
635 809 787 849 liberius,
809 808 933 842 melius
962 814 997 842 et
1027 809 1165 856 plenius
1192 810 1266 844 dari
1293 811 1423 857 poterit
1441 810 1496 845 vel
1516 810 1672 851 concedi,

188 870 228 899 ut
246 865 388 911 propria
405 864 617 899 auctoritate
635 864 704 904 sua,
735 865 778 898 de
795 864 901 911 plano
920 870 955 899 et
973 863 1042 898 fine
1060 865 1202 912 strepitu
1216 866 1386 912 judiciali,
1418 867 1555 913 ingredi
1574 865 1673 913 poffit

189 919 439 967 poffeffionem,
471 920 723 967 proprietatem
742 926 776 954 et
794 919 948 954 saifinam
968 921 1126 954 omnium
1145 927 1318 956 terrarum
1338 921 1533 956 nostrarum
1552 923 1588 956 in
1607 922 1674 956 Le-

188 989 302 1011 venax
329 981 364 1010 et
393 975 572 1023 cujussibet
590 975 747 1010 nostrum
776 982 811 1010 et
839 976 1009 1011 heredum
1028 977 1226 1012 nostrorum
1257 984 1291 1012 et
1322 977 1501 1025 cujussibet
1521 977 1673 1025 ipsorum

188 1033 248 1079 qui
267 1032 309 1067 de
328 1038 445 1067 cetero
464 1038 587 1066 contra
605 1033 783 1079 predictos
803 1033 979 1068 Abbatem
999 1040 1033 1069 et
1051 1040 1265 1069 conventum
1288 1036 1464 1069 moverint
1481 1034 1540 1070 seu
1558 1048 1675 1070 move-

189 1089 236 1123 rit
252 1088 465 1135 questionem
484 1088 586 1136 super
604 1088 771 1136 premillis
789 1090 892 1124 terris
912 1091 967 1125 vel
985 1091 1101 1137 aliqua
1118 1090 1280 1138 ipsarum,
1314 1097 1349 1126 et
1378 1097 1418 1126 ut
1449 1090 1535 1138 ipias
1564 1097 1675 1126 terras

190 1144 322 1179 nostras
334 1145 416 1192 jure
435 1145 647 1179 hereditario
665 1151 784 1179 teneat
801 1144 870 1180 fine
889 1146 1005 1193 aliquo
1024 1153 1279 1188 retenemento,
1309 1153 1343 1182 et
1360 1146 1418 1181 fibi
1437 1153 1472 1181 et
1490 1147 1676 1182 heredibus

190 1200 259 1235 suis
277 1201 454 1248 apropriet
472 1201 742 1248 imperpetuum,
762 1199 831 1236 fine
851 1204 947 1237 omni
965 1203 1174 1251 calumpnia,
1195 1204 1487 1244 contradictione,
1507 1204 1676 1250 inquieta-

192 1257 289 1291 tione
308 1257 364 1291 vel
382 1257 646 1303 perturbatione
665 1270 708 1291 ex
726 1263 825 1303 parte
843 1257 958 1293 nostra
975 1260 1031 1294 vel
1050 1260 1219 1294 heredum
1238 1260 1435 1294 nostrorum
1453 1259 1512 1294 seu
1530 1260 1676 1307 alicujus

193 1312 347 1360 ipsorum
364 1312 423 1346 seu
441 1312 586 1359 alicujus
605 1313 748 1347 alterius
765 1314 909 1348 nomine
936 1316 1052 1350 nostro
1079 1315 1137 1351 seu
1164 1316 1342 1363 ipsorum;
1371 1323 1405 1351 et
1435 1317 1529 1363 quod
1556 1317 1677 1351 nichil-

195 1371 334 1405 ominus
351 1370 531 1417 predictus
549 1369 678 1405 Comes
696 1383 758 1417 per
775 1370 979 1417 potestatem
997 1371 1092 1406 suam
1110 1371 1299 1407 secularem
1319 1372 1419 1420 poffit
1436 1385 1501 1407 nos
1513 1378 1546 1407 et
1558 1386 1677 1419 quem-

195 1426 280 1461 libet
298 1425 453 1460 nostrum
473 1438 513 1460 ac
531 1426 676 1460 heredes
695 1426 829 1460 nostros
847 1433 881 1461 et
899 1428 1090 1473 quemlibet
1108 1428 1272 1475 ipsorum,
1305 1442 1367 1475 per
1393 1429 1485 1463 bona
1511 1429 1626 1463 nostra
1643 1435 1677 1464 et

194 1482 255 1518 sua
284 1482 436 1523 mobilia,
467 1482 666 1528 ubicunque
692 1483 728 1516 in
755 1488 849 1517 terra
867 1483 909 1517 de
930 1483 1098 1518 Levenax
1116 1491 1255 1531 reperta
1280 1485 1421 1525 fuerint,
1454 1485 1676 1532 compellere,

196 1539 284 1574 nulli
302 1538 485 1572 hominum
503 1538 620 1584 aliquo
633 1538 715 1585 jure
733 1539 789 1573 vel
802 1539 937 1585 judicio
956 1540 1191 1587 replegianda,
1213 1540 1391 1587 quousque
1405 1541 1678 1587 quadringentas

197 1595 301 1630 libras
318 1595 492 1628 bonorum
511 1600 546 1629 et
564 1594 728 1640 legalium
746 1594 990 1641 sterlingorum
1022 1597 1188 1643 predictis
1209 1597 1339 1631 Abbati
1358 1602 1393 1631 et
1411 1597 1613 1637 conventui,
1642 1597 1677 1630 in

198 1651 323 1698 quibus
341 1650 469 1685 eisdem
487 1651 697 1685 confitemur
715 1652 827 1685 teneri
846 1657 1010 1698 tanquam
1032 1653 1067 1686 111
1086 1653 1203 1687 debito
1234 1653 1416 1700 principali
1436 1658 1469 1687 et
1488 1652 1680 1699 specialiter

200 1708 248 1742 eis
266 1707 383 1741 debito
402 1720 465 1753 pro
485 1707 643 1753 dampnis
662 1713 697 1741 et
715 1707 869 1755 expensis
887 1722 954 1754 que
981 1714 1016 1742 et
1046 1722 1130 1754 quas
1149 1707 1207 1755 ipfi
1224 1709 1384 1743 fecerunt
1402 1715 1437 1742 et
1455 1709 1680 1743 incurrerunt

202 1762 377 1797 occafione
395 1763 553 1810 predicte
573 1764 642 1797 litis
660 1777 722 1810 per
740 1777 803 1798 nos
822 1771 928 1804 mote,
949 1765 1084 1810 integre
1102 1764 1306 1799 solverimus
1323 1779 1331 1806 ;
1363 1765 1573 1799 omnimodis
1591 1765 1681 1799 litte-

202 1820 248 1853 ris
267 1819 400 1853 domini
421 1819 529 1865 Regis
548 1819 663 1853 Scotie
682 1819 739 1854 seu
759 1819 994 1866 cujuscunque
1013 1821 1157 1854 alterius
1174 1834 1195 1854 a
1211 1833 1422 1866 quocunque
1443 1821 1519 1854 foro
1537 1820 1681 1854 seculari

203 1875 259 1910 vel
278 1874 498 1909 ecclesiastico
517 1880 640 1909 eontra
666 1875 755 1909 hanc
782 1876 1020 1917 donationem,
1041 1876 1306 1917 concellionem,
1326 1877 1628 1911 confirmationem
1649 1883 1684 1911 et

204 1932 356 1977 quietam
375 1931 619 1965 clamationem
639 1931 788 1965 nostram
808 1932 1000 1979 impetratis
1027 1932 1085 1967 seu
1104 1933 1331 1980 impetrandis
1349 1934 1491 1967 minime
1510 1933 1609 1967 nobis
1626 1934 1683 1967 vel

204 1988 308 2022 alicui
326 1987 479 2021 nostrum
511 1987 566 2021 vel
597 1987 764 2021 heredum
791 1988 987 2023 nostrorum
1006 1989 1175 2023 valituris.
1228 1989 1344 2030 Quam
1372 1988 1642 2035 compulsionem
1661 1989 1685 2023 fi

205 2043 384 2090 predictus
402 2043 563 2076 dominus
583 2043 710 2077 Comes
741 2043 783 2077 de
815 2044 982 2078 Levenax
1012 2046 1048 2078 111
1080 2045 1240 2079 omnibus
1269 2044 1353 2078 ficut
1383 2043 1610 2091 prescriptum
1638 2045 1686 2079 est

207 2100 320 2133 facere
338 2097 557 2138 recusaverit,
589 2100 832 2145 prorogaverit
849 2100 906 2134 vel
937 2099 1208 2140 dillimulaverit,
1242 2101 1374 2140 damus,
1407 2101 1631 2134 concedimus
1649 2106 1684 2135 et

208 2154 358 2202 presenti
387 2153 513 2200 scripto
544 2155 791 2189 confirmamus
821 2155 1015 2202 premiffam
1046 2155 1338 2202 jurisdictionem,
1371 2156 1618 2190 auctoritatem
1650 2162 1685 2191 et

209 2210 409 2257 potestatem
430 2210 465 2242 in
484 2209 645 2243 omnibus
663 2216 697 2244 et
715 2224 777 2257 per
795 2212 923 2250 omnia,
953 2212 1096 2245 domino
1127 2211 1218 2257 Regi
1245 2210 1361 2244 nostro
1394 2211 1508 2245 Scotie
1534 2212 1592 2257 qui
1620 2225 1684 2259 pro

211 2273 369 2313 tempore
387 2265 502 2305 suerit,
533 2266 764 2312 compellendi
783 2279 846 2300 nos
877 2272 912 2301 et
941 2267 1131 2312 quemlibet
1160 2266 1314 2300 nostrum
1333 2279 1373 2301 ac
1391 2267 1536 2301 heredes
1554 2268 1687 2303 nostros

213 2328 246 2356 et
263 2321 454 2368 quemlibet
472 2320 634 2368 ipsorum,
666 2320 734 2356 fine
753 2322 898 2369 alicujus
916 2322 1082 2369 temporis
1101 2322 1298 2362 intervallo,
1325 2327 1396 2356 tam
1415 2322 1458 2356 ad
1475 2322 1685 2358 solutionem
