1870 2683
193 299 264 330 348
597 293 914 330 REGISTRUM
942 293 1280 328 MONASTERII

291 393 372 426 dum
390 391 433 425 fic
452 395 492 425 ut
510 391 726 437 premittitur
752 394 953 436 agerentur,
983 390 1185 424 dicerentur
1204 395 1238 423 et
1255 389 1392 429 fierent,
1421 401 1571 424 unacum
1599 404 1675 437 pre--

293 446 480 480 nominatis
506 444 657 485 testibus,
685 444 824 491 presens
854 443 1082 490 personaliter
1107 445 1262 485 interfui,
1290 457 1399 491 eaque
1428 443 1472 478 fic
1499 445 1574 479 fieri
1591 446 1672 485 vidi,

292 502 372 536 scivi
392 507 426 535 et
444 501 563 535 audivi
582 506 616 535 et
634 501 670 534 in
687 506 808 534 notam
826 499 960 548 sumpfi,
987 513 1026 535 ac
1058 501 1139 535 inde
1167 500 1343 547 presentes
1373 500 1507 534 litteras
1524 500 1582 534 seu
1600 514 1675 548 pre-

292 557 367 591 sens
385 556 563 604 publicum
582 556 851 590 instrumentum
879 569 986 591 manu
1012 557 1126 591 aliena
1154 555 1320 603 scriptum
1339 557 1482 596 confeci,
1502 556 1675 603 publicavi

292 619 327 647 et
344 613 380 646 in
399 613 488 646 hanc
506 612 679 659 publicam
698 612 847 647 sormam
865 613 996 659 redegi,
1016 611 1181 659 signoque
1200 618 1234 647 et
1252 613 1395 646 nomine
1414 613 1499 647 meis
1516 612 1622 647 solitis
1641 620 1674 648 et

291 669 461 704 consuetis
480 682 535 703 me
554 669 797 703 subscribendo
815 668 955 715 fignavi,
984 674 1127 715 rogatus
1158 674 1192 703 et
1222 667 1413 714 requisitus,
1447 669 1482 702 in
1510 669 1615 703 fidem
1642 675 1674 703 et

292 725 526 759 testimonium
545 725 701 760 veritatis
720 726 877 760 omnium
896 731 931 760 et
948 725 1162 772 singulorum
1180 725 1434 773 premifforum.

198 895 413 929 Exoneratio
433 894 593 942 Episcopi
613 895 846 942 GlasguenfiS‚
881 895 1010 930 Abbati
1030 896 1072 930 de
1094 895 1238 930 Passeto.

198 1006 476 1042 UNIVERSIS
503 1013 619 1054 pateat
636 1021 699 1054 per
717 1008 892 1055 presentes
911 1020 974 1041 nos
995 1008 1193 1042 Robertum
1221 1007 1292 1042 Dei
1314 1014 1349 1042 et
1378 1007 1561 1054 apostolice
1588 1006 1674 1041 sedis

196 1065 309 1110 gratia
326 1064 523 1111 episcopum
543 1064 805 1111 Glasguensem,
825 1065 921 1112 prius
939 1063 1024 1104 vifis,
1046 1062 1194 1097 discufiis
1212 1070 1246 1098 et
1264 1064 1306 1097 ad
1325 1064 1468 1110 plenum
1487 1063 1675 1097 intelleffis

197 1121 459 1167 exemptionum
479 1121 602 1155 litteris
630 1126 664 1155 et
694 1121 769 1155 aliis
796 1120 1023 1154 munimentis
1041 1132 1159 1153 coram
1177 1119 1278 1153 nobis
1296 1132 1358 1166 per
1376 1119 1610 1153 venerabilem
1639 1120 1675 1152 in

199 1175 335 1210 Christo
353 1182 488 1223 patrem
508 1176 704 1223 Georgium
723 1174 942 1224 permistione
961 1176 1078 1209 divina
1095 1175 1254 1209 abbatem
1272 1175 1467 1209 monasterii
1483 1175 1525 1209 de
1542 1174 1675 1208 Passeto

196 1232 378 1278 produtffis
397 1237 431 1266 et
450 1231 595 1273 ostensis,
624 1246 686 1280 per
715 1246 755 1267 ea
783 1245 849 1278 que
868 1232 1018 1266 vidimus
1036 1237 1070 1266 et
1088 1231 1334 1271 intelleximus,
1364 1230 1473 1277 ipsum
1501 1231 1674 1277 prefatum

198 1288 373 1321 Abbatem
393 1287 532 1334 ejusque
551 1288 797 1322 monasterium
829 1302 868 1322 ac
899 1288 1003 1322 etiam
1034 1283 1306 1321 ecclefias‘infra
1332 1286 1483 1321 nostram
1515 1286 1672 1321 diocesim

197 1343 447 1389 Glalguensem
465 1343 603 1378 situatas
623 1345 724 1379 diffis
744 1345 874 1378 Abbati
893 1350 927 1379 et
940 1345 1146 1379 monasterio
1158 1345 1353 1392 spectantes
1370 1344 1429 1379 seu
1446 1345 1672 1392 pertinentes,

196 1400 237 1432 ab
269 1400 364 1433 omni
394 1398 539 1434 subfidio
567 1401 747 1435 caritativo
774 1400 874 1435 nobis
905 1401 1086 1448 prestando
1117 1400 1176 1436 seu
1206 1401 1436 1448 persolvendo
1467 1402 1605 1448 penitus
1638 1407 1672 1435 et

197 1456 340 1489 omnino
360 1454 570 1496 exonerafl'e,
598 1462 705 1503 prout
722 1457 758 1491 in
776 1457 841 1491 hiis
860 1456 992 1504 scriptis
1010 1470 1252 1498 exoneramus,
1282 1456 1461 1505 ipsumque
1492 1457 1673 1491 dominum

198 1511 385 1552 Abbatem,
414 1512 488 1558 ejus
507 1518 732 1553 conventum,
761 1513 1006 1548 monasterium
1038 1520 1072 1548 et
1100 1513 1266 1554 ecclefias,
1298 1514 1342 1548 ad
1368 1513 1611 1561 prestationem
1639 1519 1673 1546 et

197 1567 405 1602 solutionem
424 1567 622 1614 hujufinodi
638 1568 773 1602 subfidii
792 1569 890 1603 nobis
909 1570 1051 1604 minime
1082 1571 1194 1604 teneri
1225 1570 1351 1604 debere
1370 1569 1585 1603 declaramus
1612 1582 1673 1615 per

197 1622 384 1669 presentes.
440 1624 482 1657 In
501 1624 599 1670 cujus
630 1624 680 1658 rei
708 1624 941 1659 testimonium
960 1624 1107 1671 sigillum
1125 1625 1279 1660 nostrum
1298 1625 1490 1659 rotundum
1508 1624 1672 1671 presenti-

197 1679 260 1713 bus
279 1678 325 1713 est
343 1678 530 1726 appensum
550 1692 629 1714 cum
648 1680 763 1714 nostra
780 1680 1026 1728 subscriptione
1045 1682 1198 1716 manuali
1216 1682 1309 1729 apud
1327 1682 1501 1715 civitatem
1521 1680 1669 1714 nostram

197 1734 459 1781 Glasguensem,
489 1736 730 1771 decimotertio
750 1736 871 1771 mensis
892 1737 1018 1772 Marcii
1036 1751 1129 1772 anno
1148 1737 1296 1771 Domini
1315 1742 1358 1771 Μ0
1377 1741 1484 1771 cccc⁰
1500 1736 1645 1770 lxxxiiii.

984 1794 1162 1828 Robertus
1181 1792 1401 1840 Glasguenfis
1421 1793 1620 1839 Episcopus.

198 1919 471 1956 Instrumentum
491 1922 582 1956 inter
603 1921 800 1957 Robertum
819 1923 1016 1970 episcopum
1036 1920 1286 1969 Glasguensem
1305 1929 1340 1957 et
1357 1935 1421 1956 nos
1441 1922 1616 1956 Abbatem
1635 1928 1668 1956 et

194 1982 419 2017 conventum,
446 1990 553 2024 penes
572 1977 665 2012 suam
678 1978 958 2025 ju1·isdi6‘cione1n
979 1984 1013 2013 et
1031 1978 1179 2012 nostram
1199 1979 1468 2026 exemptionem.

196 2070 252 2104 IN
280 2072 372 2108 DEI
400 2073 614 2109 NOMINE
642 2075 772 2109 Amen.
835 2075 901 2109 Per
931 2075 998 2109 hoc
1027 2076 1165 2122 presens
1195 2075 1373 2122 publicum
1400 2074 1666 2108 instrumentum

195 2128 330 2162 cunetis
348 2135 464 2176 pateat
482 2131 662 2165 evidenter
688 2137 723 2166 et
749 2130 788 2165 fit
817 2138 941 2165 notum
972 2133 1067 2178 quod
1097 2145 1189 2166 anno
1221 2130 1477 2166 Incarnationis
1494 2131 1666 2164 dominice

197 2190 238 2215 ΜΟ
270 2191 375 2220 cccc⁰
404 2186 525 2221 lxxxv⁰
556 2188 610 2221 die
645 2200 730 2222 vero
764 2187 922 2221 vicesimo
958 2188 1084 2223 oetam
1119 2187 1242 2222 meniis
1277 2187 1437 2233 Augusti,
1473 2187 1690 2221 indictione

194 2240 307 2281 tertia,
327 2243 548 2288 pontificatus
566 2242 762 2278 sanffiffimi
779 2245 816 2278 in
835 2243 971 2279 Christo
989 2246 1096 2292 patris
1115 2246 1248 2280 domini
1272 2244 1378 2279 nostri
1397 2244 1529 2278 domini
1559 2243 1665 2277 Inno-

196 2297 300 2332 centii
327 2298 444 2332 divina
460 2300 680 2345 providentia
706 2313 793 2347 pape
826 2301 942 2335 octavi
960 2314 1053 2336 anno
1071 2302 1194 2349 primo,
1222 2302 1258 2335 in
1288 2301 1356 2336 mei
1382 2300 1508 2334 notarii
1536 2298 1665 2346 publici

196 2360 230 2387 et
248 2352 383 2388 testium
409 2353 675 2401 subscriptorum
708 2356 880 2402 presentia
908 2356 1135 2404 personaliter
1166 2355 1370 2392 constitutus
1398 2354 1601 2390 venerabilis
1628 2353 1662 2386 in
