1839 2652
158 278 227 309 ⁶352
570 271 886 308 REGISTRUM
914 270 1255 306 MONASTERII

164 377 197 405 et
215 369 404 418 spontanea
421 368 603 403 voluntate
633 381 722 409 mea,
755 368 858 415 super
887 366 1110 402 sacrosanctis
1141 367 1213 402 Dei
1244 368 1432 414 evangeliis
1461 370 1642 416 corporale

163 426 292 474 prestiti
305 426 547 472 juramentum
565 425 661 470 quod
679 423 765 472 ipsas
783 421 1042 463 affedationem,
1072 423 1267 457 feodifirme
1296 430 1465 471 perpetue
1484 423 1643 459 dimiflio-

163 497 244 519 nem
263 488 297 517 et
315 481 566 517 conceffionem
584 481 736 516 fideliter
754 480 896 515 servabo
915 479 951 513 in
970 479 1142 519 omnibuS‚
1156 484 1190 513 et
1204 479 1299 525 quod
1313 485 1435 514 contra
1453 479 1538 527 ipsas
1556 493 1644 515 nun-

164 553 266 586 quam
285 539 423 573 veniam
441 538 549 572 verbo
568 538 624 572 vel
643 538 737 572 facto
755 550 818 585 per
836 549 892 571 me
910 535 966 570 vel
997 548 1059 582 per
1089 535 1240 581 aliquem
1258 536 1363 570 alium
1383 536 1526 570 nomine
1553 549 1643 576 meo,

165 596 298 630 directe
316 594 372 629 vel
391 594 575 634 indirecte,
604 593 742 641 publice
761 593 817 628 vel
835 592 984 627 occulte.
1037 591 1084 625 Et
1102 590 1125 625 fi
1144 591 1335 637 contingat,
1364 592 1459 637 quod
1477 591 1570 633 abfit,
1591 605 1646 627 me

164 652 220 686 vel
239 651 388 697 aliquem
407 650 578 685 heredum
596 663 757 684 meorum
787 649 846 684 seu
864 646 1111 694 asfignatorum
1129 647 1186 682 vel
1204 647 1354 693 aliquem
1378 648 1485 682 alium
1504 650 1646 683 nomine

165 721 244 742 meo
263 713 387 741 contra
403 707 464 740 has
482 704 741 746 affedationem,
761 705 956 740 feodifirme
974 709 1144 751 perpetue
1163 702 1390 739 dimiffionem
1411 710 1445 738 et
1463 703 1647 739 6011661110-

166 777 246 798 nem
265 764 385 797 venire
403 763 459 797 vel
478 763 602 803 facere,
631 762 747 808 obligo
767 775 833 802 me,
860 761 1007 796 heredes
1026 773 1122 795 meos
1142 765 1176 795 et
1193 758 1377 807 affignatos
1407 760 1644 807 quoscunque,

167 826 201 854 et
218 819 412 867 specialiter
430 831 551 853 omnes
569 824 679 853 terras
698 818 842 853 dominii
861 818 929 852 mei
947 817 990 851 de
1010 816 1172 851 Duchale
1200 822 1235 851 et
1262 817 1379 851 omnia
1397 817 1490 851 bona
1507 817 1647 851 mobilia

166 877 201 910 in
220 875 296 923 ipsis
322 875 501 910 existentia
532 874 731 920 ubicunque
763 874 921 908 locorum
952 873 1083 907 fuerint
1114 873 1268 912 inventa,
1296 873 1370 906 fore
1400 873 1645 919 dfflringenda,

169 932 346 979 capienda,
374 931 549 965 namanda
575 937 609 965 et
627 930 821 970 vendenda,
842 929 1021 976 quousque
1039 929 1206 976 predictis
1225 929 1375 963 dominis
1394 929 1537 970 Abbati,
1567 942 1647 963 con-

168 989 289 1023 ventui
308 994 342 1022 et
361 1001 482 1022 eorum
501 985 747 1021 succefforibus
765 986 831 1020 five
850 984 1033 1032 assignatis,
1063 990 1144 1019 ante
1162 985 1311 1030 aliquem
1343 984 1412 1018 litis
1444 983 1644 1031 ingrefl'um,

169 1046 212 1079 de
231 1045 332 1078 dietis
351 1050 490 1078 centum
510 1049 544 1077 et
575 1043 759 1077 duodecim
778 1042 901 1076 marcis
919 1041 1045 1076 usualis
1064 1046 1205 1075 monete
1224 1041 1322 1087 regni
1351 1041 1466 1076 Scotie
1492 1041 1648 1088 plenarie

169 1102 275 1136 fuerit
292 1100 517 1140 satisfactum,
538 1105 572 1133 et
591 1099 634 1133 de
652 1099 726 1132 aliis
744 1104 884 1133 centum
905 1099 1028 1132 marcis
1046 1097 1172 1132 usualis
1190 1103 1331 1131 monete
1350 1098 1449 1144 regni
1469 1098 1584 1132 Scotie
1602 1098 1648 1132 fa-

168 1158 262 1191 brice
282 1155 418 1191 ecclefie
438 1156 556 1190 saneti
578 1154 713 1194 Mirini,
734 1167 798 1201 pro
816 1154 1006 1188 violatione
1018 1154 1211 1200 juramenti
1231 1160 1265 1187 et
1280 1154 1422 1187 nomine
1441 1166 1541 1200 pene,
1561 1160 1648 1188 tota-

169 1214 249 1247 liter
266 1212 500 1260 applicandis3
531 1210 632 1258 super
650 1210 774 1257 quibus
792 1209 920 1243 subicio
940 1222 1005 1249 me,
1034 1210 1180 1243 heredes
1197 1222 1293 1243 meos
1308 1215 1342 1243 et
1355 1207 1538 1255 affignatos
1552 1209 1649 1256 qnos-

172 1281 309 1315 cunque
322 1267 558 1315 jurisdic’cioni
578 1273 612 1301 et
630 1266 825 1301 cohertioni
856 1266 989 1299 domini
1022 1264 1184 1312 Episcopi
1204 1264 1438 1312 Glaigwensis
1457 1271 1491 1300 et
1509 1265 1559 1300 sui
1577 1266 1651 1300 offi-

172 1325 265 1359 cialis
283 1325 341 1370 qui
359 1336 423 1370 pro
442 1328 601 1370 tempore
619 1323 761 1362 fuerint,
791 1327 826 1356 et
854 1321 995 1368 capituli
1024 1320 1175 1368 ejusdem
1197 1321 1275 1355 sede
1293 1327 1452 1362 vacante,
1479 1322 1574 1368 quod
1593 1322 1651 1369 ipfi

171 1386 205 1415 et
223 1393 346 1415 eorum
365 1379 510 1425 quilibet
527 1377 651 1426 poffint
670 1391 736 1418 me,
762 1377 908 1412 heredes
926 1390 1033 1418 meos,
1054 1376 1259 1412 successores
1276 1377 1335 1412 seu
1353 1378 1536 1425 affignatos
1553 1379 1652 1425 quos-

172 1450 308 1482 cunque
322 1449 384 1483 per
404 1434 584 1470 censuram
604 1433 858 1469 ecclesiasticam
872 1433 1083 1480 compellere
1096 1440 1130 1468 et
1145 1447 1319 1475 coarcere,
1333 1433 1402 1469 [ine
1417 1434 1515 1470 cause
1535 1436 1652 1482 cogni-

171 1494 278 1533 tione,
309 1505 351 1527 ex
370 1491 440 1526 sola
459 1490 673 1538 inspectione
693 1489 860 1537 presentis
880 1496 985 1530 carte,
1014 1491 1132 1524 omnia
1150 1496 1184 1524 et
1201 1489 1335 1537 fingula
1351 1490 1512 1539 premiffa
1539 1491 1651 1526 obser-

172 1562 254 1583 vare
273 1554 306 1583 et
325 1548 476 1582 fideliter
494 1547 716 1594 perimplere,
746 1547 842 1580 omni
865 1546 956 1593 juris
986 1546 1144 1580 canonici
1173 1552 1208 1580 et
1239 1547 1346 1581 civilis
1376 1560 1415 1581 ac
1443 1547 1650 1582 statutorum

172 1606 270 1652 regni
290 1605 445 1639 remedio
464 1605 499 1637 in
518 1603 733 1638 contrarium
751 1601 1005 1649 premiss'orum,
1026 1615 1091 1649 pro
1109 1615 1165 1636 me
1184 1602 1369 1637 heredibus
1387 1604 1472 1638 meis
1483 1602 1543 1638 seu
1556 1602 1652 1650 affig-

170 1662 270 1701 natis‚
291 1673 378 1707 pure
397 1665 431 1694 et
449 1658 646 1706 {impliciter
664 1658 917 1698 renunciand0‚
937 1671 999 1705 per
1011 1658 1248 1692 omnimodam
1263 1658 1441 1695 censuram
1459 1658 1652 1694 ecclefiasti-

172 1731 258 1758 cam,
278 1718 407 1751 artiore
426 1716 531 1750 modo
549 1729 618 1762 quo
636 1715 840 1763 poteriinuS,
861 1715 1123 1762 compellendos
1140 1715 1215 1749 fore
1230 1721 1263 1749 et
1279 1716 1451 1762 compelli.
1505 1716 1549 1750 In
1567 1729 1651 1762 quo-

174 1789 252 1810 rum
271 1775 427 1810 omnium
447 1780 482 1808 et
512 1772 727 1820 singulorum
758 1772 864 1806 fidem
894 1776 929 1806 et
960 1770 1193 1805 testimonium
1222 1770 1476 1818 premifforum,
1504 1772 1651 1819 figillum

173 1844 290 1866 meum
310 1830 526 1878 presentibus
557 1829 603 1864 est
630 1827 819 1876 appensum
850 1840 1001 1861 unacum
1033 1825 1143 1873 figillo
1175 1827 1395 1863 officialitatis
1427 1829 1522 1863 curie
1553 1828 1652 1864 Glas·

172 1886 317 1935 gwenfis
335 1900 355 1921 a
372 1885 561 1921 venerabili
580 1885 655 1919 viro
674 1884 834 1931 magistro
854 1884 1007 1931 Symone
1022 1883 1065 1917 de
1081 1883 1289 1930 Dalglesche
1304 1890 1389 1919 tunc
1404 1885 1541 1920 officiali
1557 1886 1652 1920 curie

173 1941 404 1990 Glasgwenfis
429 1955 493 1989 per
517 1955 573 1976 me
602 1955 680 1976 cum
699 1941 858 1975 inflantia
875 1945 1075 1987 procurato,
1103 1940 1196 1986 apud
1217 1939 1334 1987 Passey
1352 1940 1510 1976 vicefimo
1529 1942 1651 1987 quinto

173 2001 227 2034 die
260 1999 472 2046 Septembris
501 2011 594 2032 anno
614 1997 762 2032 Domini
790 1995 970 2031 millefimo
998 1996 1338 2042 quadringentesimo
1370 1997 1651 2044 quinquagesimo

172 2055 334 2090 secundo.
388 2055 469 2088 Hiis
487 2054 636 2094 testibus,-
657 2053 832 2087 nobilibus
850 2052 932 2087 viris
952 2051 1117 2086 Wilelmo
1137 2052 1295 2100 Sympyll
1313 2053 1385 2087 filio
1398 2059 1432 2088 et
1448 2054 1577 2088 herede
1592 2054 1651 2088 do-

174 2112 257 2145 mini
277 2112 319 2146 de
341 2110 538 2157 Elyoeston‚
570 2110 777 2144 Alexandro
797 2109 829 2143 16
849 2108 948 2156 Lyle,
970 2107 1135 2142 W'ilelmo
1154 2109 1186 2143 le
1207 2108 1305 2156 Lyle,
1339 2110 1472 2156 patruis
1495 2110 1580 2144 meis
1598 2122 1651 2144 ca-

173 2163 316 2206 riffimis,
338 2166 502 2199 VVilelmo
519 2165 675 2212 Sympyll
694 2165 736 2199 de
756 2164 950 2205 Fowlwod,
970 2164 1087 2198 Alano
1102 2164 1278 2206 Cochran,
1297 2165 1458 2200 Wilelmo
1474 2165 1582 2206 Glen,
1598 2179 1650 2200 ar-

172 2223 322 2268 migeris,
337 2222 486 2255 dominis
500 2221 663 2256 Johanne
679 2221 877 2261 Gardenar,
898 2220 1039 2255 Thoma
1056 2221 1099 2255 de
1114 2220 1274 2268 Forsyth,
1295 2221 1435 2256 Thoma
1447 2222 1489 2256 de
1506 2221 1649 2256 Preston

172 2278 310 2311 notario
323 2283 356 2311 et
368 2284 488 2311 curato
503 2276 641 2311 ecclelie
655 2276 880 2324 parrochialis
894 2276 936 2311 de
953 2276 1097 2317 Passeto,
1107 2276 1313 2324 presbiteris,
1326 2277 1490 2312 lVilelmo
1506 2277 1648 2312 Cokkar

173 2333 352 2380 capellano
364 2346 453 2373 meo,
475 2340 508 2367 et
526 2333 689 2369 Johanne
703 2332 889 2368 Michaelis
907 2332 1097 2381 presbitero
1113 2339 1147 2368 et
1162 2334 1311 2375 notario,
1332 2346 1411 2368 cum
1431 2333 1548 2368 multis
1563 2333 1647 2367 aliis.
