1839 2652
779 267 848 302 DE
876 267 1146 303 PASSELET.
1611 275 1680 306 235

197 363 373 397 ficandum
393 375 459 403 me,
480 363 691 398 au&0ritate
709 365 858 411 predicti
877 365 1041 405 mandati,
1070 365 1247 412 predictos
1267 365 1443 400 Abbatem
1470 372 1504 400 et
1531 379 1681 401 conven-

197 425 273 453 tum
291 419 327 453 in
345 419 505 466 predicta
523 419 662 454 ecclefia
680 419 857 455 instituiffe
888 426 923 455 et
952 422 989 455 in
1016 421 1234 468 corporalem
1260 420 1499 469 polsesfionem
1527 422 1678 470 ejusdem

198 474 369 510 induxiffe
385 489 448 523 per
467 476 649 510 dominum
683 476 877 511 Henricum
897 477 939 512 de
960 478 1144 524 Ruthglen
1171 479 1462 513 commonachum
1481 478 1592 519 suum,
1622 480 1682 514 do-

197 531 326 566 minica
342 532 503 579 proxima
519 538 600 566 ante
617 532 739 567 festum
759 533 879 567 Sanffi
906 533 1081 568 Dunstani
1107 534 1354 582 archiepiscopi
1381 536 1462 569 anni
1489 535 1679 583 prescripti.

200 587 244 621 In
263 588 361 635 cujus
379 589 429 622 rei
447 588 682 623 testimonium
700 588 916 636 presentibus
933 589 1057 624 litteris
1075 589 1223 636 sigillum
1255 603 1372 625 meum
1401 591 1556 639 apposui.
1609 592 1680 626 Da-

198 649 273 677 tum
292 644 386 691 apud
405 644 547 691 Cragyn
566 657 660 679 anno
679 651 714 679 et
733 645 788 679 die
806 644 1013 692 prescriptis.

200 811 304 846 Bulla
322 811 460 846 ecclefie
478 812 521 846 de
541 812 695 860 Cragyn.

198 924 442 960 CLEMENS
461 924 639 972 episcopus
656 924 774 960 servus
792 924 973 960 servorum
1001 924 1072 959 Dei
1099 925 1235 960 dilectis
1264 926 1342 960 filiis
1374 927 1506 962 Abbati
1537 934 1571 962 et
1602 941 1683 962 con-

197 982 319 1016 ventui
335 981 532 1017 monasterii
564 982 607 1017 de
639 980 798 1022 Paffelet,
831 980 1068 1016 Cluniacenfis
1095 982 1239 1022 ordinis,
1273 982 1505 1029 Glasgwenfis
1532 984 1681 1025 dioeefis‚

196 1037 341 1073 salutem
361 1044 396 1073 et
412 1039 634 1085 apostolicam
651 1038 950 1073 benedictionem.
1003 1037 1095 1072 Cum
1123 1051 1144 1072 a
1168 1038 1269 1073 nobis
1287 1039 1419 1085 petitur
1437 1040 1531 1086 quod
1551 1040 1680 1087 justum

197 1093 244 1128 est
273 1100 307 1128 et
336 1094 530 1136 honestum,
565 1100 636 1129 tam
655 1095 757 1141 vigor
775 1095 937 1141 equitatis
955 1106 1057 1139 quam
1078 1094 1166 1129 ordo
1185 1095 1293 1141 exigit
1312 1096 1456 1130 rationis
1486 1101 1525 1130 ut
1556 1097 1591 1130 id
1621 1110 1683 1143 per

196 1150 464 1186 sollicitudinem
483 1151 588 1186 officii
606 1151 711 1185 nostri
730 1151 772 1185 ad
793 1150 949 1185 debitum
968 1151 1182 1197 perducatur
1210 1152 1388 1186 effectum.
1441 1152 1532 1187 Sane
1560 1153 1682 1200 petitio

196 1206 308 1241 vestra
324 1207 424 1241 nobis
443 1208 596 1242 exhibita
614 1207 816 1242 continebat
834 1207 929 1253 quod
948 1206 1039 1241 bone
1066 1208 1236 1242 memorie
1256 1207 1434 1242 lValterus
1453 1207 1684 1255 Glasgwenfis

197 1262 387 1310 episcopus,
407 1263 457 1297 sui
476 1264 619 1310 capituli
637 1264 682 1298 ad
699 1264 734 1298 id
752 1264 941 1298 accedente
959 1261 1137 1303 consensu,
1158 1262 1332 1298 ecclefiam
1349 1264 1392 1298 de
1409 1264 1563 1312 Cragyn,
1585 1265 1685 1300 Glas-

197 1318 342 1365 gwensls
361 1319 512 1360 diocelis,
533 1320 569 1353 in
586 1333 655 1366 qua
667 1320 726 1367 jus
743 1325 950 1366 patronatus
967 1319 1112 1360 habetis,
1134 1320 1232 1354 vobis
1250 1321 1286 1354 in
1305 1320 1385 1355 usus
1402 1323 1564 1369 proprios
1578 1323 1684 1369 depu-

197 1376 293 1415 tavit,
327 1376 375 1409 ita
392 1376 487 1421 quod
504 1389 566 1410 vos
584 1376 779 1423 predictam
799 1375 975 1410 ecclefiam
1003 1388 1083 1410 cum
1114 1389 1189 1410 eam
1208 1390 1332 1411 vacare
1351 1378 1537 1424 contigerit
1555 1377 1685 1425 possitis

199 1432 234 1465 in
252 1431 332 1466 usus
350 1432 550 1479 hujusmodi
568 1433 753 1480 applicare,
782 1432 956 1467 reservata
973 1437 1145 1479 perpetuo
1166 1433 1295 1467 vicario
1314 1434 1350 1467 in
1369 1434 1529 1480 predicta
1546 1434 1685 1469 ecclelia

197 1487 369 1522 servituro
390 1489 432 1523 de
448 1487 549 1535 ipsius
562 1489 792 1536 proventibus
805 1501 962 1535 congrua
974 1489 1149 1535 portione,
1170 1502 1212 1523 ex
1227 1502 1295 1535 qua
1309 1491 1492 1525 commode
1507 1490 1685 1525 sustentari

197 1544 312 1579 valeat
329 1558 368 1579 ac
387 1544 594 1592 episcopalia
611 1551 646 1579 et
664 1545 731 1579 alia
749 1545 988 1579 incumbentia
1004 1543 1063 1579 fibi
1082 1558 1190 1580 onera
1208 1545 1424 1593 supportare,
1452 1553 1560 1594 prout
1576 1549 1613 1581 in
1631 1548 1686 1581 lit-

198 1602 282 1636 teris
309 1602 391 1636 inde
423 1602 593 1636 confectis
623 1602 762 1649 plenius
793 1602 920 1636 dicitur
949 1602 1122 1636 contineri
1137 1617 1146 1643 3
1176 1602 1303 1649 vosque
1333 1603 1370 1637 in
1398 1604 1519 1638 eadem
1547 1604 1686 1639 ecclesia

198 1658 373 1703 quandam
393 1671 544 1693 annuam
564 1659 741 1705 percipitis
759 1656 971 1705 pensionem.
1022 1657 1099 1692 Nos
1130 1659 1248 1704 igitur,
1281 1659 1399 1694 vestris
1429 1658 1686 1707 supplicationi-

199 1715 262 1749 bus
281 1715 448 1756 inclinati,
480 1714 733 1750 conceffionem
752 1714 949 1762 hujusmodi
968 1714 1010 1748 ab
1029 1715 1153 1749 eodem
1186 1714 1358 1762 Episcopo
1376 1716 1523 1762 provide
1542 1716 1681 1757 factam,

200 1776 311 1804 ratam
330 1776 364 1805 ct
382 1771 519 1805 firmam
537 1771 715 1812 habentes,
745 1784 821 1806 eam
840 1771 1051 1806 auctoritate
1070 1771 1256 1818 apostolica
1275 1772 1522 1806 confirmamus
1549 1778 1583 1807 et
1609 1786 1686 1820 pre-

201 1826 304 1860 sentis
322 1826 438 1874 scripti
455 1828 651 1874 patrocinio
670 1827 937 1862 communimus.
991 1826 1091 1861 Nulli
1109 1840 1194 1873 ergo
1213 1828 1358 1862 omnino
1382 1829 1565 1863 hominum
1583 1829 1685 1863 liceat

201 1883 291 1917 hanc
308 1884 470 1930 paginam
488 1883 602 1918 nostre
620 1884 895 1918 confirmationis
913 1883 1104 1930 infrIngere
1135 1884 1191 1918 vel
1222 1884 1252 1918 ei
1284 1884 1368 1919 ausu
1399 1885 1585 1919 temerario
1604 1898 1685 1919 con-

202 1940 320 1974 traire.
374 1939 409 1973 Si
427 1940 503 1985 quis
521 1945 639 1974 autem
668 1940 735 1974 hoc
765 1945 973 1987 attemptare
991 1939 1246 1987 presumpserit,
1278 1940 1557 1986 indignationem
1575 1942 1685 1974 omni-

202 1995 355 2042 potentiS
373 1995 445 2030 Dei
463 2000 497 2030 et
515 1995 698 2030 beatorum
718 1996 814 2030 Petri
833 2002 867 2031 et
886 1996 987 2032 Pauli
1015 1997 1250 2045 apostolorum
1271 1997 1344 2044 ejus
1362 1997 1395 2032 se
1413 1999 1553 2033 noverit
1570 2000 1685 2033 incur-

202 2051 331 2086 surum.
384 2052 519 2087 Datum
539 2051 668 2087 Perufii
686 2066 707 2087 v
728 2053 814 2087 Idus
834 2052 956 2088 Martii
974 2055 1199 2101 pontificatus
1217 2054 1323 2088 nostri
1342 2067 1435 2088 anno
1453 2053 1617 2089 secundo.

205 2220 289 2254 Alia
306 2220 402 2254 bulla
420 2219 558 2255 ecclefie
577 2220 620 2255 de
639 2220 794 2268 Cragyn.

205 2332 449 2367 CLEMENS
469 2332 647 2380 episcopus
665 2332 783 2368 servus
801 2331 979 2369 servorum
1000 2333 1069 2368 Dei
1102 2334 1238 2369 dilectis
1269 2334 1346 2369 filiis
1379 2335 1510 2370 Abbati
1542 2342 1575 2370 et
1606 2349 1685 2370 con-
