1839 2652
862 263 921 296 xxi

191 358 283 389 Aliud
297 358 529 388 instrumentum
543 358 580 389 de
595 358 708 394 eodem,
731 358 770 389 fo.
788 358 861 388 ccxi.
888 359 1013 397 0408st
1515 358 1549 387 P.
1567 359 1629 389 338

190 429 429 459 Instrumentum
445 428 613 468 septimum,
637 429 675 458 fo.
693 427 780 459 ccxii.
807 429 932 468 (]388‚)
1567 429 1630 458 340

191 479 282 528 Buila
297 499 334 529 de
349 498 593 537 sequestratione,
616 499 656 528 fo.
673 498 770 529 ccxiii.
797 497 921 538 (1265)
1567 499 1627 527 341

189 567 280 597 Bulla
295 572 398 597 contra
412 568 635 607 procurationes
651 568 806 603 indebitas,
823 568 861 597 fo.
879 567 977 597 ccxiii.
1005 567 1130 606 (1233‚)
1566 568 1627 597 341

189 637 333 667 Bulladc
344 636 572 666 confirmatione
587 628 674 676 super
689 637 808 667 vicariis
821 641 851 666 et
866 636 1135 676 p1·ocurationibuS‚
1159 636 1196 666 fo.
1215 635 1314 666 ccxiii.
1341 636 1465 676 (1233,)
1565 638 1628 667 342

189 706 280 735 Bussa
294 710 397 736 contra
411 706 633 745 procurationes
648 706 805 742 indebitas,
821 716 874 745 per
890 706 1062 735 Honorium
1077 715 1195 744 papam,
1212 706 1250 735 fo.
1267 706 1367 736 ccxiii.
1392 706 1521 746 (1226)
1567 709 1630 737 343

187 775 279 805 Bulla
293 775 525 805 confirmationis
540 775 672 805 omnium
687 775 912 815 privilegiorum
928 784 1132 805 concessorum
1158 776 1337 805 monasterio
1359 777 1396 806 de
1412 777 1542 813 I‘asleto,

144 826 182 855 fo.
200 824 307 855 ccxiiii.
333 826 457 865 0483)
1565 828 1629 858 333

189 895 427 934 Transumptum
440 894 673 924 confirmationis
687 895 875 924 taxationum
891 895 1081 924 ecclesiarum
1092 895 1129 924 (16
1140 895 1271 930 Pasleto,
1285 895 1322 924 fo.
1335 905 1419 926 ccxv.
1433 896 1542 935 (1470,

146 945 196 975 ubi
212 945 422 975 exscribuntur
437 945 505 975 duae
521 945 623 981 bullae,
650 945 745 975 altera
760 945 902 985 Gregorii
929 956 971 974 1x.
997 946 1091 981 1229,
1119 945 1213 975 altera
1229 955 1302 975 vero
1318 946 1483 976 Clementis
1499 957 1541 976 iv.

147 994 256 1035 1265)
1566 998 1629 1026 344

187 1065 375 1095 Exoneratio
389 1065 531 1105 Episcopi
547 1065 752 1106 Glasgwensis
768 1065 876 1095 Abbati
892 1066 929 1095 de
945 1065 1076 1102 Pasleto‚
1092 1066 1131 1095 fo.
1148 1065 1268 1095 ccxviii.
1288 1066 1414 1106 (1484,)
1567 1068 1629 1097 348

187 1135 428 1165 Instrumentum
458 1135 541 1165 inter
571 1135 740 1165 Robertum
767 1136 936 1175 episcopum
962 1135 1190 1175 Glasgwensem
1208 1140 1237 1165 et
1263 1146 1317 1166 nos
1341 1136 1488 1166 Abbatem
1516 1141 1545 1166 et

145 1190 336 1222 conventum,
352 1196 440 1225 penes
456 1196 539 1216 suam
549 1186 789 1225 jurisdictionem
805 1190 834 1215 et
849 1190 981 1215 nostram
993 1186 1222 1225 exemptionem,
1234 1186 1272 1216 fo.
1286 1186 1405 1216 ccxviii.
1419 1187 1543 1227 (1485‚)
1568 1188 1630 1217 348

188 1254 391 1284 Renunciatio
407 1255 530 1285 subsidii
545 1255 672 1285 Roberti
688 1255 817 1295 episcopi
834 1255 1050 1295 Glasgwensis,
1067 1256 1105 1285 fo.
1123 1256 1221 1286 ccxix.
1238 1256 1364 1296 (1487,)
1568 1259 1630 1288 349

191 1324 430 1354 Instrumentum
445 1324 569 1354 Abbatis
585 1329 614 1354 et
629 1329 792 1354 conventus
817 1326 853 1354 (16
880 1326 1011 1362 Pasleto,
1035 1326 1113 1355 inter
1137 1327 1254 1356 eosdem
1282 1326 1342 1368 [et]
1368 1327 1545 1367 magistrum

148 1374 250 1404 David
257 1374 429 1414 Cunigham
440 1375 586 1404 decanum
595 1375 736 1411 ruralem,
747 1376 785 1405 ad
798 1375 971 1405 instantiam
981 1386 1083 1405 eorum
1094 1376 1313 1413 excitatum,f0.
1324 1387 1410 1407 ccxx.
1419 1378 1543 1416 (1489,)
1567 1378 1628 1407 351

189 1445 348 1480 Quoddam
363 1447 584 1484 transumptum
599 1444 723 1475 Abbatis
739 1449 768 1475 et
784 1450 949 1475 conventus
965 1446 1001 1475 (16
1018 1446 1150 1482 Pasleto,
1172 1446 1212 1475 fo.
1229 1445 1325 1477 ccxxi.
1352 1447 1476 1486 (1493‚)
1565 1449 1629 1477 353

188 1514 359 1553 Appellatio
373 1513 452 1544 inter
467 1514 619 1544 dominum
636 1514 782 1544 Abbatem
799 1515 835 1544 de
851 1515 973 1544 Pasleto
996 1520 1025 1544 et
1050 1516 1206 1545 dominum
1230 1516 1399 1546 Robertum
1421 1517 1545 1546 Archie-

145 1565 297 1604 piscopum
315 1564 552 1604 Glasgwensem‚
576 1565 630 1594 sub
645 1564 740 1594 forma
756 1564 957 1601 instrumenti,
974 1565 1011 1594 fo.
1030 1565 1140 1595 ccxxii.
1159 1567 1284 1606 (1500‚)
1565 1569 1627 1597 354

188 1635 332 1665 Facultas
347 1644 483 1665 concessa
498 1636 535 1665 ab
551 1635 671 1665 Andrea
687 1635 907 1675 archiepiscopo
923 1635 1147 1672 Sanctiandree,
1164 1636 1264 1676 legato
1279 1646 1297 1665 a
1312 1636 1414 1672 latere,
1431 1637 1468 1666 de
1483 1647 1542 1666 non

145 1685 294 1715 visitando
308 1685 521 1715 monasterium
536 1685 573 1715 de
586 1685 707 1715 Pasleto
725 1696 780 1715 nec
796 1685 939 1724 quicquid
954 1685 1036 1715 aliud
1052 1686 1148 1717 eidem
1164 1685 1339 1725 subjectum,
1356 1687 1394 1715 fo.
1412 1686 1542 1716 ccxxiiii.

148 1735 272 1774 (1515‚)
1567 1738 1630 1776 357

188 1806 282 1835 Carta
297 1805 465 1835 donationis
479 1804 589 1845 viginti
604 1805 766 1835 solidorum
788 1805 999 1845 sterlingorum
1014 1806 1107 1836 annui
1121 1806 1255 1836 redditus
1270 1816 1323 1846 per
1337 1806 1491 1836 dominum
1506 1808 1543 1837 (16

146 1855 324 1891 Auchinlek,
346 1865 401 1894 pro
415 1855 578 1885 violatione
593 1855 747 1894 cujusdam
762 1856 910 1891 monachi,
934 1856 972 1885 fo.
989 1866 1096 1886 ccxxv.
1122 1856 1246 1895 (1385‚)
1564 1859 1626 1891 359

189 1926 362 1956 Ratificatio
378 1930 408 1956 et
423 1926 609 1956 confirmatio
625 1926 647 1955 J
650 1926 774 1956 ohannis
801 1927 838 1956 de
863 1926 1038 1963 Auchinlec,
1065 1928 1102 1956 de
1128 1927 1287 1957 donatione
1302 1928 1393 1957 annui
1410 1928 1542 1958 redditus

146 1976 254 2016 viginti
269 1977 430 2006 solidorum
446 1977 483 2007 de
499 1976 668 2006 Auchinlek
683 1977 951 2016 percipiendorum,
969 1977 1007 2006 fo.
1024 1977 1143 2007 ccxxvi.
1162 1977 1287 2017 (1404,)
1566 1978 1625 2008 361

189 2044 427 2074 Instrumentum
442 2044 479 2075 de
494 2056 545 2074 xx.
562 2045 663 2075 solidis
680 2045 772 2075 annui
788 2045 922 2075 redditus
938 2046 975 2075 (16
991 2045 1168 2081 Auchinlec,
1192 2045 1230 2074 fo.
1248 2044 1365 2075 ccxxvi.
1386 2046 1511 2083 (1408‚)
1565 2046 1628 2078 362

188 2115 282 2145 Carta
298 2114 362 2145 Ade
388 2115 546 2147 Fullerton
562 2116 599 2146 (16
615 2117 742 2158 Corsby,
767 2117 858 2147 annui
882 2117 1016 2148 redditus
1032 2118 1072 2147 xl.
1090 2117 1279 2147 denariorum
1295 2117 1332 2147 (16
1348 2117 1540 2153 Russalland,

146 2165 183 2194 fo.
201 2164 331 2194 ccxxvii.
350 2165 474 2204 (1392)
1565 2166 1628 2197 363

190 2235 283 2265 Carta
297 2234 416 2265 licentie
430 2235 568 2266 trahendi
583 2246 693 2275 aquam
708 2247 761 2277 per
777 2236 939 2274 Adamton‚
956 2238 994 2267 fo.
1011 2236 1153 2268 ccxxviii.
1173 2237 1297 2277 (1390‚)
1565 2237 1627 2267 364

871 2299 889 2321 c
