1870 2683
781 264 851 300 DE
879 264 1149 300 PASSELET.
1635 268 1707 306 317

220 373 293 400 non
311 361 477 397 facientes
494 362 634 409 plenam
654 368 689 397 et
707 360 896 409 expreffam
915 374 954 396 ac
973 362 1015 396 de
1027 361 1136 396 verbo
1154 361 1197 396 ad
1216 361 1361 396 verbum
1378 361 1421 395 de
1434 360 1572 396 indulto
1586 361 1701 409 hujus-

220 418 314 452 modi
335 423 369 453 et
388 431 511 453 eorum
528 417 694 466 personis,
724 419 810 453 locis
827 418 1008 453 ordinibus
1026 423 1061 452 et
1079 417 1279 452 nominibus
1304 418 1453 464 propriis
1472 418 1698 457 mentionem,

220 479 255 508 et
272 474 426 520 qualibet
444 475 512 509 alia
530 475 623 510 diae
642 474 729 510 sedis
747 474 967 521 indulgentia
983 474 1138 521 generali
1157 474 1213 509 vel
1231 473 1368 521 speciali
1397 473 1633 521 cujuscunque
1652 481 1700 510 te-

219 531 315 565 noris
333 531 453 565 existat
483 544 545 579 per
563 544 678 577 quam,
707 531 924 578 presentibus
943 543 1015 564 non
1034 529 1223 578 expreffam
1244 530 1299 565 vel
1317 531 1473 565 totaliter
1499 544 1571 565 non
1597 531 1701 567 inser-

219 593 302 628 tam,
316 586 426 621 vestre
435 586 688 634 jurisdiC’tionis
702 587 888 635 explicatio
902 588 938 621 in
950 587 1013 621 hac
1025 592 1122 633 parte
1130 587 1243 621 valeat
1250 587 1514 633 quomodolibet
1526 588 1698 635 impediri,

219 649 254 677 et
271 643 315 678 de
333 656 401 689 qua
418 642 581 690 cujusque
599 649 675 678 toto
695 649 818 678 tenore
836 643 996 678 habenda
1025 643 1068 677 de
1097 643 1204 677 verbo
1223 644 1266 677 ad
1285 643 1430 677 verbum
1457 643 1495 678 fit
1522 644 1558 678 in
1576 644 1699 678 nostris

219 700 343 734 litteris
361 701 493 735 mentio
512 700 675 748 specialis.
728 700 896 735 Ceterum
916 699 1079 734 volumus
1097 704 1132 733 et
1149 699 1360 733 auetoritate
1379 700 1565 746 apostolica
1582 701 1699 735 decer-

219 756 334 790 nimus
352 757 447 803 quod
465 757 611 802 quilibet
629 757 779 791 vestrum
798 756 959 804 prosequi
976 755 1091 789 valeat
1117 755 1303 789 articulum
1324 756 1427 790 etiam
1445 770 1507 803 per
1525 757 1630 791 alium
1650 758 1700 791 in-

219 812 382 847 choatum
401 813 558 859 quamvis
576 813 668 847 idem
687 813 855 847 inchoans
874 812 973 846 nullo
990 811 1096 846 fuerit
1114 812 1366 858 impedimento
1392 814 1561 847 canonico
1579 826 1701 860 prepe-

219 869 322 909 ditus,
343 869 506 915 quodque
524 882 544 903 a
562 869 643 903 data
660 869 871 916 presentium
890 868 929 903 fit
947 867 1045 901 vobis
1064 873 1099 901 et
1117 867 1305 913 unicuique
1319 868 1468 902 vestrum
1484 870 1520 902 in
1534 868 1700 916 premissis

218 925 379 960 omnibus
398 931 432 960 et
450 939 573 960 eorum
591 924 742 972 singulis,
763 927 871 973 ceptis
890 931 924 960 et
943 938 1015 959 non
1034 925 1152 972 ceptiS‚
1181 925 1397 971 presentibus
1416 931 1450 960 et
1467 926 1604 967 futuris,
1624 940 1699 973 per-

217 987 359 1028 petuata
376 981 525 1028 potestas
544 988 579 1016 et
603 981 802 1029 jurisdietio
820 982 987 1016 attributa
1006 986 1045 1015 ut
1064 993 1105 1015 eo
1124 981 1245 1027 vigore
1264 995 1371 1028 eaque
1390 983 1554 1017 firmitate
1572 981 1700 1030 possitis

218 1038 253 1071 in
271 1036 438 1084 premiffis
457 1038 629 1078 omnibus,
650 1039 758 1086 ceptis
777 1044 811 1073 et
831 1051 902 1073 non
917 1038 1035 1085 ceptis,
1056 1036 1272 1084 presentibus
1290 1044 1325 1073 et
1343 1039 1479 1079 futuris,
1500 1044 1534 1073 et
1545 1052 1610 1086 pro
1625 1052 1700 1086 pre-

218 1094 320 1128 diefis
338 1094 529 1141 procedere
549 1107 587 1128 ac
604 1093 627 1128 fi
646 1095 805 1142 predicta
823 1095 941 1129 omnia
971 1099 1006 1129 et
1035 1092 1167 1140 singula
1193 1107 1308 1129 coram
1329 1094 1426 1129 vobis
1445 1101 1545 1142 cepta
1562 1094 1701 1130 fuiffent

217 1156 252 1184 et
264 1149 463 1197 jurisditffio
482 1150 592 1185 vestra
611 1157 644 1185 et
659 1150 839 1197 cujussibet
856 1150 1007 1185 vestrum
1027 1151 1062 1184 in
1080 1151 1247 1197 prediefis
1261 1151 1422 1186 omnibus
1437 1158 1471 1186 et
1485 1150 1624 1198 lingulis
1638 1166 1699 1199 per

217 1207 418 1241 citationem
437 1207 492 1241 vel
512 1207 655 1241 modum
675 1207 780 1241 alium
800 1212 1007 1254 perpetuata
1018 1207 1188 1253 legittime
1204 1205 1376 1247 extitisset,
1397 1207 1700 1243 constitutionibus

217 1268 251 1296 et
270 1263 549 1297 ordinationibus
567 1263 734 1310 preditffis
762 1269 796 1297 et
824 1263 898 1297 aliis
917 1263 1021 1297 etiam
1048 1276 1068 1297 a
1094 1263 1253 1298 locorum
1272 1264 1455 1298 ordinariis
1474 1270 1508 1298 et
1526 1264 1700 1310 quibusvis

216 1319 290 1353 aliis
308 1318 463 1366 personis
480 1318 541 1353 sub
560 1332 767 1365 quacunque
787 1319 974 1353 verborum
989 1319 1102 1354 forma
1120 1326 1154 1354 et
1173 1319 1348 1366 quibusvis
1366 1320 1525 1355 clausulis
1537 1321 1699 1356 conceflis

216 1373 317 1422 super
336 1375 637 1409 conservatoribus
669 1381 704 1410 et
734 1376 800 1409 alia
830 1375 983 1422 qualibet
1015 1376 1051 1410 in
1082 1376 1298 1410 contrarium
1330 1377 1423 1411 edita
1441 1390 1513 1411 non
1532 1377 1696 1412 obstante.

218 1431 438 1466 Presentibus
466 1432 644 1479 perpetuis
674 1432 800 1466 futuris
829 1431 1045 1479 temporibus
1063 1432 1233 1466 valituris
1295 1433 1430 1467 Datum
1461 1433 1576 1468 Rome
1604 1435 1697 1481 apud

216 1488 386 1522 Sanetum
409 1488 553 1522 Petrum
573 1500 666 1522 anno
686 1488 934 1522 incarnationis
953 1489 1126 1524 dominice
1147 1490 1327 1525 millesimo
1358 1490 1696 1538 quadringentesimo

216 1542 450 1590 ofituagefimo
482 1545 600 1585 tertio,
632 1544 768 1579 decimo
799 1557 894 1579 nono
929 1545 1106 1581 Kalendas
1126 1546 1318 1587 Februarii,
1350 1548 1574 1594 pontificatus
1592 1548 1697 1582 nostri

214 1613 308 1634 anno
327 1600 583 1635 tertiodecimo,

218 1769 266 1804 Ut
286 1769 531 1804 monasterium
552 1769 674 1805 Passeti
687 1770 812 1804 habeat
824 1771 941 1805 omnia
954 1772 1137 1819 privilegia
1151 1773 1266 1807 ordini
1284 1779 1318 1808 et
1333 1773 1540 1809 monasterio
1556 1774 1697 1809 Clunia-

217 1823 305 1859 cenfi
325 1824 491 1860 concessa.

217 1936 401 1972 SIXTUS
420 1936 598 1984 episcopus
616 1938 733 1972 servus
752 1938 931 1973 servorum
952 1939 1022 1975 Dei
1041 1940 1178 1975 dileetis
1197 1941 1276 1975 filiis
1297 1942 1426 1977 Abbati
1445 1949 1479 1978 et
1508 1944 1695 1978 conventui

216 1993 415 2027 monasterii
434 1993 477 2027 de
498 1992 644 2033 Palleto,
668 1994 904 2029 Cluniacenfis
923 1996 1066 2036 ordinis,
1088 1996 1311 2043 Glasguenfis
1330 1997 1481 2039 dioeefis,
1501 1998 1644 2033 salutem
1665 2005 1698 2032 et

216 2048 436 2095 apostolicam
457 2049 749 2084 benedictionem.
803 2050 906 2085 Sacre
926 2051 1103 2097 religionis
1122 2052 1182 2086 sub
1201 2066 1268 2098 qua
1294 2054 1329 2087 in
1357 2054 1560 2088 humilitatis
1577 2055 1697 2101 spiritu

217 2106 384 2140 devotum
403 2111 437 2139 et
455 2105 611 2139 sedulum
632 2106 796 2140 exhibere
814 2106 956 2141 studetis
975 2107 1056 2142 Deo
1075 2108 1281 2142 famulatum
1300 2115 1522 2155 promeretur
1541 2110 1697 2144 honestas

216 2167 256 2195 ut
273 2160 375 2208 super
393 2161 457 2195 hiis
476 2174 542 2207 que
561 2161 658 2195 vobis
676 2161 831 2208 prosperi
849 2162 953 2198 status
984 2163 1240 2198 incrementum
1268 2164 1390 2199 afferre
1405 2165 1544 2200 valeant
1569 2167 1697 2213 gratio-

217 2219 288 2252 sum
309 2217 484 2265 apostolici
502 2218 631 2252 favoris
661 2216 845 2264 prefidium
877 2218 1068 2253 liberaliter
1095 2219 1347 2266 impendamus.
1402 2221 1498 2257 Hinc
1528 2222 1574 2257 est
1603 2224 1698 2269 quod

217 2287 281 2308 nos
299 2274 457 2308 volentes
475 2286 548 2314 vos,
576 2273 700 2319 quibus
719 2279 757 2308 ut
775 2272 919 2308 afferitis
940 2274 1058 2308 dileeti
1078 2274 1138 2308 filii
1160 2275 1280 2309 Abbas
1298 2282 1332 2310 et
1351 2284 1546 2313 conventus
1565 2280 1697 2314 monas-

218 2330 295 2364 terii
309 2328 555 2370 Cluniacenfis,
574 2329 836 2365 Matisconenfis
850 2329 1003 2371 diocefis,
1019 2343 1039 2364 a
1053 2343 1122 2376 quo
1137 2331 1384 2380 monasterium
1395 2333 1546 2370 vestrum
1562 2336 1605 2371 de
1622 2336 1697 2370 Pas-
