1870 2683
714 272 784 307 DE
813 272 1081 309 PASSELET.
1570 281 1641 313 853

159 423 350 465 Quoddam
368 423 624 472 transumptum
644 423 793 460 Abbatis
812 431 847 461 et
865 432 1060 462 conventus
1079 427 1121 462 de
1143 427 1288 463 Passeto.

159 535 217 570 IN
235 535 328 570 DEI
347 535 563 571 NOMINE
584 537 714 572 Amen.
767 536 835 572 Per
853 538 919 573 hoc
937 538 1078 586 presens
1088 540 1267 587 publicum
1287 541 1553 576 instrumentum
1573 541 1640 577 five

154 590 295 639 presens
313 592 491 639 publicum
509 593 766 639 transumptum
785 594 922 628 00116115
948 601 1065 642 pateat
1083 597 1265 631 evidenter
1294 603 1327 632 et
1346 596 1384 632 fit
1402 603 1526 632 notum
1545 599 1640 644 quod

155 660 250 682 anno
269 647 443 682 dominice
473 648 725 683 incarnationis
754 654 798 683 M⁰
817 655 925 684 0000ο
942 656 1005 685 xc⁰
1023 653 1139 693 tertio,
1170 653 1224 687 die
1255 666 1338 688 vero
1368 659 1421 688 ΧΓ·
1449 654 1641 695 Februarii,

155 703 351 739 indicffione
381 704 440 744 xii,
481 704 705 751 pontificatus
738 703 935 739 sanctiffimi
970 707 1006 740 in
1047 707 1184 742 Christo
1224 710 1330 756 patris
1356 723 1395 744 ac
1423 710 1554 744 domini
1582 711 1641 745 do-

155 759 243 793 mini
260 758 366 793 nostri
385 759 583 793 Alexandri
602 760 721 794 divina
737 761 959 807 providentia
975 776 1064 810 pape
1081 763 1167 798 sexti
1186 777 1279 799 anno
1298 764 1462 806 secundo,
1482 779 1522 800 ac
1540 767 1638 812 regni

156 815 248 862 regis
264 815 372 849 nostri
389 815 513 851 Jacobi
532 816 646 862 quarti
664 829 758 850 anno
776 817 883 858 sexto,
903 818 939 851 in
958 820 1026 853 mei
1044 820 1171 854 notarii
1190 821 1320 868 publici
1347 827 1381 856 et
1411 822 1546 857 testium
1566 823 1639 856 sub-

157 872 365 919 scriptorum
392 871 565 919 presentia
583 871 832 919 [personaliter
850 874 1076 918 constitutus]
1105 877 1313 911 venerabilis
1332 878 1366 911 in
1386 878 1522 912 Christo
1542 884 1640 925 pater

159 927 339 974 Georgius
357 928 460 962 abbas
474 928 672 962 monasterii
691 929 733 963 de
753 928 899 970 Passeto,
919 930 1049 965 habens
1068 937 1103 966 et
1120 938 1244 966 tenens
1263 933 1298 966 in
1318 933 1476 967 manibus
1496 933 1572 974 suis,
1604 935 1640 968 in

158 983 238 1018 loco
256 984 438 1031 capitulari
457 984 541 1027 dieti
554 984 762 1025 monasterii,
782 998 888 1019 unam
908 985 1061 1021 litteram
1079 1000 1348 1034 pergameneam
1367 990 1555 1024 concordie
1573 989 1639 1023 five

159 1040 373 1081 contractus,
393 1039 573 1087 sigillatam
591 1040 700 1087 sigillo
719 1041 896 1088 quondam
914 1041 1068 1077 Wilehni
1088 1043 1236 1091 episcopi
1256 1043 1477 1091 Glasguenfis
1497 1058 1577 1080 cera
1594 1046 1641 1079 vi-

159 1095 227 1134 ridi
245 1094 417 1143 impreffo,
438 1097 641 1131 continente
660 1110 704 1132 ex
721 1103 820 1144 parte
839 1099 1006 1133 anteriori
1025 1100 1224 1146 ymaginem
1243 1101 1347 1134 unius
1366 1099 1514 1148 episcopi
1542 1108 1577 1136 et
1606 1102 1642 1135 in

160 1158 261 1201 parte
274 1153 456 1201 posteriori
473 1155 671 1201 ymaginem
685 1155 806 1190 Sancti
823 1155 1045 1201 Kentigerni,
1060 1156 1096 1189 in
1110 1155 1209 1202 cujus
1224 1156 1506 1191 circumferentia
1521 1157 1644 1204 scripta

162 1209 242 1244 sunt
258 1210 324 1245 hec
341 1210 458 1251 verba,
493 1223 564 1245 onA
584 1223 655 1246 PRO
675 1223 785 1246 1101315
803 1223 924 1246 ΒΕΑΤΕ
943 1223 1197 1252 KENTIGERNE,
1225 1225 1365 1246 necnon
1384 1218 1419 1247 et
1437 1226 1514 1247 cum
1535 1212 1643 1260 figillo

163 1266 306 1314 capituli
324 1265 556 1313 Glasguenfis‚
576 1267 612 1301 in
631 1267 729 1314 cujus
747 1268 863 1302 medio
881 1273 921 1302 ut
939 1268 1023 1302 mihi
1042 1269 1180 1302 notario
1199 1268 1374 1303 constabat
1394 1269 1428 1303 in
1443 1270 1546 1303 viridi
1565 1283 1644 1304 cera

164 1322 377 1369 ,imprimitur
388 1336 515 1370 ymago
531 1323 629 1370 Agni
641 1323 723 1364 Dei,
744 1329 779 1358 et
791 1324 826 1357 in
839 1323 912 1370 ejus
926 1324 1208 1359 circumferentia
1221 1325 1345 1371 scripta
1357 1324 1435 1359 sunt
1447 1325 1511 1359 hec
1526 1326 1642 1366 verba,

164 1392 347 1421 SIGILLUM
368 1392 546 1415 CAP1TUL1
565 1393 826 1422 GLASGUENSIS,
846 1381 962 1415 sanam
977 1381 1207 1427 etintegram,
1228 1393 1300 1415 non
1312 1380 1432 1421 rasam,
1452 1394 1524 1415 non
1537 1382 1643 1416 aboli-

162 1442 234 1471 tam
252 1449 317 1471 1100
335 1437 451 1483 aliqua
467 1442 566 1483 parte
584 1437 776 1484 suspectam
806 1438 865 1472 sed
891 1438 987 1471 omni
1004 1436 1143 1485 prorsus
1161 1437 1246 1471 vitio
1266 1442 1300 1471 et
1318 1436 1507 1484 suspicione
1526 1450 1644 1472 caren-

162 1498 246 1534 tem,
267 1493 351 1526 mihi
365 1494 503 1527 notario
522 1493 662 1541 publico
677 1493 888 1540 presentavit
900 1499 934 1528 et
949 1493 1106 1527 exhibuit
1119 1493 1379 1540 perlegendam,
1399 1493 1644 1540 publicandam

163 1554 200 1584 et
218 1547 515 1583 tranffumendam
530 1563 569 1584 ac
581 1550 625 1583 ad
636 1555 841 1596 perpetuam
854 1550 1008 1583 futuram
1023 1549 1073 1583 rei
1087 1549 1291 1583 memoriam
1304 1561 1367 1596 per
1381 1549 1524 1583 modum
1540 1549 1646 1583 trans-

164 1605 291 1652 sumpti
310 1605 515 1652 copiandam
533 1611 567 1640 et
585 1606 621 1639 in
639 1605 813 1652 publicam
830 1606 979 1640 formam
998 1605 1237 1651 redigendam,
1266 1605 1314 1638 ita
1335 1605 1429 1651 quod
1447 1611 1544 1639 tanta
1560 1605 1646 1640 fides

166 1662 373 1697 exhibeatur
391 1662 472 1696 huic
490 1660 733 1709 tranffumpto,
766 1668 836 1696 tam
867 1662 903 1696 in
926 1661 1060 1708 judicio
1092 1674 1195 1707 quam
1225 1666 1324 1695 extra
1348 1661 1533 1708 judicium,
1560 1661 1646 1696 ficut

165 1718 361 1765 principali.
414 1718 526 1765 Cujus
544 1718 683 1764 quidem
704 1718 819 1752 littere
837 1723 942 1752 tenor
959 1717 1036 1751 talis
1055 1716 1112 1751 est.
1164 1716 1405 1752 OMNIBUS
1425 1717 1550 1751 Christi
1563 1718 1647 1752 fide-

166 1773 257 1809 libus
275 1780 345 1808 tam
365 1773 582 1820 presentibus
598 1786 701 1820 quam
721 1774 848 1808 futuris
867 1773 1050 1807 W’ilelmus
1064 1772 1284 1820 permistione
1297 1773 1413 1807 divina
1427 1772 1647 1820 Glasguenfis

169 1829 348 1878 episcopus
378 1828 523 1864 salutem
554 1830 590 1863 in
617 1830 787 1870 Domino,
818 1834 858 1864 ut
871 1831 995 1875 supra
1006 1829 1104 1875 folio
1122 1834 1174 1864 60⁰
1192 1830 1264 1863 ἱίίίο
1280 1830 1388 1875 αβμιε
1405 1829 1485 1864 lucc.
1535 1829 1647 1876 Super

169 1885 294 1932 quibus
313 1885 475 1920 omnibus
494 1891 528 1920 et
545 1884 686 1932 lingulis
703 1886 795 1920 idem
812 1886 991 1932 Georgius
1006 1885 1168 1919 dominus
1186 1885 1289 1919 abbas
1303 1897 1388 1919 ame
1407 1886 1545 1919 notario
1563 1885 1648 1932 pub-

168 1941 236 1983 lico
255 1941 472 1989 infrascripto
491 1941 549 1976 fibi
568 1942 703 1989 copiam
721 1942 765 1976 ad
783 1942 926 1989 modum
942 1939 1161 1988 tranffumpti
1180 1941 1216 1975 in
1234 1941 1346 1975 forma
1364 1941 1504 1988 publica
1521 1941 1581 1975 sub
1597 1941 1646 1974 in-

168 1997 361 2034 strumento
391 1997 450 2032 fibi
480 1998 556 2032 fieri
574 1999 684 2045 petiit.
738 1998 834 2032 Aeta
864 2002 963 2032 erant
990 1997 1055 2032 hec
1072 1997 1165 2044 apud
1184 1997 1318 2030 dietum
1337 1997 1583 2031 monasterium
1609 1997 1646 2030 in

168 2054 248 2089 1000
267 2054 448 2101 capitulari
476 2053 640 2101 ejusdem,
672 2053 733 2088 sub
759 2067 864 2094 anno,
895 2054 961 2094 die,
989 2053 1117 2094 mense,
1146 2053 1350 2093 indictione,
1378 2054 1585 2100 pontificatu
1612 2059 1646 2088 et

168 2123 279 2156 regno
297 2110 421 2156 quibus
434 2109 560 2157 supra;
581 2109 796 2157 presentibus
807 2110 935 2144 ibidem
953 2110 1127 2144 nobilibus
1146 2115 1180 2143 et
1199 2108 1352 2143 diseretis
1369 2110 1462 2149 viris,
1483 2109 1647 2144 videlicet

171 2166 290 2200 Alano
310 2166 460 2200 Stewart
489 2166 531 2199 de
563 2165 797 2206 Cardonalde,
829 2165 852 2201 J
855 2165 992 2200 ohanne
1024 2166 1174 2200 Stewart
1202 2165 1245 2199 de
1273 2164 1484 2205 Henreston,
1512 2164 1645 2200 Jacobo

171 2221 360 2257 Crawfurd
378 2221 420 2255 de
442 2221 648 2268 Kennynyt,
667 2221 826 2267 Georgio
839 2215 1037 2262 Ciawfurd,
1059 2221 1166 2255 Petro
1180 2220 1313 2261 Broun,
1334 2221 1477 2255 domino
1492 2221 1647 2256 Alexan-

169 2278 234 2321 dro
255 2276 396 2325 Anysse,
417 2283 451 2311 et
470 2277 610 2311 Thoma
628 2277 769 2323 Strathy
786 2276 1008 2318 subdiacono,
1028 2290 1106 2313 cum
1126 2277 1243 2312 multis
1261 2277 1335 2311 aliis
1353 2276 1491 2312 testibus
1509 2277 1552 2312 ad
1570 2290 1647 2325 pre-

170 2332 265 2370 miffa
281 2334 412 2370 vocatis
430 2333 621 2381 specialiter
640 2338 674 2368 et
687 2332 827 2380 rogatis.

234 2394 238 2397 '
396 2393 403 2396 ⁴
880 2392 902 2424 2
920 2400 943 2425 Y
