1839 2652
728 262 799 297 DE
827 261 1096 297 PASSELET.
1587 268 1651 302 191

176 359 340 408 scriptum
358 359 458 407 super
476 359 576 394 totali
594 359 743 406 pecunia
759 359 1004 406 prenominata
1021 358 1234 400 confectum,
1263 364 1434 405 quatenus
1460 371 1524 393 nos
1542 361 1655 406 tangit

178 416 232 451 vel
250 416 350 450 nobis
368 416 546 463 competit,
574 415 705 450 nullius
722 414 761 450 fit
779 415 917 450 virtutis
935 416 991 450 vel
1010 416 1148 456 valoris,
1183 428 1248 450 nec
1266 416 1365 450 nobis
1383 417 1439 451 vel
1457 417 1559 451 alicui
1578 418 1654 452 nos-

177 478 270 507 trum
290 473 333 507 de
351 478 469 507 cetero
487 473 688 512 valiturum,
709 471 767 506 sed
785 472 900 519 potius
912 472 1092 519 cujussibet
1109 472 1257 507 actionis
1276 486 1396 507 carens
1415 473 1556 508 virtute.
1610 474 1654 508 In

177 529 276 577 cujus
294 529 345 564 rei
364 529 598 564 testimonium
616 527 767 575 presenti
785 527 911 575 scripto
930 527 1077 574 figillum
1106 529 1256 575 magistri
1283 529 1422 564 Thome
1453 530 1496 564 de
1528 530 1655 565 Abeir-

178 586 246 619 den
265 590 351 619 tunc
370 584 525 619 officialis
540 584 672 618 domini
687 584 835 619 Roberti
852 584 922 618 Dei
934 585 1047 630 gratia
1064 584 1297 631 Glalgwenfis
1310 585 1469 633 episcopi,
1489 599 1560 621 una
1574 599 1653 621 cum

179 640 295 688 figillis
312 640 436 676 nostris
454 640 583 688 apponi
600 641 756 675 fecimus.
810 639 891 674 Hiis
908 640 1060 676 testibus.

181 809 318 844 Littera
336 809 468 843 domini
488 808 607 855 Regis,
636 814 671 843 et
688 809 901 843 vicecomitis
919 808 962 842 de
982 807 1206 850 Duubartan‚
1227 809 1270 844 de
1287 809 1519 856 inquisitione.

182 919 421 956 OMNIBUS
449 919 574 954 Christi
593 920 753 954 fidelibus
771 919 910 967 presens
928 919 1092 967 scriptum
1110 920 1232 954 visuris
1251 922 1307 956 vel
1337 923 1508 958 audituris
1527 924 1658 960 W'alte-

181 989 240 1011 rus
257 974 461 1010 senescallus
479 988 596 1010 comes
614 976 657 1010 de
677 975 845 1010 Menthet
861 975 1007 1010 salutem
1034 976 1071 1010 in
1098 976 1256 1011 Domino
1275 977 1531 1025 sempiternam.
1584 981 1659 1016 No-

181 1033 271 1066 verit
288 1030 491 1066 universitas
508 1031 620 1066 vestra
648 1045 704 1066 me
732 1032 937 1066 mandatum
957 1031 1090 1066 domini
1121 1033 1190 1066 mei
1220 1033 1417 1069 Alexandri
1446 1035 1517 1070 Dei
1547 1038 1660 1083 gratia

182 1088 321 1123 illustris
338 1089 429 1135 regis
449 1088 564 1123 Scotie
583 1087 756 1135 recepiffe,
785 1089 821 1122 in
839 1089 903 1123 hec
921 1088 1050 1130 verba;
1081 1088 1414 1125 ALEXANDER
1448 1092 1518 1126 Dei
1548 1095 1661 1139 gratia

182 1157 244 1179 rex
263 1145 378 1179 Scotie
400 1144 557 1179 W⁷altero
576 1145 694 1179 comiti
726 1145 769 1179 de
801 1144 968 1179 Menthet
986 1145 1117 1180 dilecto
1147 1152 1181 1180 et
1208 1147 1304 1181 fideli
1322 1147 1382 1183 suo
1401 1150 1599 1185 vicecomiti
1626 1158 1660 1186 et

181 1201 316 1236 ballivis
333 1200 400 1235 suis
419 1201 461 1235 de
482 1201 695 1235 Dunbretan
713 1200 870 1235 salutem.
924 1201 1137 1236 Mandamus
1156 1203 1253 1237 vobis
1272 1210 1307 1238 et
1324 1206 1534 1253 precipimus
1552 1209 1662 1254 quati-

182 1270 248 1292 nus
265 1270 328 1304 per
345 1257 473 1304 probos
492 1262 526 1291 et
544 1257 665 1291 fideles
683 1257 842 1291 homines
870 1258 981 1304 patrie
1009 1258 1196 1304 diligenter
1224 1266 1259 1294 et
1289 1261 1440 1296 fideliter
1470 1264 1598 1309 inquiri
1616 1265 1663 1299 fa—

183 1313 279 1347 ciatis
296 1311 319 1346 fi
339 1313 456 1347 Maria
475 1312 594 1360 sponsa
611 1313 782 1348 Johannis
801 1313 843 1347 de
866 1312 1061 1348 Wardroba
1087 1320 1121 1349 et
1151 1315 1263 1350 Elena
1288 1316 1409 1364 sponsa
1428 1319 1600 1354 Bernardi
1619 1321 1662 1355 de

184 1369 274 1403 Erth
291 1382 331 1404 ac
351 1369 541 1403 Forveleth
560 1368 681 1416 sponla
699 1369 847 1403 Norrini
866 1369 908 1404 de
929 1369 1173 1417 Monmgund,
1202 1372 1272 1407 filie
1291 1374 1468 1419 quondam
1488 1375 1601 1410 Finlai
1620 1377 1662 1411 de

184 1423 306 1464 Camfi,
335 1423 399 1458 fint
418 1424 589 1470 legittime
608 1430 642 1458 et
660 1437 742 1459 vere
761 1425 907 1460 heredes
935 1426 1112 1471 quondan]
1132 1427 1293 1474 Dufgalli
1319 1430 1434 1464 fratris
1455 1431 1662 1468 Maldoveni

183 1480 318 1514 comitis
337 1481 380 1514 de
399 1480 591 1523 Levenax5
622 1485 656 1514 et
675 1481 804 1515 dietam
819 1480 1074 1527 inquilitionem
1090 1483 1277 1529 diligenter
1291 1485 1419 1520 saetam
1434 1493 1469 1521 et
1483 1488 1518 1521 in
1532 1487 1664 1536 scriptis

184 1536 362 1570 redactam
381 1535 442 1570 sub
460 1535 572 1582 figillo
590 1536 702 1571 vestro
734 1542 769 1571 et
798 1535 913 1583 figillis
932 1551 1055 1572 eorum
1083 1540 1142 1585 qui
1162 1540 1256 1575 diete
1275 1540 1487 1587 inquisitioni
1506 1544 1664 1579 faciende

183 1592 379 1633 intererint,
408 1592 452 1626 ad
471 1592 638 1639 capellam
659 1592 809 1627 nostram
828 1594 919 1628 mitti
937 1595 1079 1636 faciatis,
1109 1601 1143 1630 et
1161 1597 1227 1631 hoc
1246 1597 1362 1633 breve.
1415 1598 1517 1634 Teste
1535 1601 1664 1648 meipso

184 1648 277 1695 apud
298 1648 533 1696 Kynclewyn,
565 1649 664 1683 xxiiii
682 1649 737 1683 die
758 1650 892 1697 Aprilis
910 1664 1003 1685 anno
1022 1652 1122 1698 regni
1141 1652 1246 1687 nostri
1264 1667 1311 1688 xx
1329 1654 1492 1690 secundo.
1547 1657 1666 1705 Hujus

183 1705 291 1751 igitur
309 1705 522 1739 auetoritate
540 1705 707 1745 mandati,
728 1718 790 1752 per
808 1705 1022 1741 sacramenta
1040 1708 1265 1744 dominorum
1286 1710 1453 1757 Hugonis
1472 1712 1665 1748 Flandren-

183 1759 234 1800 fis,
256 1760 454 1794 Alexandri
485 1761 527 1795 de
565 1760 737 1802 Dunhon,
771 1762 921 1797 Roberti
951 1763 993 1798 de
1025 1764 1199 1806 Culchon,
1228 1767 1392 1808 militum,
1422 1768 1575 1803 Gilberti
1602 1771 1664 1805 filii

187 1815 387 1857 Absolonis‚
417 1816 584 1851 Duncani
602 1817 665 1851 filii
684 1817 871 1865 Alneledy,
902 1819 1086 1854 Malcolmi
1104 1822 1146 1856 de
1167 1822 1378 1864 Drumman,
1404 1824 1562 1860 Malmor
1581 1827 1666 1862 dieti

186 1871 344 1912 Juvenis,
365 1872 569 1919 Gilniychel
589 1872 673 1907 Mac
694 1873 839 1915 Hedolf,
862 1875 942 1909 Ade
962 1876 1047 1910 dieti
1064 1877 1223 1918 Juvenis,
1245 1879 1411 1914 Duncani
1430 1881 1491 1915 filii
1512 1881 1663 1923 Gilcrist,

188 1927 327 1962 Thome
345 1927 407 1961 filii
427 1928 643 1975 Somerledy,
664 1929 805 1976 Newyn
824 1930 909 1965 Mac
929 1931 1068 1974 Kefl'an‚
1091 1933 1298 1970 Maldoveni
1319 1936 1403 1971 Mac
1422 1937 1549 1984 Dawy,
1573 1938 1666 1973 Hec-

187 1983 273 2017 toris
292 1982 377 2017 Mac
397 1983 555 2030 Souhyn,
584 1984 745 2031 Ewgenii
777 1986 953 2028 aurifabri,
981 1987 1083 2036 super
1100 1989 1266 2036 premiffis
1285 1992 1489 2038 diligentem
1519 1994 1584 2028 feci
1617 1995 1665 2029 in-

187 2037 418 2084 quifitionem‚
445 2051 509 2085 per
527 2052 677 2084 quorum
695 2039 908 2077 sacramenta
934 2044 979 2078 ad
1008 2044 1127 2079 saneta
1147 2046 1217 2080 Dei
1237 2048 1419 2093 evangelia
1437 2050 1666 2096 corporaliter

187 2093 337 2141 prestita,
351 2094 522 2128 veraciter
540 2095 643 2129 didici
662 2102 696 2130 et
714 2104 914 2144 compertus
931 2098 1005 2133 sum
1024 2101 1199 2147 predictas
1216 2103 1381 2137 mulieres
1398 2117 1497 2138 veras
1516 2111 1550 2139 et
1568 2105 1667 2152 legit-

187 2150 289 2184 timas
319 2149 465 2183 heredes
484 2148 549 2184 effe
568 2152 802 2197 prenominati
833 2153 1005 2200 Dufgalli,
1033 2169 1096 2202 per
1124 2157 1251 2192 lineam
1281 2159 1591 2206 conlanguinitatis
1609 2163 1666 2197 de-

188 2205 386 2240 scendendo
406 2218 449 2239 ex
466 2212 565 2252 parte
585 2205 769 2241 Malcolmi
786 2208 901 2243 fratris
919 2212 1069 2257 predicti
1101 2213 1261 2259 Dufgalli
1290 2220 1325 2249 et
1354 2216 1409 2250 avi
1428 2217 1665 2263 predictarum

188 2261 376 2295 mulierum
395 2275 404 2303 ;
434 2267 469 2295 et
499 2260 609 2308 ipsum
640 2262 849 2309 Dufgallum
879 2278 1027 2301 uxorem
1059 2268 1296 2315 desponsatam
1327 2271 1471 2307 minime
1500 2273 1664 2310 habuiffe.

189 2316 238 2351 Et
254 2329 299 2352 ne
318 2317 413 2351 dieta
430 2316 603 2363 inquifitio
621 2330 684 2364 per
704 2331 758 2354 me
776 2320 870 2355 facta
888 2334 968 2356 ceca
987 2322 1163 2360 oblivione
1181 2325 1357 2373 depereat,
1387 2329 1500 2374 gratia
1527 2330 1666 2377 majoris
