1839 2652
809 84 938 162 ‘b

176 286 244 325 174«
580 280 896 317 REGISTRUM
925 280 1265 317 MONASTERII

173 379 336 425 quatinus
353 377 580 426 personaliter
597 378 769 413 accedatis
787 378 831 411 ad
848 383 975 412 terram
996 377 1091 412 illam
1109 377 1212 424 super
1230 390 1368 412 amnem
1400 378 1443 412 de
1474 378 1568 414 Clud
1586 393 1654 427 que

175 435 373 470 Cultbuche
392 440 626 482 nuncupatur,
647 440 682 469 et
699 434 742 468 ad
760 434 934 480 quandam
952 434 1054 468 aliam
1073 440 1203 468 terram
1223 447 1326 481 quam
1343 434 1544 481 Duugallus
1561 437 1654 471 filius

175 490 312 526 Cristini
331 491 507 536 quondam
534 491 663 538 judicis
692 490 734 524 de
763 489 931 524 Levenax
949 490 1070 524 habuit
1089 503 1132 525 ex
1151 490 1312 525 orientali
1331 496 1428 537 parte
1456 491 1594 526 ecclefie
1613 493 1654 527 de

175 546 374 593 Kylpatrik‚
405 552 450 587 et,
483 547 694 581 auetoritate
712 545 838 586 nostra,
871 546 905 580 in
936 544 1176 593 poll'essionem
1195 545 1343 594 ipsarum
1364 552 1537 581 terrarum
1556 548 1655 582 indu-

174 603 258 637 catis
276 602 452 636 Abbatem
471 608 506 637 et
523 608 739 637 conventum
766 602 809 636 de
838 600 984 637 Paffelet
1002 603 1058 637 vel
1077 616 1199 637 eorum
1227 608 1504 650 procuratorem,
1532 604 1656 650 quibus

173 671 291 693 veram
310 657 548 705 poffeffionem
568 658 718 706 ipsarum
736 663 910 692 terrarum
941 672 984 693 ex
1014 657 1165 693 secundo
1194 659 1336 693 decreto
1368 659 1653 706 adjudicavimUS‚

174 714 254 760 quia
270 715 450 761 prediehis
470 715 683 762 Duugallus‚
705 715 795 748 infra
812 727 955 755 annum,
976 715 1174 749 cautionem
1190 715 1233 749 de
1245 715 1400 762 parendo
1414 715 1487 762 juri
1506 728 1579 749 non
1597 729 1656 763 op-

174 771 265 811 tulit,
286 771 464 818 postquam
484 772 568 806 dicti
589 772 762 812 monachi,
782 777 927 819 propter
942 771 1016 817 ejus
1034 772 1290 805 contumaciam
1310 771 1533 812 manifestam,
1554 772 1589 805 in
1607 772 1656 819 ip-

174 826 287 861 sarum
305 833 477 862 terrarum
506 826 756 875 poil'essionem,
777 826 876 862 cansa
904 827 1066 867 custodie,
1098 828 1242 861 fuerunt
1271 828 1405 862 imlnffti
1424 842 1432 870 ;
1467 827 1656 862 refistontes

174 888 290 917 autem
309 896 372 930 per
390 883 570 918 censuram
589 882 845 918 ecclesiasticam
874 883 1107 930 compescatis.
1163 883 1341 918 Mittimus
1360 885 1463 918 etiam
1482 885 1580 918 vobis
1599 885 1655 918 de-

174 945 309 973 cretum
327 939 480 974 nostrum
500 953 578 974 cum
598 939 763 986 rescripto
783 939 913 973 domiui
944 939 1036 986 Pape
1068 946 1101 974 et
1128 940 1214 974 aistis
1232 953 1348 974 coram
1369 941 1467 974 uobis
1486 941 1655 975 confee‘tis

174 1008 236 1041 per
254 1008 321 1041 que
340 995 437 1029 vobis
455 996 558 1042 plene
576 996 706 1043 poterit
721 995 875 1030 constare
888 996 931 1030 de
943 995 1058 1030 nostro
1070 994 1239 1043 process'u.
1292 996 1417 1031 Valete
1431 997 1467 1030 in
1484 997 1653 1030 Domino,

177 1163 314 1198 Littera
332 1164 492 1210 delegata
510 1170 635 1198 contra
654 1165 874 1211 Duugallum
901 1164 1011 1198 filium
1041 1164 1181 1199 Cristini
1203 1164 1332 1211 judicis
1351 1165 1394 1199 de
1414 1165 1591 1205 Levenax,
1621 1172 1655 1199 et

176 1225 299 1254 contra
318 1220 517 1254 Robertum
537 1220 689 1255 Redhuc
707 1221 750 1255 de
769 1220 980 1255 Cultbuche.

177 1331 415 1367 OMNIBUS
435 1332 561 1366 Christi
580 1332 740 1366 fidelibus
754 1332 821 1367 hoc
835 1331 1000 1379 scriptum
1018 1331 1140 1366 visuris
1154 1333 1209 1366 vel
1225 1332 1406 1373 audituris,
1424 1333 1466 1367 de
1483 1334 1604 1369 Carrio
1622 1340 1656 1368 et

178 1387 220 1422 de
239 1387 438 1434 Cunigham
460 1388 598 1422 Decani
627 1394 662 1423 et
691 1388 858 1435 RIagister
877 1389 1047 1423 stolarum
1067 1389 1109 1423 de
1130 1390 1216 1430 Are,
1250 1395 1406 1424 eternam
1436 1391 1470 1424 in
1498 1390 1657 1426 Domino

176 1443 333 1478 salutem.
363 1444 576 1479 Mandatum
592 1445 723 1479 domini
738 1445 831 1492 Pape
846 1445 881 1479 in
894 1445 958 1479 hec
973 1445 1078 1479 verba
1091 1445 1301 1493 suscepimus
1315 1461 1323 1488 3
1346 1446 1658 1482 GREGORIUS

176 1500 354 1548 episcopus
385 1500 503 1536 servus
535 1501 713 1536 [ervorum
733 1501 803 1536 Dei
822 1501 960 1536 dileffis
985 1502 1064 1535 filiis
1093 1502 1136 1536 de
1170 1503 1293 1536 Carrio
1323 1508 1357 1536 et
1386 1503 1428 1536 de
1457 1502 1656 1549 Cunigham

176 1556 331 1591 Decanis
359 1563 394 1592 et
425 1557 595 1603 Magistro
621 1556 791 1592 scolarum
823 1558 865 1591 de
900 1558 984 1598 Are,
1017 1557 1238 1604 Glal'guenfis
1265 1557 1417 1598 diocefis,
1449 1558 1594 1593 ialutem
1623 1565 1658 1594 et

176 1613 395 1659 apostolicam
431 1613 726 1648 benedictionem.
788 1613 1012 1648 Dilectorum
1041 1614 1193 1648 filiorum
1224 1614 1372 1648 Abbatis
1403 1620 1437 1648 et
1464 1621 1658 1649 conventus

178 1669 372 1703 monasterii
405 1670 447 1704 de
476 1668 632 1710 Paffelet,
663 1669 900 1704 Cluniacenfis
918 1671 1060 1710 ordinis,
1080 1671 1240 1717 precibus
1259 1671 1425 1711 inclinati,
1446 1670 1657 1718 presentium

177 1725 274 1760 vobis
293 1726 504 1760 anctoritate
523 1727 739 1767 mandamns,
759 1727 922 1773 quatinus
952 1740 990 1761 ea
1017 1740 1084 1773 que
1104 1728 1146 1761 de
1165 1727 1263 1761 bonis
1290 1727 1442 1774 ejusdem
1462 1728 1659 1763 monasterii

177 1787 212 1816 et
230 1781 448 1816 ecclesiarum
468 1781 607 1817 suarum
627 1783 777 1817 alienata
795 1783 997 1817 inveneritis
1013 1783 1131 1817 illicite
1150 1790 1185 1817 et
1204 1783 1374 1824 distracta,
1396 1785 1510 1831 adjus
1528 1790 1563 1819 et
1580 1797 1659 1832 pro-

176 1839 360 1884 prietatem
380 1837 532 1885 ejusdem
562 1838 759 1873 monasterii
789 1844 824 1873 et
854 1837 1073 1873 ecclefiarum
1104 1838 1242 1873 suarum
1274 1840 1444 1886 legittime
1475 1841 1657 1881 revocetis,

178 1897 455 1930 contradie‘oeres
473 1909 536 1943 per
554 1896 732 1931 censuram
753 1896 1022 1937 ecclesiasticam,
1043 1897 1277 1944 appellatione
1296 1897 1487 1946 postpofita‚
1509 1898 1659 1946 compes-

177 1957 295 1986 centes
311 1965 319 1986 :
352 1953 446 1998 quod
464 1951 487 1986 fi
506 1966 578 1987 non
597 1966 719 1988 omnes
732 1954 796 1987 hiis
808 1954 1021 1999 exequendis
1035 1955 1218 2001 potueritis
1238 1952 1408 1994 intereflb,
1426 1955 1496 1989 duo
1510 1955 1659 1989 vestrum

178 2021 218 2042 ea
235 2008 483 2042 nichilominus
510 2015 739 2055 exequantur.
793 2009 928 2044 Datum
949 2010 1081 2057 Spoleti
1108 2010 1153 2057 vj.
1183 2010 1268 2044 Idus
1293 2010 1403 2051 Junfi,
1436 2011 1660 2058 pontificatus

178 2063 283 2098 nostri
301 2077 393 2098 anno
412 2063 519 2099 sexto.
574 2065 665 2099 Cum
685 2078 780 2112 ergo,
813 2066 916 2113 hujus
933 2068 1144 2102 au6’writate
1172 2069 1336 2109 mandati,
1366 2069 1451 2104 dieti
1482 2069 1598 2102 Abbas
1625 2074 1660 2103 et

178 2127 372 2155 conventus
390 2121 433 2155 de
453 2119 600 2156 Paffelet
620 2121 841 2169 Duugallum
860 2124 972 2158 fillum
992 2124 1131 2159 Cristini
1150 2125 1326 2171 quondam
1340 2125 1468 2171 judicis
1487 2125 1529 2159 de
1549 2124 1660 2159 Leve-

179 2189 249 2210 nax
266 2190 382 2211 coram
401 2177 502 2211 nobis
532 2178 567 2211 in
592 2178 728 2224 judicio
747 2178 997 2221 convenissent,
1017 2180 1119 2228 super
1137 2181 1284 2227 quadam
1306 2187 1401 2215 terra
1417 2194 1520 2227 quam
1540 2181 1661 2215 habuit

179 2245 222 2266 ex
240 2233 401 2267 orientali
420 2240 518 2280 parte
537 2233 677 2269 ecclefie
709 2235 752 2270 de
781 2235 980 2283 Kylpatrik,
1011 2243 1046 2271 et
1075 2236 1178 2284 super
1196 2238 1344 2284 quadam
1364 2237 1432 2271 alia
1448 2244 1543 2272 terra
1559 2236 1661 2284 super

179 2300 318 2322 amnem
336 2289 378 2323 de
398 2289 490 2324 Clud
508 2303 576 2336 que
596 2290 791 2326 Cultbuthe
821 2299 1057 2340 nuncupatur,
1090 2307 1174 2340 quas
1200 2294 1339 2340 quidem
1358 2300 1469 2328 terras
1487 2294 1571 2328 (116ὶί
1590 2307 1662 2328 mo-

180 2344 279 2378 nachi
299 2344 459 2380 dicebaut
476 2346 519 2380 ab
538 2345 679 2381 ecclefia
709 2347 753 2382 de
786 2347 974 2395 Kylpatrik
992 2350 1028 2384 in
1047 2349 1157 2397 ipsum
1184 2356 1218 2384 et
1247 2350 1282 2384 in
1311 2348 1567 2396 predecessores
1583 2348 1663 2385 suos
