1839 2652
713 249 785 284 DE
812 248 1083 284 PASSELET.
1571 256 1638 288 151

157 346 356 396 pendentiis
386 351 422 381 et
452 345 608 386 annexis,
636 357 675 380 ac
704 346 801 379 omni
825 345 900 392 juri
919 351 954 380 et
977 346 1068 393 juris
1086 345 1220 380 clameo
1239 358 1279 380 ac
1296 345 1458 382 intereffe
1476 360 1544 394 que
1569 348 1639 395 ipse

157 404 338 441 Johannes
355 401 487 443 habuit,
507 401 612 436 habet
629 400 688 436 seu
706 401 833 436 habere
854 401 985 449 poterit
1002 401 1040 435 in
1057 400 1228 441 futurum,
1242 401 1278 435 in
1297 407 1332 436 et
1344 402 1388 436 ad
1399 402 1459 450 jus
1476 407 1638 450 patrona-

158 466 214 495 tus
230 458 418 507 prescripte
436 457 576 493 ecclefie
595 458 715 492 Sanfiffi
735 457 871 498 Finani,
901 456 995 492 ceffit
1012 462 1048 492 et
1066 458 1283 492 renuntiavit
1303 458 1563 506 imperpetuum
1580 472 1639 507 pe-

157 516 252 550 nitus
270 521 305 550 et
322 514 467 549 omnino
484 528 493 557 ;
522 519 557 548 et
574 513 598 548 fi
614 513 698 559 quid
710 513 801 560 juris
817 512 877 547 fibi
894 513 917 549 J
920 514 1050 548 ohanni
1067 519 1128 548 aut
1145 512 1213 548 suis
1231 514 1417 549 heredibus
1443 520 1478 549 et
1495 515 1638 562 posteris

158 573 203 607 ad
215 573 250 607 id
263 571 442 619 competiit
454 569 514 611 seu
531 575 731 617 competere
748 569 879 616 poterit
896 570 933 604 in
950 569 1119 610 futurum,
1136 570 1172 604 in
1183 569 1392 617 prescriptos
1411 570 1589 605 Abbatem
1603 576 1639 606 et

159 633 373 663 conventum
385 640 405 661 a
416 626 449 661 se
465 625 650 666 transtulit,
667 625 811 659 donavit
829 630 865 659 et
882 624 1044 660 conceflit
1060 639 1068 660 :
1089 630 1124 660 et
1141 632 1303 673 preterea
1317 626 1386 673 ipse
1404 627 1495 661 idem
1507 627 1640 662 Johan-

159 697 220 719 nes
239 682 438 718 Lawmund
456 694 577 716 omnes
596 686 631 715 et
649 680 799 726 fingulas
818 686 940 721 cartas,
961 681 1106 721 litteras,
1136 682 1340 722 evidentias,
1370 682 1577 718 donationes
1605 688 1639 718 et

159 739 453 778 confirmationes,
479 742 520 772 ut
548 736 766 784 premittitur
790 736 933 783 prefatis
962 737 1112 771 dominis
1132 737 1264 771 Abbati
1295 743 1329 772 et
1359 740 1550 773 conventui
1576 752 1640 786 per

159 795 237 830 suos
254 792 482 829 anteceffores
497 798 532 827 et
545 792 799 840 progenitores,
816 791 992 827 occafione
1004 791 1247 839 premissorum
1262 798 1296 828 et
1310 792 1412 841 super
1425 794 1519 829 dieta
1532 796 1641 831 eccle-

159 849 214 891 fia,
235 851 341 890 datas,
361 849 480 890 fa&as,
495 853 530 883 et
544 846 728 888 concessas,
747 860 811 895 pro
826 847 859 882 se
878 854 913 883 et
929 848 997 883 suis
1016 848 1202 883 heredibus
1220 850 1436 896 approbavit,
1456 852 1641 887 ratificavit

160 912 194 941 et
212 905 443 941 confirmavit.
495 905 554 939 De
580 904 705 950 quibus
734 904 896 938 omnibus
927 910 962 939 et
991 903 1132 950 fingulis
1160 905 1352 951 prelibatus
1370 906 1579 941 venerabilis
1604 908 1641 941 in

160 961 296 997 Christo
314 967 414 1008 pater
435 961 614 996 Henricus
632 960 735 995 abbas
753 961 853 1007 petiit
871 974 891 995 a
908 960 1008 995 nobis
1022 960 1166 994 notariis
1180 961 1328 1007 publicis
1342 961 1565 1009 infrascriptis
1582 962 1641 997 fibi

158 1018 245 1058 fieri,
274 1023 309 1052 et
325 1017 386 1052 suo
406 1017 598 1052 conventui
616 1023 651 1052 et
668 1015 915 1052 succefforibus
932 1016 1011 1057 suis,
1032 1016 1211 1063 publicum
1231 1023 1265 1051 et
1279 1017 1419 1064 publica
1436 1017 1643 1053 instrumen-

158 1081 233 1108 tum
252 1079 286 1108 et
305 1073 545 1108 instrumenta.
598 1073 696 1108 Acta
713 1079 814 1108 erant
831 1073 896 1108 hec
923 1073 960 1106 in
986 1071 1127 1107 00010113
1157 1073 1342 1120 capitulari
1373 1073 1571 1108 monasterii
1597 1075 1640 1109 de

161 1128 341 1170 Paffeleto,
362 1142 466 1170 anno,
488 1128 616 1169 mense,
637 1129 704 1170 die,
732 1129 927 1163 indictione
957 1134 992 1163 et
1020 1129 1228 1175 pontificatu
1258 1129 1383 1176 quibus
1411 1129 1536 1177 supra3
1565 1144 1642 1178 pre-

158 1186 310 1222 sentibus
327 1187 456 1220 ibidem
486 1185 754 1226 venerabilibus,
787 1185 973 1225 nobilibus,
1006 1191 1041 1219 et
1069 1184 1328 1232 circumspedifis
1356 1187 1449 1228 viris,
1480 1187 1642 1234 dompnis

160 1243 320 1279 Roberto
338 1243 466 1290 priore,
499 1243 645 1277 Andrea
662 1241 852 1289 subpriore,
880 1240 1088 1287 singulisque
1115 1241 1189 1275 aliis
1220 1241 1454 1277 confratribus
1483 1242 1551 1278 suis
1569 1256 1643 1278 mo-

158 1299 277 1333 nachis
312 1299 399 1333 dieti
432 1297 631 1332 monasterii
666 1297 709 1332 de
751 1295 932 1337 Paffeleto,
964 1296 1098 1334 Jacobo
1132 1296 1369 1344 Hammylton
1397 1299 1440 1333 de
1470 1298 1639 1339 Torrens,

160 1355 319 1401 Georgio
339 1353 469 1389 XValess
487 1355 530 1389 de
550 1353 706 1401 Elyrisse‚
725 1353 749 1389 J
751 1354 890 1388 ohanne
911 1353 1021 1387 Knok
1039 1353 1082 1387 de
1113 1354 1249 1392 eodem,
1268 1353 1292 1389 J
1295 1354 1434 1389 ohanne
1457 1354 1642 1402 Hammyl-

159 1417 222 1446 ton
240 1411 283 1445 de
304 1410 572 1457 Kyngissialche‚
592 1409 726 1445 Jacobo
747 1409 914 1456 Campbel
929 1409 1002 1443 filio
1021 1414 1056 1443 et
1073 1415 1264 1456 apparente
1282 1410 1412 1444 herede
1431 1410 1564 1444 domini
1581 1410 1604 1446 J
1607 1424 1642 1445 o-

160 1467 283 1503 hannis
302 1466 451 1501 Canbell
471 1466 604 1499 domini
623 1466 666 1500 de
686 1465 861 1506 Lowdon,
881 1465 904 1501 J
907 1465 1045 1499 ohanne
1065 1465 1224 1512 Sympill‚
1257 1465 1409 1500 Patricio
1428 1465 1641 1507 Lawmund,

160 1522 338 1556 Duncano
370 1521 570 1556 Lawmund
600 1521 707 1556 fratre
742 1521 827 1555 dicti
856 1521 879 1557 J
883 1521 1030 1555 ohannis
1049 1520 1260 1562 Lawmund,
1292 1527 1327 1556 et
1357 1521 1537 1556 Duncano
1566 1522 1644 1557 Gil-

160 1579 260 1619 berti,
287 1577 468 1618 scutiferis,
502 1577 644 1613 testibus
662 1578 707 1612 ad
736 1575 907 1625 premiffa,
936 1589 1016 1611 cum
1033 1576 1155 1611 multis
1172 1576 1259 1618 aliis,
1291 1578 1424 1612 vocatis
1441 1578 1642 1625 pariterque

161 1647 200 1670 ac
217 1633 396 1681 requifitis,

258 1696 294 1726 et
322 1703 379 1725 me
407 1690 431 1726 J
433 1690 571 1725 ohanne
604 1689 815 1736 Miryngton
845 1688 1035 1736 presbitero
1065 1688 1288 1736 Glasguenfis
1319 1688 1470 1731 diocefis,
1502 1690 1643 1737 publico

257 1747 469 1782 auctoritate
487 1745 659 1793 imperiali
675 1745 825 1786 notari0‚
853 1746 912 1791 qui
929 1743 1096 1793 premiffis
1117 1745 1203 1793 juri,
1235 1746 1288 1781 liti
1314 1752 1350 1782 et
1375 1746 1485 1787 cause,
1506 1745 1644 1781 ceffioni

257 1808 293 1838 et
304 1803 571 1843 renunciationi,
585 1802 778 1842 donationi,
788 1800 1006 1842 comestioni,
1021 1807 1056 1836 et
1061 1801 1152 1849 juris
1165 1801 1597 1844 transsationi‚litterarum
1610 1808 1645 1837 et

258 1865 432 1894 cartarum
446 1858 669 1893 ratificationi
683 1857 856 1899 omnibus,
877 1863 912 1892 et
929 1857 1070 1904 aliilque
1088 1856 1240 1904 singulis,
1262 1859 1345 1893 dum
1364 1858 1407 1894 110
1420 1864 1460 1893 ut
1474 1859 1644 1906 premitti-

259 1920 317 1950 tur
331 1920 522 1961 agerentur
540 1919 575 1949 et
592 1914 730 1954 fierent,
750 1926 822 1948 una
840 1926 920 1947 cum
934 1914 1072 1947 notario
1086 1912 1305 1961 infrascripto
1323 1914 1642 1962 prenominatifilue

259 1970 399 2005 testibus
416 1969 555 2017 presens
573 1969 727 2010 interfui,
758 1982 866 2015 eaque
884 1968 928 2003 fic
945 1969 1022 2004 fieri
1039 1970 1111 2005 vidi
1130 1975 1165 2004 et
1182 1970 1300 2005 audivi
1318 1976 1353 2004 et
1370 1971 1406 2004 in
1425 1976 1550 2004 notum
1568 1970 1644 2016 cepi

259 2037 303 2060 ex
320 2038 389 2071 qua
405 2026 473 2060 hoc
489 2024 629 2072 presens
646 2025 825 2072 publicum
853 2025 1121 2061 instrumentum
1140 2027 1285 2068 confeci,
1313 2025 1437 2074 scripsi,
1468 2026 1644 2074 publicavi

260 2087 294 2115 et
311 2081 349 2114 in
365 2081 455 2115 hanc
472 2081 647 2127 publicam
664 2081 813 2115 formam
831 2081 962 2128 redegi,
982 2081 1147 2128 fignoque
1164 2081 1412 2129 subscriptione
1440 2088 1475 2117 et
1500 2082 1643 2117 nomine

259 2136 345 2170 meis
363 2135 534 2171 consuetis
552 2135 682 2183 fignavi
700 2137 736 2171 in
754 2137 860 2172 fidem
877 2136 1131 2184 premissorum,
1152 2135 1342 2182 requifitus.

262 2192 310 2226 Et
328 2192 421 2226 enim
438 2192 521 2237 quia
539 2204 604 2237 ego
622 2191 774 2227 Jacobus
793 2192 990 2227 Lermonth
1020 2192 1170 2227 vicarius
1188 2192 1231 2226 de
1251 2192 1422 2228 Renfrew
1448 2193 1643 2240 Glasguen-

261 2246 300 2281 fis
318 2245 469 2287 diocefis,
500 2247 670 2294 imperiali
687 2248 897 2283 auctoritate
914 2248 1073 2295 publicus
1091 2248 1258 2288 notarius,
1289 2247 1455 2295 premiffis
1481 2250 1643 2285 omnibus

262 2309 296 2337 et
314 2302 455 2349 singulis
481 2302 566 2337 dum
584 2307 623 2337 ut
639 2303 854 2349 premittitur
883 2309 1083 2349 agerentur,
1111 2303 1312 2339 dicerentur
1342 2311 1377 2340 et
1406 2306 1542 2348 fierent,
1572 2320 1643 2342 11113
