1839 2652
188 295 258 327 180
582 285 897 323 REGISTRUM
924 283 1264 320 MONASTERII

189 395 223 423 et
241 385 430 422 conventui
449 389 571 418 contra
589 384 687 418 dotes
706 388 740 418 et
759 394 880 417 omnes
897 382 1057 415 homines
1088 386 1122 414 et
1150 380 1295 414 feminas
1312 380 1571 427 imperpetuum
1590 394 1668 418 var.

190 442 415 479 antizabimus
442 446 477 474 et
505 440 743 474 defendemus.
797 438 841 472 In
872 438 970 484 cujus
999 437 1048 470 rei
1077 435 1326 476 testimonium,
1355 435 1514 483 presente
1540 437 1668 472 herede

189 512 267 534 meo
286 504 321 532 et
340 496 588 536 consentiente,
617 501 651 529 et
670 496 712 529 de
731 493 897 529 consensu
919 492 1077 527 Matildis
1095 492 1215 526 uxoris
1241 504 1330 532 mee,
1360 492 1438 538 Ego
1468 492 1669 538 Duugallus

190 554 336 601 sigillum
372 565 489 587 meum
524 550 666 598 apposui
695 551 776 585 huic
807 549 945 597 scripto.
998 548 1168 588 Testibus,
1209 548 1353 582 domino
1392 548 1532 582 Thema
1563 548 1666 589 Croc,

190 609 349 657 magistro
366 608 522 643 Henrico
540 607 750 646 Hendbode,
768 606 910 640 domino
927 605 1092 640 VVilelmo
1105 604 1285 651 capellano
1299 605 1341 639 de
1358 603 1514 645 Pafl'elet,
1531 604 1671 638 Thoma

190 668 232 701 de
253 665 385 705 Polloc,
415 664 579 698 lVilelmo
598 663 640 697 de
668 662 850 702 Cathkert‚
881 661 999 696 Alano
1025 661 1098 695 filio
1127 660 1212 707 ejuS,
1241 660 1419 708 Stephano
1438 661 1510 695 filio
1542 660 1665 700 Thor',

192 722 356 757 'Wilelmo
377 720 505 761 BwreL
535 725 570 754 et
588 720 661 753 aliis
680 719 810 753 multis.

191 891 391 927 Conventio
410 890 501 924 faena
519 888 566 923 est
584 889 674 923 inter
694 887 870 922 Abbatem
889 892 923 921 et
941 891 1154 921 conventum
1175 885 1217 919 de
1238 883 1394 926 Paffelet,
1416 890 1450 919 et
1467 885 1490 921 J
1493 885 1668 920 ohannem

190 949 233 983 de
256 946 448 981 Wardroba
466 951 500 980 et
520 945 671 980 Mariam
688 943 844 991 sponsam
862 942 967 984 suam,
988 942 1089 989 super
1108 942 1210 976 certis
1227 942 1329 976 terris
1348 942 1390 976 de
1411 941 1587 976 Levenax.

191 1059 430 1098 OMNIBUS
450 1058 575 1093 Christi
592 1057 751 1092 fidelibus
781 1055 920 1103 presens
937 1055 1101 1102 scriptum
1119 1053 1241 1088 visuris
1267 1053 1322 1088 vel
1348 1053 1518 1088 audituris
1536 1053 1667 1089 Johan-

190 1129 252 1151 nes
270 1116 312 1150 de
334 1115 528 1149 lVardroba
556 1120 588 1148 et
618 1113 736 1148 Maria
752 1111 873 1159 sponsa
899 1110 958 1146 sua
983 1111 1127 1145 salutem
1158 1110 1194 1144 in
1226 1110 1384 1144 Domino
1410 1109 1667 1157 sempiternam.

191 1172 342 1207 Noverit
359 1169 560 1205 universitas
579 1169 688 1203 vestra
705 1169 799 1214 quod
826 1181 889 1202 nos
918 1180 979 1214 per
1009 1167 1142 1201 litteras
1168 1166 1280 1211 regias
1307 1166 1444 1200 trahere
1471 1166 1615 1200 fecimus
1633 1166 1668 1199 in

191 1230 287 1263 litem
309 1228 482 1261 Abbatem
502 1231 536 1261 et
553 1230 767 1260 conventum
786 1224 829 1258 de
851 1221 1007 1263 Passelet‚
1028 1235 1145 1257 coram
1168 1221 1359 1255 Malcolmo
1378 1222 1505 1256 comite
1531 1221 1574 1255 de
1603 1221 1668 1255 Le-

192 1299 305 1321 venax
324 1291 358 1319 et
376 1284 510 1318 ballivis
528 1282 593 1317 suis
612 1283 648 1316 in
667 1282 764 1316 curia
781 1281 851 1321 sua,
871 1280 973 1327 super
992 1279 1093 1313 terris
1105 1279 1148 1312 de
1161 1277 1395 1317 Cocmanach,
1418 1276 1666 1324 Edynbernan,

191 1341 427 1381 Fimbalauch,
449 1340 601 1379 Backan,
622 1344 656 1372 et
675 1338 717 1372 de
738 1337 961 1376 Druncreue,
982 1348 1065 1381 quas
1077 1335 1219 1368 nomine
1235 1340 1268 1368 et
1281 1333 1362 1379 jure
1383 1333 1543 1380 Dufgalli
1560 1345 1669 1379 quon-

191 1399 268 1432 dam
288 1397 435 1431 rectoris
453 1394 591 1430 ecclesie
610 1395 652 1428 de
674 1393 860 1440 Kylpatrik
879 1392 1138 1426 vendicavimus
1155 1403 1162 1424 :
1192 1389 1358 1437 predictis
1378 1389 1517 1423 Abbate
1536 1395 1570 1424 et
1588 1401 1669 1423 con-

190 1460 299 1490 ventu
317 1453 526 1487 sufficienter
544 1449 836 1497 comparentibus,
858 1447 1083 1482 ostenderunt
1109 1446 1255 1492 quedam
1281 1445 1506 1479 instrumenta
1525 1444 1617 1479 bona
1634 1451 1668 1479 et

190 1510 361 1557 legittima
378 1515 449 1543 tam
479 1521 523 1542 ex
552 1513 650 1554 parte
668 1505 817 1553 prediffi
845 1504 1005 1550 Dufgalli
1035 1516 1138 1549 quam
1172 1502 1315 1548 Alwyni
1342 1502 1447 1548 patris
1473 1500 1534 1541 sui,
1567 1500 1668 1548 super

191 1566 357 1614 predictis
375 1564 476 1599 terris
495 1563 665 1602 confefim,
695 1574 758 1608 per
783 1573 851 1606 que.
876 1566 947 1594 tam
975 1559 1074 1593 nobis
1092 1572 1195 1605 quam
1213 1559 1276 1592 toti
1297 1558 1392 1592 curie
1411 1557 1569 1604 predicte
1587 1570 1668 1591 con-

192 1622 298 1657 stabat
316 1621 490 1668 predictas
508 1625 617 1653 terras
632 1616 698 1652 effe
713 1622 748 1651 et
762 1615 858 1650 suiffe
878 1616 920 1649 de
932 1616 1025 1662 jure,
1039 1615 1252 1662 proprietate
1265 1619 1300 1648 et
1314 1611 1514 1660 poffelfione
1529 1612 1667 1647 ecclesie

191 1677 399 1726 supradiGte,
419 1689 439 1710 a
455 1682 613 1722 tempore
631 1687 651 1707 a
668 1686 737 1719 quo
755 1685 829 1706 non
847 1677 942 1706 extat
960 1671 1128 1705 memoria
1143 1685 1152 1712 3
1180 1670 1274 1704 unde
1292 1669 1395 1716 plene
1414 1668 1667 1703 confitebamur

191 1737 227 1770 in
249 1734 385 1781 judicio
411 1738 446 1767 et
473 1732 691 1769 confitemur,
724 1729 818 1775 quod
844 1728 950 1762 nichil
973 1728 1053 1775 jure
1073 1726 1172 1760 nobis
1197 1725 1253 1760 vel
1280 1725 1465 1760 heredibus
1490 1724 1613 1760 nostris
1631 1727 1667 1760 in

192 1791 359 1839 predictis
377 1789 479 1824 terris
497 1787 687 1834 competiit,
701 1785 868 1831 competit
886 1784 943 1818 {eu
958 1789 1156 1830 competere
1170 1782 1299 1829 poterit
1311 1780 1544 1828 imposterum,
1564 1794 1666 1828 prop-

191 1855 245 1883 ter
263 1847 357 1893 quod
375 1858 439 1879 nos
457 1851 491 1879 et
508 1843 653 1878 heredes
671 1841 776 1876 nostri
800 1840 891 1888 juste
909 1846 943 1874 et
960 1852 1045 1874 vero
1067 1839 1202 1886 judicio
1228 1838 1270 1872 de
1296 1837 1548 1884 prenominatis
1565 1838 1667 1871 terris

190 1908 227 1940 in
245 1904 360 1939 nostra
376 1901 548 1950 presentia
564 1899 750 1947 abjudicati
767 1898 906 1938 fuimus,
935 1896 1062 1935 sumuS‚
1095 1900 1129 1929 et
1157 1892 1222 1929 effe
1248 1893 1471 1928 concedimus
1496 1893 1667 1940 imperpe-

191 1967 310 1995 tuum:
330 1971 436 2006 quare
451 1957 612 1992 volumus
627 1956 705 2002 [et]
720 1968 784 2001 pro
796 1954 895 1988 nobis
910 1958 943 1987 et
957 1951 1113 1998 quolibet
1125 1950 1278 1984 nostrum
1293 1963 1332 1984 ae
1346 1948 1532 1983 heredibus
1543 1948 1666 1983 nostris

191 2023 224 2051 et
242 2015 399 2062 quolibet
417 2013 567 2061 ipsorum
586 2011 819 2050 concedimus,
847 2009 941 2055 quod
959 2007 1107 2055 predi6³ci
1126 2006 1245 2040 Abbas
1272 2011 1306 2039 et
1333 2010 1526 2039 conventus
1544 2017 1666 2039 omnes

191 2078 226 2107 et
242 2071 391 2117 singulas
408 2076 518 2104 terras
535 2068 709 2115 predictas
727 2079 805 2101 cum
824 2064 985 2099 omnibus
1001 2063 1220 2110 pertinentiis
1246 2060 1312 2095 suis
1337 2060 1407 2095 fine
1433 2060 1549 2106 aliquo
1577 2066 1665 2095 rete-

192 2134 359 2163 nemento
391 2126 550 2165 habeant,
582 2128 726 2158 teneant
744 2128 779 2157 et
795 2120 987 2169 poffideant
1013 2119 1279 2165 imperpetuum,
1308 2117 1449 2164 pacifice
1475 2122 1510 2151 et
1535 2116 1662 2162 quiete,

193 2183 262 2218 fine
281 2183 375 2217 omni
394 2181 601 2228 calumpnia,
621 2178 823 2225 gravamine
841 2183 876 2212 et
893 2175 1155 2224 perturbatione
1173 2187 1217 2208 ex
1234 2180 1332 2220 parte
1362 2172 1477 2207 nostra
1494 2172 1549 2206 vel
1568 2172 1664 2207 here-

195 2241 277 2273 dum
296 2238 502 2277 nostrorum,
522 2235 579 2270 seu
598 2235 743 2282 alicujus
760 2233 902 2268 alterius
920 2231 1062 2265 nomine
1079 2229 1207 2264 nostro,
1260 2229 1307 2263 Et
1327 2228 1608 2263 renunciavimus
1624 2240 1663 2262 ac

194 2294 438 2329 renunciamus
457 2290 609 2339 expreffe
635 2291 672 2324 in
698 2291 764 2324 hoc
781 2289 886 2329 faeto,
914 2300 979 2335 pro
997 2287 1096 2321 nobis
1115 2293 1149 2320 et
1166 2285 1322 2332 quolibet
1339 2284 1493 2319 nostrum
1510 2296 1550 2318 ac
1567 2283 1664 2317 here-

195 2350 294 2385 dibus
312 2348 433 2383 nostris
450 2354 485 2383 et
501 2347 657 2394 quolibet
674 2345 837 2393 ipsorum,
858 2344 952 2379 omni
966 2343 1050 2391 juri,
1070 2342 1093 2377 fi
1111 2342 1205 2389 quod
1223 2341 1405 2376 habuimus
1421 2339 1479 2374 {eu
1498 2338 1663 2373 habemus
