1839 2652
186 299 255 329 ⁶244
578 291 891 327 REGISTRUM
921 290 1261 326 MONASTERII

187 391 309 425 debitis
326 401 398 423 non
415 388 622 422 fraudentur
641 386 824 433 obsequiis,
854 392 889 422 et
907 387 1103 421 animarum
1122 399 1206 421 cura
1224 387 1261 420 in
1280 386 1374 420 dicta
1391 386 1529 422 ecclefia
1547 388 1658 423 nulla-

188 454 288 481 tenus
306 446 514 491 negligatur.
568 444 612 478 In
630 457 780 490 quorum
799 445 957 478 omnium
975 442 1208 477 testimonium
1228 441 1404 489 presentes
1429 442 1561 478 litteras
1578 445 1659 478 rati-

187 502 394 541 ficationem,
415 500 700 547 approbationem
719 505 754 534 et
772 499 1073 534 confirmationem
1094 499 1314 533 continentes
1326 498 1533 545 hujusmodi,
1549 499 1659 546 figillo

185 557 287 591 officii
306 556 411 590 nostri
429 556 558 590 muniri
577 556 732 595 fecimus,
753 568 891 589 necnon
911 555 954 589 ad
973 555 1139 601 majorem
1160 554 1495 596 corroborationem,
1512 554 1606 602 figno
1625 563 1659 590 et

184 612 430 659 subscriptione
444 611 594 658 magistri
610 612 729 646 Dauid
746 611 788 645 de
802 611 989 658 Styrvelyn
1003 611 1131 645 notarii
1144 610 1275 657 publici
1289 616 1374 644 tunc
1388 610 1567 657 presentis,
1582 624 1658 658 pre-

184 669 255 703 fato
268 668 410 702 domino
424 667 562 702 Abbate
577 668 681 702 etiam
696 668 740 701 ad
754 668 820 702 hoc
832 667 978 701 instante
993 667 1220 714 personaliter
1233 665 1436 713 consignari.
1475 667 1609 702 Datum
1624 674 1659 703 et

183 725 301 759 actum
320 725 355 758 in
375 724 480 758 domo
499 723 680 770 capitulari
691 723 887 758 monasterii
903 724 946 758 de
965 721 1134 757 Paffeleto
1147 723 1307 770 predififfi,
1323 722 1483 757 vicelimo
1494 723 1590 758 sexto
1603 725 1657 759 die

182 779 304 815 meniis
324 780 457 828 Aprilis
474 793 567 814 anno
586 780 734 815 Domini
751 778 931 815 millefimo
949 777 1203 814 trescentefimo
1222 778 1434 826 octogesimo
1452 779 1607 827 septimo.

181 947 287 982 Carta
305 949 347 983 de
367 948 597 995 Langlebank
615 950 651 983 in
670 949 855 997 parrochia
873 949 915 983 de
936 946 1092 995 Largyss'.

179 1059 418 1095 OMNIBUS
450 1060 574 1095 Christi
603 1061 762 1095 fidelibus
792 1061 858 1095 hoc
888 1060 1027 1107 presens
1056 1059 1220 1107 scriptum
1247 1059 1369 1094 visuris
1398 1060 1455 1095 vel
1484 1061 1655 1095 audituris

177 1114 357 1150 Johannes
376 1117 418 1150 de
439 1116 569 1151 Kelsou
589 1118 680 1151 filius
699 1118 830 1151 domini
850 1117 892 1151 de
913 1116 1129 1151 Kelsouland
1148 1115 1292 1150 [alutem
1306 1117 1342 1150 in
1357 1117 1527 1151 Domino.
1580 1117 1654 1151 No-

176 1172 267 1206 verit
284 1172 486 1207 universitas
504 1173 614 1207 vestra
631 1186 698 1213 me,
719 1173 835 1207 divine
854 1173 1005 1207 caritatis
1023 1173 1164 1213 intuitu,
1185 1178 1219 1207 et
1237 1185 1301 1219 pro
1318 1172 1427 1207 salute
1445 1173 1559 1207 anime
1577 1186 1653 1207 mee

176 1233 210 1261 et
228 1227 421 1262 animarum
442 1230 597 1263 omnium
617 1227 869 1263 antecessorum
890 1241 1049 1263 meorum
1078 1234 1112 1262 et
1140 1227 1382 1269 succefforum,
1413 1242 1456 1263 ex
1486 1228 1652 1264 consensu

174 1290 209 1318 et
227 1283 356 1319 affensu
376 1285 549 1321 ,Iohannis
569 1286 611 1320 de
633 1286 764 1320 Kelsou
780 1286 887 1333 patris
902 1286 980 1325 mei,
1002 1283 1140 1325 dedifl'e,
1161 1283 1355 1319 concessiffe
1370 1291 1404 1319 et
1418 1285 1485 1320 hoc
1502 1285 1651 1332 presenti

173 1340 299 1387 scripto
330 1354 408 1376 meo
440 1340 655 1376 confirmaffe
687 1342 768 1376 Deo
800 1342 1044 1388 omnipotenti,
1074 1341 1223 1387 gloriose
1242 1341 1382 1388 Virgini
1414 1341 1530 1377 Marie
1549 1344 1652 1377 matri

172 1396 257 1442 ejuS,
278 1396 415 1431 Sanctis
432 1397 565 1433 ,Iacobo
584 1404 619 1433 et
639 1398 774 1433 Mirino
794 1398 836 1432 de
857 1395 1037 1438 Pafl'elet0,
1071 1404 1105 1432 et
1133 1398 1311 1432 monachis
1338 1398 1466 1433 ibidem
1485 1399 1566 1434 Deo
1584 1399 1650 1434 ser-

171 1454 346 1489 vientibus
364 1462 398 1490 et
417 1456 675 1503 imperpetuum
689 1456 877 1496 servituris,
898 1467 1002 1490 omne
1014 1454 1073 1501 jus
1091 1460 1126 1488 et
1144 1454 1326 1494 clameum,
1345 1455 1595 1502 proprietatem
1616 1461 1651 1490 et

172 1509 363 1544 dominium
384 1525 450 1558 que
469 1513 564 1553 mihi,
585 1514 669 1547 meis
687 1510 956 1547 anteeefforibus
975 1516 1009 1545 et
1026 1509 1271 1544 succefforibus
1289 1511 1333 1545 de
1345 1510 1428 1557 jure
1442 1511 1498 1546 vel
1510 1511 1553 1546 de
1568 1524 1649 1546 con-

170 1565 352 1601 suetudine
386 1574 602 1615 competunt,
635 1569 893 1615 competierunt
910 1567 967 1601 vel
986 1572 1184 1613 competere
1203 1565 1342 1614 poffunt
1360 1568 1396 1601 in
1414 1567 1583 1609 futurum,
1612 1568 1646 1602 in

169 1622 317 1667 quadam
337 1624 499 1670 portione
518 1630 611 1659 terre
630 1638 708 1659 cum
728 1623 947 1671 pertinentiis
965 1636 1032 1669 que
1051 1623 1242 1669 vulgariter
1265 1623 1495 1669 Langlebank
1513 1636 1647 1658 nuncu-

168 1684 272 1724 patur
290 1682 395 1725 [que]
417 1680 512 1727 jacet
542 1681 578 1714 in
605 1681 749 1714 baronia
767 1681 810 1714 de
841 1680 1039 1726 Cunigham
1066 1680 1156 1713 infra
1173 1680 1453 1714 vicecomitatum
1484 1680 1527 1715 de
1556 1681 1643 1722 Are,

166 1734 259 1768 inter
276 1741 405 1769 terram
425 1736 679 1771 ecclesiasticam
699 1735 836 1771 ecclefie
854 1736 1080 1784 parrochialis
1112 1737 1154 1770 de
1186 1735 1338 1783 Largyff
1361 1749 1403 1771 ex
1431 1743 1530 1783 parte
1556 1739 1645 1773 occi-

168 1790 299 1824 dentali
311 1797 403 1825 terre
419 1791 582 1838 ejusdem,
599 1798 633 1827 et
651 1799 780 1827 terram
804 1793 848 1827 de
866 1792 1083 1827 Kelsouland
1098 1806 1140 1827 ex
1154 1798 1253 1840 parte
1268 1793 1429 1827 orientali
1447 1799 1540 1828 terre
1559 1794 1644 1841 ejus-

169 1846 246 1879 dem
262 1859 270 1880 :
303 1846 509 1882 Tenendam
529 1855 563 1883 et
582 1849 775 1883 habendam
795 1849 925 1883 dictam
942 1855 1073 1884 terrani
1092 1862 1170 1884 cum
1190 1849 1421 1896 pertinentiis»,
1442 1849 1543 1883 dictis
1561 1851 1643 1884 viris

166 1901 330 1948 religiofis
349 1910 383 1938 et
402 1917 523 1939 eorum
550 1904 795 1940 successoribus
813 1906 856 1940 de
876 1908 969 1950 [me]
988 1911 1022 1939 et
1041 1905 1227 1939 heredibus
1257 1906 1341 1939 meis
1371 1906 1640 1953 imperpetuum,

164 1958 200 1991 in
219 1958 373 2000 liberam,
406 1973 527 2007 puram
549 1967 582 1996 et
599 1967 803 2009 perpetuam
823 1959 1054 2001 elemofinam,
1086 1974 1149 2008 per
1167 1973 1288 1995 omnes
1307 1960 1382 1995 suas
1400 1962 1513 1996 rectas
1531 1968 1641 1997 metas

165 2015 323 2060 antiquas
341 2021 375 2050 et
394 2016 527 2058 divisas,
548 2030 625 2052 cum
646 2018 806 2052 omnibus
824 2017 1139 2058 commoditatibus,
1160 2017 1377 2052 libertatibus
1389 2023 1424 2052 et
1437 2017 1641 2053 ailiamentis

163 2076 233 2104 tam
252 2083 325 2105 non
343 2074 530 2108 nominatis
548 2087 649 2120 quan]
669 2074 867 2115 nominatis,
888 2080 959 2108 tam
971 2073 1089 2107 subtus
1107 2079 1236 2108 terram
1254 2086 1357 2120 quam
1369 2073 1481 2121 supra,
1503 2075 1545 2108 de
1557 2075 1639 2121 jure

164 2127 220 2160 vel
235 2127 277 2161 de
296 2127 547 2165 consuetudine
561 2131 604 2164 ad
620 2131 748 2165 dictam
768 2137 896 2165 terram
914 2129 1153 2176 spectantibus
1164 2128 1222 2177 seu
1237 2128 1464 2176 quovismodo
1482 2129 1638 2177 spectare

164 2182 360 2217 valentibus
378 2185 413 2218 in
431 2185 600 2227 futurum,
621 2186 708 2221 adeo
727 2186 846 2226 libere,
866 2187 993 2232 quiete,
1025 2186 1193 2233 plenarie,
1226 2187 1363 2233 integre
1381 2192 1415 2220 et
1433 2186 1635 2227 honorifice,

166 2237 252 2272 benc
281 2245 315 2273 et
344 2241 377 2273 in
396 2254 480 2287 pace
499 2243 535 2276 in
553 2243 714 2277 omnibus
745 2248 780 2277 et
809 2256 871 2290 per
889 2243 1017 2283 onmia,
1045 2241 1130 2277 ficut
1147 2242 1263 2288 aliqua
1280 2241 1465 2277 elemosina
1495 2243 1530 2277 in
1560 2248 1636 2277 toto

163 2305 273 2338 regno
293 2296 407 2329 Scotie
426 2298 620 2344 cuicunque
638 2304 672 2332 et
690 2311 752 2345 per
770 2312 1012 2345 quemcunque
1031 2299 1144 2339 datur,
1173 2299 1388 2340 conceditur,
1419 2304 1560 2334 tenetur
1576 2298 1634 2334 seu

162 2347 360 2395 possidetur.
413 2351 457 2386 ln
488 2353 585 2400 cujus
612 2355 662 2389 rei
692 2354 925 2390 testimonium
953 2354 1101 2402 figillum
1129 2368 1246 2390 meum
1274 2355 1354 2390 huic
1386 2368 1465 2390 meo
1483 2354 1632 2402 presenti
