1839 2652
738 263 809 298 DE
841 263 1111 300 PASSELET.
1600 269 1669 308 169

182 415 321 451 Littera
338 417 665 465 condempnationis
683 416 779 452 miffa
796 418 940 452 domino
966 419 1041 465 regi
1073 419 1282 454 Alexandro
1311 426 1434 455 contra
1464 420 1668 456 Gilbertum

181 471 292 507 filium
311 472 493 514 Samuelis,
522 475 565 508 de
583 480 678 509 terra
696 473 1048 509 Monachkennaran.

183 585 680 622 EXCELLENTISSIMO
708 592 743 621 et
779 584 1064 621 reverendissimo
1095 587 1239 623 domino
1267 588 1328 623 suo
1359 589 1568 625 Alexandro
1596 590 1668 625 Dei

179 642 293 688 gratia
309 642 431 677 illustri
450 643 523 689 regi
543 643 670 682 Scotie,
690 641 741 676 sui
759 643 878 677 devoti
893 648 928 676 et
942 642 1063 677 fideles
1078 643 1121 677 de
1137 643 1260 679 Carrio
1275 651 1309 679 et
1322 645 1365 680 de
1379 645 1579 693 Cunigham
1595 646 1668 681 De-

180 698 258 732 cani
276 704 311 733 et
332 698 499 745 Magister
516 698 686 733 scolarum
707 699 750 732 de
770 699 857 739 Are,
878 698 1024 734 lalutem
1042 701 1079 734 in
1098 701 1223 736 eodem
1242 703 1302 748 qui
1329 704 1388 737 dat
1414 703 1560 739 salutem
1578 705 1668 752 regi-

180 755 254 789 bus.
308 755 459 790 Noverit
478 755 687 789 excellentia
704 754 814 789 vestra
840 768 904 790 nos
931 756 1137 791 mandatum
1156 758 1290 792 domini
1310 759 1405 806 Pape
1424 761 1459 794 in
1478 761 1542 795 hec
1561 761 1668 796 verba

178 810 379 858 suscepiffe;
409 811 721 847 GREGORIUS
748 810 928 859 episcopus
957 812 1077 847 servus
1105 812 1286 850 servorum
1319 816 1391 851 Dei
1422 817 1560 852 dilectis
1586 818 1666 852 filiis

179 868 222 902 de
242 868 365 902 Carrio
383 873 418 902 et
437 868 479 902 de
499 867 700 914 Cunigham
727 868 883 902 Decanis
913 874 948 903 et
978 868 1149 916 Magistro
1167 869 1341 906 scolarum
1373 873 1416 907 de
1445 874 1532 914 Are,
1566 874 1666 909 Glas-

177 923 323 970 gwenfis
342 923 494 964 diocefis,
514 922 659 958 salutem
678 929 714 958 et
739 924 961 971 apostolicam
980 925 1278 962 benedictionem.
1330 929 1559 965 Dilectorum
1578 931 1666 965 filio-

178 993 255 1014 rum
276 980 424 1014 Abbatis
443 986 478 1014 et
496 986 692 1015 conventus
721 981 764 1015 de
796 980 955 1022 Paffelet,
986 983 1224 1019 Cluniacenfis
1254 985 1399 1027 ordinis,
1426 987 1588 1034 precibus
1615 988 1666 1021 in-

177 1035 308 1077 clinati,
336 1035 549 1084 presentium
568 1037 666 1071 vobis
684 1037 896 1072 auctoritate
915 1040 1123 1075 mandamus
1141 1042 1305 1088 quatinus
1324 1056 1364 1077 ea
1391 1057 1459 1090 que
1491 1044 1533 1079 de
1565 1044 1665 1079 bonis

177 1092 331 1138 ejufflem
350 1092 548 1127 monasterii
567 1099 602 1127 et
620 1092 839 1128 eccleliarum
858 1093 997 1130 suarum
1026 1097 1177 1132 alienata
1196 1098 1401 1134 inveneritis
1419 1100 1540 1135 illicite
1558 1114 1597 1136 ac
1616 1102 1664 1135 di-

176 1148 312 1189 stracta,
341 1149 456 1196 adjus
476 1155 510 1183 et
527 1149 778 1196 proprietatem
811 1150 964 1198 ejusdem
995 1153 1192 1188 monasterii
1222 1160 1256 1189 et
1285 1155 1505 1191 ecclesiarum
1525 1156 1662 1193 suarum

177 1205 346 1251 legittime
365 1207 547 1247 revocetis,
568 1207 848 1241 contradictores
865 1221 928 1255 per
940 1209 1119 1244 censuram
1140 1210 1408 1254 eccleliaflicam,
1428 1214 1664 1261 appellatione

176 1261 369 1309 postpofita,
400 1262 658 1310 compescentes
674 1275 682 1297 :
711 1263 805 1309 quod
823 1263 847 1297 fi
864 1277 938 1298 non
956 1278 1079 1301 omnes
1097 1267 1162 1301 hiis
1180 1270 1393 1314 exequendis
1410 1271 1596 1317 potueritis
1614 1272 1664 1306 in-

176 1317 310 1359 tereffe,
331 1319 402 1353 duo
420 1319 571 1353 vestrum
590 1332 632 1354 ea
650 1319 900 1355 nichilominus
915 1328 1146 1368 exequantur.
1200 1324 1335 1359 Datum
1357 1326 1492 1373 Spoleti
1511 1327 1556 1375 vj,
1577 1327 1664 1362 Idus

176 1374 287 1415 Junii‚
308 1375 533 1422 pontificatus
559 1375 665 1410 nostri
692 1389 786 1410 anno
814 1375 922 1411 sexto.
977 1378 1097 1426 Hujus
1128 1380 1236 1427 igitur
1253 1383 1466 1418 auctoritate
1495 1385 1661 1426 mandati,

176 1444 255 1466 cum
275 1432 360 1467 dieti
381 1432 501 1467 Abbas
527 1438 562 1467 et
589 1438 785 1467 conventus
804 1432 1008 1468 Gilbertum
1027 1435 1137 1470 filiun]
1158 1437 1329 1473 Samuelis
1360 1440 1403 1474 de
1436 1440 1587 1476 Renfrw
1603 1441 1664 1475 lai-

175 1501 257 1523 cum
275 1502 393 1523 coram
413 1489 513 1523 nobis
530 1487 711 1523 traxiffent
730 1490 765 1523 in
785 1489 933 1531 caulam,
953 1489 1056 1538 super
1074 1498 1148 1527 tota
1166 1493 1225 1528 illa
1243 1500 1337 1530 terra
1356 1496 1398 1530 de
1419 1495 1664 1532 Monachken-

175 1557 285 1579 naran
303 1558 406 1591 quam
426 1546 463 1579 in
490 1546 658 1580 comitatu
686 1546 729 1580 de
759 1545 929 1580 Levenax
946 1552 1032 1582 tunc
1050 1549 1203 1590 tenebat,
1231 1564 1335 1597 qnam
1365 1553 1450 1587 dieti
1482 1553 1602 1587 Abbas
1629 1563 1664 1588 et

175 1608 370 1636 conventus
389 1602 550 1637 dicebant
569 1603 612 1636 ad
631 1601 807 1637 ecclesiam
827 1616 950 1637 eorum
982 1604 1025 1638 de
1046 1604 1235 1653 Kylpatrik
1254 1608 1392 1655 dejure
1411 1610 1600 1656 pertulere,
1629 1618 1663 1645 et

174 1658 211 1692 in
230 1659 382 1694 eundem
401 1659 606 1694 Gilbertum
625 1659 745 1694 illicite
763 1660 950 1694 alienatam
966 1675 974 1703 3
1004 1661 1172 1708 premiilis
1191 1664 1414 1700 citationibus
1441 1673 1475 1700 et
1507 1667 1595 1701 datis
1613 1668 1663 1701 in-

175 1715 285 1750 duciis
302 1716 493 1762 legittimis,
522 1715 598 1763 post
627 1717 861 1751 intentionem
891 1718 1144 1753 monachorum
1178 1720 1372 1763 fundatam,
1405 1728 1440 1756 et
1464 1722 1539 1770 post
1564 1723 1662 1758 litem

174 1772 266 1806 inter
285 1785 343 1807 eos
361 1773 428 1807 rite
446 1773 683 1813 contestatam,
704 1773 860 1820 partibus
889 1773 1117 1821 presentibus,
1147 1781 1181 1810 et
1204 1776 1344 1812 testibus
1363 1791 1406 1813 ex
1424 1786 1523 1826 parte
1542 1793 1661 1815 mona—

174 1827 320 1862 chorum
339 1829 532 1876 productis,
561 1828 710 1864 admiffis
737 1836 771 1863 et
800 1830 986 1877 diligenter
1005 1832 1233 1875 examinatis3
1264 1847 1343 1868 cuin
1364 1835 1456 1870 idem
1477 1836 1662 1871 Gilbertus

173 1884 288 1931 primo
307 1890 342 1919 et
359 1884 513 1920 secundo
531 1899 594 1933 per
612 1886 799 1920 intervalia
818 1887 988 1933 legittima
1006 1889 1132 1924 citatus
1162 1897 1201 1924 ut
1230 1891 1286 1925 die
1313 1893 1447 1939 prefixa
1464 1894 1507 1927 ad
1526 1894 1661 1929 attesta-

175 1941 288 1976 tiones
303 1941 529 1988 publicandas
541 1950 772 1989 comparere‘c,
787 1943 951 1990 quodjus
966 1945 1115 1980 dictaret
1133 1946 1301 1989 fastuum,
1322 1962 1385 1995 per
1404 1951 1659 1984 contumaciam

174 1996 207 2032 se
225 1996 439 2038 absentaffet,
467 1997 554 2045 ipsas
572 1998 807 2034 attestationes
826 2001 1074 2036 nichilominus
1092 2002 1345 2049 publicavimus
1372 2012 1407 2040 et
1435 2005 1657 2053 inspeximus,

175 2059 209 2088 et
228 2054 378 2088 eundem
412 2054 616 2089 Gilbertum
644 2056 772 2090 iterum
805 2069 848 2090 ex
878 2056 1095 2091 habundanti
1114 2059 1307 2100 citavimus,
1336 2074 1417 2107 quo,
1446 2075 1511 2096 nec
1536 2076 1600 2110 per
1624 2061 1659 2097 se

175 2122 240 2143 nec
255 2122 318 2156 per
336 2116 613 2155 procuratorem,
635 2111 678 2145 ad
697 2112 789 2145 diem
807 2112 972 2146 statutum
985 2120 1223 2161 comparente,
1239 2114 1297 2149 sed
1312 2117 1348 2150 in
1362 2119 1583 2153 contumacia
1599 2118 1660 2154 sua

174 2164 430 2212 perseverante,
464 2165 547 2206 Nos,
568 2167 604 2200 in
631 2168 774 2202 nomine
802 2168 949 2202 Domini
981 2169 1087 2203 nostri
1119 2170 1223 2205 Ihelu
1242 2171 1379 2214 Christi,
1408 2174 1518 2221 ipsum
1545 2174 1657 2210 solum

174 2221 342 2255 habentes
360 2233 422 2267 pre
441 2221 562 2262 oculiS,
590 2235 670 2256 cum
701 2223 801 2257 nobis
820 2224 862 2258 de
881 2224 982 2259 causa
998 2225 1149 2271 liqueret
1179 2232 1214 2261 et
1243 2226 1455 2265 sufficienter
1473 2231 1655 2273 constaret,

174 2289 236 2323 per
254 2275 354 2310 testes
381 2276 578 2323 fidedignos
609 2283 643 2312 et
675 2279 771 2312 omni
790 2280 997 2327 exceptione
1028 2281 1189 2328 majores,
1216 2283 1451 2321 intentionem
1479 2287 1656 2323 dictorum

174 2332 324 2367 Abbatis
342 2337 376 2367 et
395 2339 590 2368 conventus
616 2333 721 2381 plene
747 2333 845 2369 fuifle
876 2336 1070 2383 probatam,
1100 2338 1142 2373 de
1171 2339 1311 2376 confilio
1330 2343 1487 2378 virorum
1505 2345 1657 2392 pruden-

900 2404 922 2427 Y
