1839 2652
185 283 257 314 242
576 278 892 314 REGISTRUM
919 279 1257 316 MONASTERII

186 376 297 416 fectis,
318 375 468 422 ipsorum
484 374 643 422 Episcopi
658 380 692 409 et
707 375 849 422 capituli
862 374 977 421 figillis
992 376 1144 417 munitis,
1160 390 1307 422 quarum
1319 382 1479 412 tenorem
1494 378 1536 413 de
1551 378 1658 413 verbo

188 431 231 465 ad
250 431 392 465 verbum
412 429 627 477 presentibus
644 430 747 465 inseri
766 431 920 471 fecimus,
952 431 1090 478 plenius
1119 432 1246 466 dicitur
1273 433 1467 467 contineri:
1501 434 1661 480 idemque
1704 441 1707 443 ’

189 487 308 521 Abbas
327 492 361 520 et
379 491 572 520 conventus
603 491 731 520 extunc
760 485 934 521 ecclesiam
965 492 1000 521 et
1030 488 1196 534 capellam
1223 489 1398 535 predie'ms
1418 494 1608 523 tenuerunt
1628 495 1662 523 et

187 541 400 589 poffiderunt
417 548 523 589 prout
541 548 663 576 tenent
681 548 716 576 et
733 541 903 589 possident
928 543 1069 590 pacifice
1099 551 1133 578 et
1162 545 1290 590 quiete.
1344 545 1464 586 Quare
1482 558 1546 592 pro
1565 551 1662 592 parte

189 599 366 634 dictorum
383 598 532 632 Abbatis
550 604 584 632 et
603 604 797 632 conventus
810 599 910 633 nobis
922 599 1036 633 extitit
1054 600 1232 635 humiliter
1250 600 1479 648 supplicatum
1498 607 1537 635 ut
1557 602 1663 635 dona-

188 655 275 688 tioni
295 659 329 688 et
347 652 554 689 conceflioni
573 653 768 700 hujusmodi
787 654 894 689 robur
913 655 1187 690 confirmationis
1214 657 1351 691 adicere
1379 657 1421 691 de
1448 657 1662 703 benignitate

187 709 371 756 apostolica
388 710 623 755 dignaremur.
677 710 769 744 Cum
796 716 924 750 autem,
957 710 1040 745 ficut
1066 711 1158 746 idem
1179 712 1298 746 Abbas
1316 718 1351 746 et
1370 719 1564 747 conventus
1582 710 1663 747 affe-

187 772 281 806 runt,
314 765 500 812 originales
527 765 643 800 littere
673 765 774 813 super
793 767 982 801 donatione
1001 772 1035 801 et
1053 766 1268 802 concessione
1286 767 1483 814 hujufinodi
1502 768 1662 803 conse&e

186 821 230 855 ad
247 820 362 856 sedem
380 821 599 868 apostolicam
619 834 690 855 non
711 820 836 868 poffint
853 823 985 869 portari
1003 822 1132 864 secure,
1154 830 1188 858 et
1206 831 1393 871 propterea
1411 825 1453 859 de
1473 824 1663 858 donatione

187 883 222 912 et
239 875 454 912 conceffione
472 877 638 924 predictis
655 884 784 912 certam
804 891 877 912 non
894 879 1081 914 habeamus
1099 880 1270 920 notitiam,
1300 880 1377 914 Nos
1403 880 1562 915 volentes
1590 879 1663 913 Ab-

187 934 303 967 batem
322 939 356 967 et
374 939 587 968 conventum
605 946 645 967 ac
662 933 907 968 monasterium
926 935 1094 981 predksta,
1126 936 1229 970 etiam
1248 935 1522 971 consideratione
1542 933 1664 970 cariffi-

188 990 236 1023 mi
254 990 290 1023 in
309 988 445 1023 Christo
465 989 524 1023 filii
544 988 649 1023 nostri
670 989 818 1024 Roberti
836 991 926 1036 regis
955 990 1070 1025 Scotie
1096 991 1246 1032 illustris,
1280 992 1378 1039 cujus
1408 989 1664 1039 predecefl'ores

191 1045 307 1091 Reges
327 1045 442 1079 Scotie
460 1046 518 1091 qui
537 1045 680 1079 fuerunt
698 1058 761 1092 pro
780 1051 938 1092 tempore
968 1052 1008 1080 ut
1038 1045 1152 1082 afferit
1170 1048 1304 1082 difflmm
1323 1048 1569 1082 monasterium
1586 1047 1663 1081 fun-

190 1102 363 1135 daverunt
391 1107 425 1136 et
452 1100 552 1149 ipsius
577 1102 783 1148 parochialis
813 1101 952 1137 ecclesie
982 1104 1120 1149 patroni
1151 1103 1306 1144 fuerunt,
1338 1104 1438 1138 nobis
1468 1103 1569 1150 super
1597 1103 1664 1137 hoc

189 1158 368 1192 humiliter
385 1157 617 1205 supplicantis,
648 1158 767 1193 favore
795 1158 954 1206 prosequi
981 1158 1092 1203 gratie
1119 1157 1295 1205 specialis;
1328 1158 1480 1206 ipsorum
1502 1159 1611 1205 Regis
1629 1164 1664 1193 et

190 1214 338 1248 Abbatis
357 1219 391 1248 et
409 1220 602 1248 conventus
621 1214 657 1248 in
674 1214 738 1248 hac
756 1220 854 1262 parte
871 1214 1178 1262 supplicationibus
1196 1216 1363 1257 inclinati,
1389 1216 1586 1250 discretioni
1604 1222 1665 1251 tue

188 1282 251 1316 per
268 1269 487 1316 apostolicam
505 1267 665 1316 scriptam
684 1271 890 1305 mandamus
915 1272 1078 1318 quatinus
1107 1272 1217 1306 diistas
1246 1273 1433 1318 originales
1452 1273 1584 1307 litteras
1602 1272 1664 1307 tibi

188 1326 291 1359 facias
310 1325 475 1365 exhiberi,
508 1331 542 1359 et
568 1324 591 1359 fi
619 1338 674 1359 eas
693 1338 791 1359 veras
820 1325 886 1361 effe
905 1334 939 1362 et
957 1340 1037 1362 cum
1056 1328 1152 1362 diffiso
1171 1334 1294 1362 tenore
1313 1329 1525 1363 concordare
1544 1341 1664 1375 reppe-

190 1382 286 1421 reris,
319 1381 545 1415 donationem
576 1386 611 1415 et
639 1381 890 1416 concellionem
923 1384 1098 1430 prediEtaS
1132 1390 1167 1418 et
1201 1397 1406 1431 quecunque
1437 1385 1518 1418 inde
1548 1384 1664 1419 secuta

189 1437 399 1471 au6toritate
417 1437 601 1484 apostolica
626 1438 786 1478 ratifices,
815 1440 985 1486 approbes
1004 1446 1038 1474 et
1057 1440 1266 1483 confirmes3
1293 1440 1431 1487 proviso
1449 1441 1542 1487 quod
1560 1453 1660 1487 paro-

190 1493 308 1528 chialis
327 1491 466 1528 ecclefia
483 1499 516 1527 et
535 1493 667 1540 capella
684 1494 842 1540 p1·edi6te
861 1495 984 1530 debitis
1002 1508 1075 1530 non
1092 1496 1301 1531 fraudentur
1319 1496 1499 1542 obsequiis,
1533 1502 1568 1530 et
1593 1497 1664 1530 ani-

190 1562 324 1583 marum
343 1562 427 1583 cura
440 1550 476 1583 in
491 1549 585 1583 dieta
599 1549 738 1584 ecclefia
749 1551 948 1585 nullatenus
960 1551 1169 1597 negligatur,
1189 1551 1247 1586 sed
1261 1565 1345 1586 cura
1355 1552 1425 1599 ipsa
1438 1565 1500 1599 per
1513 1553 1663 1598 aliquem

190 1604 378 1639 secularem
398 1603 625 1651 presbiterum
653 1606 883 1652 temporalem
913 1608 967 1641 vel
998 1614 1207 1655 perpetuum
1225 1608 1269 1642 ad
1286 1609 1352 1643 hoc
1370 1609 1547 1655 ydoneum
1566 1615 1664 1643 extra

192 1667 292 1708 cepta
309 1661 393 1695 dicti
413 1660 607 1694 monasterii
627 1668 902 1696 commorantem
929 1663 1114 1709 diligenter
1141 1669 1355 1704 exerceatur,
1385 1677 1425 1699 ac
1451 1664 1663 1699 deserviatur

193 1718 229 1750 in
247 1716 435 1763 parochiali
455 1714 593 1750 ecclesia
611 1722 645 1750 et
663 1717 795 1764 capella
812 1718 953 1764 prefatis
970 1718 1191 1753 laudabiliter
1207 1720 1244 1753 in
1263 1719 1398 1754 divinis.
1437 1720 1560 1755 Tenor
1577 1734 1661 1756 vero

193 1773 365 1808 dictarum
382 1773 575 1806 litterarum
588 1772 665 1806 talis
680 1772 742 1815 est;
764 1772 1002 1808 OMNIBUS
1017 1773 1133 1809 sancte
1148 1775 1266 1809 matris
1282 1774 1419 1810 ecclesie
1433 1776 1512 1810 filiis
1525 1775 1664 1823 presens

192 1828 368 1874 scriptum,
387 1833 428 1862 ut
438 1827 675 1873 prescribitur
693 1829 732 1862 in
749 1828 900 1873 ejusdem
918 1830 1026 1864 cartis
1038 1829 1219 1865 Jolaannis
1237 1832 1372 1866 domini
1389 1833 1543 1878 episcopi
1564 1832 1663 1867 Glas-

191 1884 346 1930 gerensi-5
364 1895 472 1929 usque
489 1883 568 1923 lzuc,
590 1883 758 1918 Avinion’
776 1885 812 1918 iii
832 1884 917 1920 Idus
934 1885 957 1921 J
960 1885 1021 1920 ulii
1037 1887 1260 1933 pontificatus
1279 1888 1384 1922 nostri
1401 1901 1495 1923 anno
1513 1889 1630 1924 tertio.

195 2053 425 2087 Confirmatio
443 2053 466 2089 J
469 2054 615 2088 ohannis
634 2054 788 2089 officialis
804 2055 1033 2102 Glasgwenfis
1051 2055 1153 2104 super
1170 2057 1301 2091 bullam
1321 2057 1453 2091 domini
1473 2057 1664 2093 Clementis

194 2122 281 2155 pape
300 2109 355 2149 vii,
377 2109 419 2143 de
438 2109 626 2156 privilegiis
644 2109 806 2145 concessis
823 2111 897 2158 post
914 2112 1185 2148 combustionem
1204 2113 1400 2148 monasterii
1419 2114 1461 2148 de
1481 2112 1661 2154 Paffeleto‚

194 2164 321 2199 scilicet
339 2164 477 2200 ecclefia
495 2166 537 2199 de
558 2165 711 2213 Largyff
721 2173 755 2201 et
774 2168 906 2214 capella
925 2168 967 2202 de
987 2168 1153 2216 Cumray.

196 2275 474 2311 UNIVERSIS
493 2284 527 2312 et
545 2277 684 2324 fingulis
702 2292 851 2325 quorum
870 2280 1010 2315 interest
1027 2286 1061 2315 et
1079 2294 1165 2327 quos
1184 2281 1322 2328 presens
1349 2283 1461 2328 tangit
1483 2282 1663 2328 negotium

195 2332 217 2367 J
221 2332 374 2367 ohannes
393 2332 546 2368 officialis
564 2334 795 2381 Glasgwenlis
809 2336 953 2372 salutem
973 2337 1008 2371 in
1027 2337 1183 2372 omnium
1197 2337 1388 2373 salvatore.
1427 2337 1576 2373 Noverit
1589 2338 1664 2372 uni-
