1839 2652
730 255 803 290 DE
832 255 1102 291 PASSELET.
1592 262 1660 294 155

177 353 297 400 quitur
314 359 417 388 tenor
435 353 662 393 executionis,
681 353 795 399 primo
813 354 849 386 in
869 352 1130 393 monitionibus,
1150 352 1209 399 qui
1228 352 1305 387 talis
1319 352 1387 388 est:
1421 353 1529 389 EGO
1549 353 1657 388 Alex-

177 410 287 444 ander
306 409 474 456 Clugston
492 409 658 457 presbiter
678 408 912 443 Candidecale
931 408 1071 444 diocefis
1099 422 1138 443 30
1168 409 1325 443 notarius
1352 409 1510 456 publicus
1539 408 1658 444 accefli

173 466 221 500 ad
238 468 412 512 prefatum
430 466 666 501 reverendum
685 471 819 513 patrem
840 465 1038 500 Robertum
1057 465 1255 513 episcopum
1286 465 1549 502 Lesmorensem
1580 480 1656 514 per-

175 521 340 557 sonaliter
358 521 610 570 apprehensum
629 522 722 568 apud
740 522 858 555 villam
877 522 919 556 de
940 522 1163 563 Dunbartan,
1193 522 1415 569 Glasguenfis
1441 523 1592 565 diocefis,
1623 529 1657 559 et

175 577 236 613 fibi
253 579 448 614 reverendo
462 579 550 626 patri
567 577 743 624 presentes
761 577 1004 624 lupi-ascriptas
1023 579 1156 613 litteras
1175 579 1217 613 de
1236 579 1343 613 verbo
1361 580 1406 614 ad
1419 580 1564 615 verbum
1580 593 1656 627 per—

175 635 245 682 legi
260 650 270 678 ;
291 636 415 682 quibus
433 635 607 682 1101106115,
627 635 740 669 01(10111
756 635 950 669 reverendo
962 635 1062 682 patri,
1077 635 1181 681 juxta
1195 636 1275 676 vim,
1289 637 1435 671 formam
1450 642 1655 683 etitenorem

175 693 379 733 earundem,
395 690 529 726 easdem
545 690 768 730 manifestavi,
783 690 951 725 iufinuavi
966 696 1001 724 et
1015 690 1203 732 notificavi,
1224 697 1258 726 et
1270 691 1330 726 sub
1344 692 1442 739 penis
1456 698 1491 727 et
1504 692 1656 728 censuris

174 749 213 783 in
230 748 355 783 eisdem
375 747 548 782 contentis
564 747 709 787 inhibui,
742 752 776 781 et
794 747 929 781 easdem
948 747 1063 781 debite
1081 748 1280 782 executioni
1310 749 1517 784 demandavi
1535 751 1571 784 in
1589 749 1656 785 suis

174 802 315 850 fingulis
333 804 472 851 punctis
490 809 525 838 et
543 802 708 843 articulis,
740 803 875 837 decimo
894 816 990 837 nono
1022 804 1077 838 die
1104 803 1226 839 meniis
1254 804 1377 839 Martii
1395 819 1488 841 311110
1509 807 1656 842 Domini

175 859 354 894 millesimo
367 857 742 906 [quadringentesimo]
755 858 966 905 oetogefimo
982 860 1120 900 octavo,
1136 873 1254 895 coram
1267 861 1331 895 hiis
1343 861 1493 903 testibus,
1508 862 1655 898 Matheo

176 916 326 951 Stewart
344 916 416 950 filio
435 921 470 950 et
487 921 677 962 apparente
695 915 825 950 herede
844 916 970 949 nobilis
989 922 1024 950 et
1042 917 1194 963 potentis
1213 917 1345 951 domini
1359 917 1531 953 ι1011311015
1546 919 1656 955 Stew-

174 978 228 1007 art
246 973 381 1007 comitis
399 972 442 1007 de
462 972 620 1012 Lennax,
643 972 760 1005 Alano
780 973 931 1006 Stewart
957 972 1028 1005 filio
1056 972 1186 1006 carnali
1204 973 1289 1008 dieti
1317 973 1475 1015 Comitis,
1506 975 1656 1010 Patricio

175 1028 411 1075 Colquhown,
432 1028 593 1074 magistro
614 1028 732 1062 David
752 1027 971 1075 Cwnygham
999 1034 1034 1062 et
1060 1029 1203 1063 domino
1225 1029 1384 1065 Roberto
1405 1030 1549 1072 Peteon,
1578 1045 1657 1066 cum

174 1085 314 1121 diverfis
331 1086 416 1126 aliis,
451 1085 515 1131 ᾆσ.
569 1085 640 1119 Η10
658 1084 806 1119 habetur
825 1085 892 1118 alia
909 1085 1022 1119 forma
1040 1085 1256 1119 executionis
1274 1086 1310 1120 in
1329 1086 1656 1122 denunciationibus

174 1155 257 1189 erga
274 1142 447 1189 prefatum
465 1141 698 1176 reverendum
719 1146 852 1188 patrem
870 1154 937 1186 que
955 1141 1033 1175 talis
1052 1141 1108 1176 est.
1163 1142 1445 1178 PRETEREA
1464 1156 1530 1190 ego
1550 1144 1657 1181 Alex-

174 1199 283 1233 ander
302 1198 482 1244 Clugston,
511 1196 678 1244 presbiter
697 1196 932 1231 Candidecase
952 1197 1091 1233 (11000115
1109 1212 1148 1233 30
1167 1200 1323 1233 notarius
1349 1200 1518 1247 publicus,
1546 1202 1657 1248 prefa-

170 1261 248 1290 tum
268 1255 501 1289 reverendum
520 1255 556 1288 in
575 1253 712 1288 Clu-isto
730 1259 864 1300 patrem
890 1267 930 1288 ac
960 1254 1142 1289 dominum
1163 1254 1372 1302 Episcopum
1392 1255 1654 1293 Lesmorensem

174 1311 217 1346 110
234 1317 273 1345 ut
292 1310 506 1358 premittitur
524 1308 753 1356 personaliter
769 1309 1034 1356 apprehensum,
1066 1311 1236 1357 legittime
1255 1313 1427 1347 monitum
1459 1319 1493 1347 et
1519 1314 1655 1361 requifi·

173 1373 260 1408 tum,
283 1367 387 1414 juxta
405 1367 486 1407 vim,
516 1367 664 1400 formam
686 1371 721 1400 et
739 1371 898 1401 tenorem
918 1366 1114 1402 litterarum
1132 1368 1342 1403 auctoritate
1361 1368 1547 1415 apostolica
1564 1383 1654 1406 ema-

174 1429 347 1463 natarum,
380 1427 415 1457 et
445 1421 643 1469 hujusmodi
670 1422 922 1457 monitionibus
950 1429 984 1457 et
1015 1423 1277 1459 inhibitionibus
1305 1431 1345 1459 ut
1371 1425 1454 1459 mihi
1483 1426 1653 1473 legittime

172 1479 348 1515 constabat
366 1491 438 1513 non
457 1484 637 1526 parentem
657 1491 722 1512 nec
740 1478 974 1519 obedientem,
988 1479 1092 1526 juxta
1110 1485 1270 1515 tenorem
1290 1482 1492 1523 earundem,
1517 1496 1655 1520 excom-

172 1535 388 1570 municatum
419 1535 456 1569 in
485 1534 659 1581 presentia
675 1534 796 1581 populi
815 1534 928 1581 palam
948 1536 1168 1577 denunciavi,
1200 1537 1237 1572 in
1267 1536 1407 1573 ecclesia
1435 1538 1651 1586 Glasguenfi,

171 1592 264 1641 apud
282 1592 390 1626 altare
408 1591 731 1638 parrochhmorum,
761 1591 999 1638 parrochianis
1016 1593 1061 1627 ad
1079 1593 1197 1628 divina
1214 1593 1388 1629 audienda
1406 1594 1489 1629 inibi
1507 1608 1653 1643 congre-

170 1649 269 1696 gatis,
301 1661 419 1682 coram
449 1648 513 1681 hiis
543 1647 693 1688 testibus,
723 1647 886 1682 videlicet
913 1648 1080 1695 magistris
1109 1649 1273 1685 Johanne
1300 1650 1488 1698 Goldsmyt
1514 1653 1654 1688 rectore

170 1705 261 1739 alme
279 1702 510 1739 univerfitatis
528 1702 761 1750 GlasguenfiS‚
783 1703 934 1738 Patricio
966 1704 1091 1740 Mason
1120 1707 1259 1741 ree'core
1291 1707 1334 1741 de
1363 1707 1505 1755 MyntQ
1529 1708 1655 1745 Archi-

171 1761 273 1796 baldo
293 1761 513 1802 Crawfurde,
545 1760 709 1796 Johanne
728 1762 811 1795 Scot
829 1767 950 1795 curato
968 1761 1156 1809 prescripte
1183 1762 1321 1798 ecclefie
1353 1763 1586 1811 Glafiguenfis,
1619 1772 1653 1802 et

171 1817 330 1864 Georgio
352 1816 501 1865 Ramsay
518 1817 674 1852 ministro
705 1817 741 1851 in
771 1817 849 1852 loco
880 1817 996 1852 clerici
1026 1819 1252 1865 parrochialis
1270 1819 1458 1868 prescripte
1485 1821 1649 1866 ecclefie3

172 1874 218 1909 Et
236 1875 302 1908 hoe
320 1874 457 1921 publice
475 1874 541 1908 feei
567 1879 607 1908 ut
634 1873 825 1920 predicitur
844 1873 979 1908 decimo
997 1873 1143 1921 septimo
1170 1876 1225 1910 die
1253 1875 1374 1910 meniis
1406 1877 1540 1923 Aprilis
1558 1891 1652 1913 anno

172 1930 318 1964 Domini
337 1928 516 1964 millesimo
544 1929 882 1976 quadringentesimo
913 1929 1138 1976 nonogesimo
1168 1932 1293 1978 primo,
1326 1932 1389 1978 '5⁴⁶-
1443 1933 1654 1979 Quibusqui-

171 1986 251 2020 dem
270 1986 393 2020 litteris
410 1999 472 2033 per
489 1999 553 2020 nos
583 1991 623 2019 ut
651 1986 867 2032 premittitur
896 1986 1055 2033 receptis,
1076 1986 1249 2034 inspeetis,
1282 1994 1317 2023 et
1343 1987 1423 2023 sane
1449 1989 1649 2031 intellefiffis,

171 2040 350 2088 postquam
379 2042 479 2075 nobis
506 2041 680 2075 constabat
710 2041 753 2075 de
784 2042 975 2076 earundem
1006 2044 1106 2089 copia
1134 2044 1262 2078 tradita
1289 2045 1423 2091 prefato
1454 2047 1649 2081 reverendo

171 2097 261 2144 patri
282 2096 441 2131 Roberto
459 2097 619 2144 episcopo
638 2097 853 2132 Lesmorenli
873 2097 1008 2132 easdem
1039 2099 1075 2132 in
1101 2099 1213 2133 forma
1237 2100 1376 2146 publica
1393 2113 1456 2147 per
1473 2102 1649 2139 notarium

171 2152 349 2201 publicum
368 2151 593 2199 subscriptum
612 2154 730 2199 redegi
749 2167 788 2188 30
805 2153 1008 2201 transumpsi
1027 2155 1254 2196 decrevimus,
1287 2156 1331 2190 ob
1356 2156 1525 2203 majorem
1544 2158 1649 2193 fidem

172 2207 299 2243 eisdem
317 2207 559 2242 adhibendam.
613 2208 656 2242 In
673 2221 824 2254 quorum
843 2212 1001 2246 omnium
1032 2218 1066 2246 et
1092 2212 1305 2259 fingulorum
1324 2214 1429 2248 fidem
1447 2221 1482 2249 et
1499 2214 1650 2251 testimo-

172 2265 269 2298 nium
289 2261 540 2310 premiss'orum,
570 2263 746 2310 presentes
770 2264 928 2311 juffimus
958 2274 993 2302 et
1020 2269 1271 2304 mandavimus.
1323 2270 1458 2306 Datum
1476 2277 1511 2306 et
1527 2273 1648 2307 aEtutn

173 2319 266 2367 apud
285 2319 527 2353 monasterium
547 2319 700 2354 nostrum
720 2320 762 2355 de
782 2320 923 2355 Culros’
942 2323 996 2358 die
1454 2341 1547 2363 anno
1573 2329 1648 2364 Do.
