1870 2683
772 275 842 310 DE
871 275 1142 311 PASSELET.
1628 281 1697 315 315)

214 373 359 408 salutem
376 372 549 419 generalis
566 373 602 407 in
620 371 738 407 salutis
756 372 902 408 anctore
929 379 965 408 et
994 373 1098 408 fidem
1117 373 1333 421 presentibus
1351 374 1526 409 adhibere.
1580 374 1697 409 Nove-

214 430 289 464 ritis
307 430 402 476 quod
432 430 468 464 in
497 430 670 478 presentia
687 429 803 464 nostra
820 430 999 477 religiosus
1025 430 1079 464 vir
1106 430 1268 464 dominus
1285 430 1308 466 J
1311 431 1467 465 ohannes
1487 429 1613 465 Mouff
1624 443 1696 464 mo-

213 486 346 521 nachus
364 486 561 521 monasterii
579 487 621 521 de
641 485 786 527 Passeto,
820 485 1057 521 Cluniacenfis
1076 487 1219 526 ordinis,
1250 485 1472 533 Glasguensls
1491 485 1642 527 diocefis,
1663 493 1697 521 et

215 542 378 577 dominus
395 541 576 578 Johannes
596 541 797 589 Murynton
816 541 993 589 presbiter,
1022 541 1139 577 findiei
1168 549 1203 577 et
1220 550 1466 590 procuratores
1492 543 1698 578 venerabilis

215 598 251 632 in
271 597 408 633 Christo
426 599 533 645 patris
554 598 702 632 Henrici
722 598 792 632 Dei
810 598 979 645 patientia
996 599 1128 634 abbatis
1158 600 1201 634 de
1229 599 1363 635 Passeto
1393 606 1428 635 et
1458 600 1610 647 ejusdcm
1629 600 1698 634 loci

215 660 420 695 conventus,
440 654 668 701 personaliter
685 653 873 694 constituti,
903 656 1146 701 procuratorio
1173 656 1316 690 nomine
1335 669 1404 702 quo
1424 656 1536 703 supra,
1556 669 1620 703 pro
1640 655 1698 690 eis-

215 711 294 745 dem
312 710 492 745 humiliter
509 711 688 758 petierunt
705 710 869 756 quatinus
887 711 1063 756 quoddam
1081 710 1321 759 firographum
1340 712 1407 747 five
1422 713 1554 747 litteras
1572 713 1608 746 111
1626 725 1699 746 1110-

215 767 298 801 dum
317 767 505 801 indenture
523 767 615 801 inter
634 766 781 801 colende
800 767 968 801 memorie
988 767 1173 801 Valterum
1193 769 1369 814 quondam
1386 768 1583 816 episcopum
1600 769 1700 804 Glas-

214 822 380 869 guensem
399 836 443 858 ex
460 836 531 858 una
549 829 583 858 et
599 822 791 857 Vilelmum
806 822 965 857 abbatem
979 823 1175 858 monasterii
1192 824 1234 858 de
1255 824 1388 859 Passeto
1404 838 1447 859 ex
1461 825 1581 865 altera,
1598 824 1699 872 super

214 880 394 914 taxatione
411 880 620 914 vicariarum
638 878 859 914 ecclefiarum
891 880 935 913 ad
962 879 1208 914 monasterium
1240 881 1283 914 de
1315 881 1449 916 Passeto
1467 881 1698 929 spectantium

215 935 403 976 confectas,
437 941 472 970 et
488 935 605 981 figillis
624 935 710 970 dicti
729 934 891 983 Episcopi
910 942 945 970 et
964 935 1107 983 capituli
1127 935 1350 982 Glasguenfis
1369 943 1403 972 et
1417 943 1618 972 taxatorum
1637 938 1699 971 1111-

208 990 362 1037 jusmodi
380 991 504 1037 quibus
521 997 670 1038 utraque
688 1004 767 1039 pars
785 992 944 1039 predicta
961 991 994 1026 se
1013 991 1298 1039 compromiserat
1316 992 1488 1040 sigillatas,
1509 1007 1624 1028 coram
1638 1006 1700 1027 no-

215 1048 266 1082 bis
284 1048 464 1088 exhibitas
484 1060 556 1082 non
575 1048 722 1089 vitiatas,
743 1061 816 1082 non
834 1048 990 1089 abolitas,
1022 1061 1096 1082 non
1114 1048 1247 1082 abrasas
1265 1062 1330 1084 nec
1348 1050 1383 1084 in
1402 1050 1517 1096 aliqua
1534 1050 1583 1084 sui
1602 1056 1699 1097 parte

215 1104 387 1152 1'uspe6tas
415 1110 455 1138 ut
483 1104 596 1151 prima
613 1104 699 1139 facie
717 1104 916 1152 apparebat,
946 1118 1011 1139 nos
1029 1104 1196 1152 inspicere
1217 1104 1434 1146 deberemus,
1469 1112 1503 1141 et
1529 1106 1700 1153 inlpe5ms

215 1161 395 1196 transcribi
414 1166 448 1195 et
466 1160 635 1208 publicari
649 1160 893 1208 publicamque
907 1161 943 1194 111
961 1161 1107 1195 formam
1124 1161 1233 1208 redigi
1250 1161 1453 1203 faceremus,
1474 1164 1700 1198 aii&01·itate-

216 1230 284 1264 que
302 1217 480 1252 ordinaria
497 1217 725 1263 dignaremur
743 1230 799 1251 eas
817 1217 1008 1264 exemplari
1027 1218 1204 1258 mandare,
1239 1231 1318 1252 cum
1346 1219 1390 1253 ob
1418 1218 1614 1253 discrimina
1632 1221 1701 1254 via-

216 1286 306 1315 rum,
325 1273 483 1308 incursus
500 1273 590 1308 forte
608 1274 805 1321 predonum
824 1273 883 1308 seu
900 1274 1086 1308 fluminum
1106 1274 1256 1321 impetus
1273 1280 1333 1309 aut
1351 1275 1437 1309 alios
1456 1276 1550 1310 casus
1579 1276 1701 1310 fortui-

218 1337 283 1371 tos,
302 1336 336 1365 et
349 1329 589 1364 difficultatem
608 1330 835 1377 probationiS,
858 1330 977 1364 Abbas
996 1337 1030 1365 et
1042 1337 1237 1365 conventus
1255 1332 1340 1366 dieti
1360 1332 1555 1367 monasterii
1569 1333 1611 1366 de
1626 1332 1701 1366 Pas-

219 1387 290 1422 leto
309 1399 330 1421 a
341 1386 422 1434 jure
437 1387 497 1421 suo
512 1387 636 1421 cadere
654 1385 780 1434 poffint
799 1400 838 1421 ac
857 1385 1073 1434 dispendium
1087 1393 1122 1421 et
1133 1386 1311 1434 jacturam
1326 1388 1516 1429 incurrere,
1534 1389 1634 1423 diffis
1650 1389 1702 1423 lit-

219 1444 301 1478 teris
319 1444 474 1491 perditis,
495 1444 633 1490 ereptis,
662 1443 855 1484 110111υᾶ15,
885 1443 1053 1477 balneatis
1070 1443 1126 1477 vel
1145 1441 1279 1478 amissis.
1333 1444 1437 1478 Enim
1456 1457 1541 1479 vero
1559 1458 1623 1479 nos
1643 1445 1702 1491 Sy-

219 1513 305 1534 mon
322 1506 446 1534 cantor
473 1506 507 1534 et
536 1500 690 1534 officialis
708 1501 899 1547 predifi‘ffls,
920 1501 1042 1535 volens
1059 1500 1324 1548 probationibus
1342 1502 1502 1536 veridicis
1519 1503 1702 1538 subvenire

218 1569 264 1591 ne
276 1555 408 1603 justitia
426 1556 602 1604 depereat,
632 1557 743 1591 citatis
759 1557 972 1603 generaliter
990 1556 1152 1591 omnibus
1171 1563 1205 1591 et
1222 1556 1362 1603 fingulis
1380 1571 1529 1604 quorum
1545 1559 1702 1596 interfuit

219 1618 255 1647 et
272 1612 332 1647 fixa
348 1613 551 1660 putaverint
568 1612 729 1648 interesse
748 1614 784 1647 in
802 1613 911 1647 valvis
938 1611 1077 1647 ecclefie
1110 1612 1332 1660 Glasguenfis
1360 1620 1526 1660 tanquam
1558 1615 1593 1648 111
1625 1615 1702 1649 albo

219 1669 388 1716 pretorio,
408 1669 595 1704 intervallo
614 1670 696 1703 octo
715 1670 849 1704 dierum
871 1670 919 1704 eis
937 1667 1103 1715 assignato
1123 1674 1157 1704 et
1176 1668 1334 1704 concesso
1353 1670 1396 1704 ad
1415 1670 1664 1718 obponendum
1682 1671 1704 1705 fi

219 1725 314 1771 quod
329 1737 508 1772 opponere
527 1726 660 1760 vellent
678 1739 786 1772 quare
804 1725 1002 1772 hujusmodi
1020 1727 1137 1762 littere
1155 1727 1325 1775 publicari
1344 1735 1404 1763 aut
1422 1729 1611 1776 exemplari
1632 1742 1703 1763 non

221 1781 390 1815 deberent
406 1795 414 1823 ;
435 1794 504 1827 quo
520 1782 575 1816 die
590 1782 802 1817 adveniente
821 1788 855 1817 et
872 1781 949 1830 ipsis
967 1797 1038 1818 non
1058 1784 1351 1831 comparentibus,
1373 1798 1451 1819 cum
1471 1785 1576 1819 nichil
1592 1785 1704 1832 objec-

220 1843 296 1871 tum
316 1837 421 1871 fuerit
439 1837 495 1872 vel
514 1837 708 1884 oppositum
726 1845 872 1886 propter
901 1841 995 1886 quod
1027 1840 1224 1887 hujusmodi
1251 1841 1440 1888 publicatio
1471 1842 1651 1876 literarum
1671 1851 1704 1877 et

222 1891 452 1940 transumptio
471 1893 548 1927 fieri
566 1906 638 1927 non
657 1894 792 1935 debeat,
823 1895 925 1930 dietis
944 1896 1068 1931 litteris
1086 1896 1249 1944 inspefitis
1280 1904 1314 1932 et
1344 1898 1490 1945 palpatis
1510 1904 1543 1932 et
1562 1897 1637 1944 ipfis
1655 1899 1704 1932 111-

222 1949 335 1984 ventis
354 1961 425 1983 non
445 1949 584 1989 vitiatis,
605 1963 667 1996 per
685 1951 861 1985 notarium
875 1958 909 1986 et
927 1953 1070 1987 scribam
1086 1953 1239 1987 nostrum
1254 1953 1507 2000 infrastriptum
1523 1954 1701 2000 publicari,

223 2003 403 2039 transcribi
416 2010 450 2039 et
465 2005 654 2052 exemplari
667 2007 919 2048 mandavimus,
934 2009 977 2043 ad
990 2010 1092 2044 fidem
1110 2016 1313 2056 perpetuam
1328 2010 1534 2050 faciendam,
1556 2023 1703 2055 quarum

223 2067 327 2095 tenor
345 2060 391 2095 est
408 2062 444 2094 in
462 2061 556 2095 hunc
575 2063 719 2096 modum
738 2064 794 2109 qui
815 2063 969 2109 sequitur
988 2071 1022 2100 et
1041 2072 1167 2100 cetera.
1223 2065 1503 2100 UNIYERs'iS
1524 2066 1648 2100 Clu-isti
1668 2068 1704 2100 fi-

224 2117 359 2151 delibus
376 2116 516 2163 presens
533 2116 697 2164 scriptum
716 2120 887 2154 audituris
901 2121 957 2155 vel
972 2121 1177 2168 inspecturis
1192 2121 1350 2167 magister
1368 2121 1477 2167 Hugo
1496 2121 1704 2156 archidiaco-

224 2186 300 2213 nus,
324 2173 502 2207 Robertus
520 2180 708 2220 precentor
727 2174 960 2222 Ghsguenfis,
983 2177 1156 2211 Radulfus
1175 2177 1308 2211 domini
1330 2177 1439 2223 Regis
1461 2177 1576 2212 Scotie
1596 2179 1706 2225 capel-

223 2230 335 2270 lanus,
364 2229 524 2276 magister
543 2229 733 2265 Cristianus
752 2231 908 2273 clericus,
940 2233 1120 2280 Philippus
1140 2233 1182 2267 cle
1203 2233 1351 2267 Perthec
1371 2234 1488 2268 rec-'tor
1507 2233 1644 2268 ecclesie
1664 2235 1705 2268 (le

226 2285 415 2333 Ruchglen
433 2292 589 2321 eternam
609 2287 644 2321 in
664 2286 822 2321 Domino
841 2287 998 2322 salutem.
1052 2289 1142 2323 Cum
1163 2288 1398 2324 controversia
1413 2296 1507 2324 mota
1520 2288 1600 2324 esset
1616 2292 1705 2324 inter

223 2342 456 2377 venerabilem
477 2348 610 2390 patrem
631 2342 826 2378 VValterum
858 2344 1055 2392 episcopum
1089 2344 1341 2392 Glasguensem
1373 2358 1415 2380 ex
1446 2352 1547 2393 parte
1578 2360 1646 2380 ulu-=
1674 2358 1705 2383 et
