1839 2652
705 258 776 292 DE
803 256 1073 293 PASSELET.
1583 261 1629 295 95

150 355 270 389 avibus
289 354 479 401 dampnum
497 354 659 390 inferant.
712 354 878 389 Preterea
909 354 954 388 do
985 359 1020 388 et
1050 352 1205 388 concedo
1234 353 1336 388 dietis
1354 351 1518 399 religiosis
1536 354 1631 399 quod

150 410 299 444 liberum
314 410 462 445 (111οἶ11111
479 423 567 457 aque
586 411 628 445 de
648 410 804 458 Elpdayr
822 410 972 444 habeant
989 410 1033 444 ad
1052 410 1255 444 molendina
1271 408 1340 450 sua,
1360 408 1429 443 fine
1448 409 1563 455 aliqua
1581 409 1630 443 di-

150 466 347 501 minutione
365 480 453 512 aque
472 467 629 514 910111ἃο
647 480 710 514 per
726 479 782 501 me
800 466 856 501 vel
875 466 1021 500 heredes
1039 478 1135 500 meos
1153 465 1311 500 facienda
1326 480 1335 508 3
1365 471 1399 500 et
1411 466 1504 511 quod
1524 465 1632 500 libere

150 520 276 570 polfint
293 522 407 557 facere
434 528 468 557 et
494 523 638 557 reficere
657 523 791 557 dietum
809 523 1058 568 aquedufitum,
1089 529 1123 557 et
1140 522 1258 569 glebas
1275 522 1421 563 finnere,
1454 529 1522 557 tam
1543 523 1633 559 infra

149 591 293 625 parcum
314 578 425 624 Nigre
443 579 521 613 aule
539 591 642 624 quam
662 583 761 613 extra
777 591 932 625 parcum,
962 592 1032 624 quo
1050 578 1235 613 necefl'arie
1253 579 1396 619 fuerint,
1428 578 1497 613 fine
1515 579 1631 625 aliquo

150 635 402 681 impedimento
420 634 478 669 seu
496 635 768 669 attachiamento
800 635 868 668 mei
887 634 943 668 vel
971 635 1140 669 heredum
1173 647 1331 669 meorum
1349 649 1358 677 3
1388 635 1435 669 ita
1452 636 1547 681 quod
1565 648 1631 682 ego

151 696 186 724 et
197 691 343 724 heredes
353 691 419 724 mei
432 690 635 737 potestatem
647 689 835 724 habeamus
848 690 979 724 molere
991 690 1133 724 bladum
1146 690 1299 725 nostrum
1314 692 1495 738 proprium
1510 692 1633 726 admo-

150 747 294 781 lendina
311 747 354 781 de
373 746 529 793 Espdayr
547 747 697 793 propriis
714 745 837 779 nostris
856 745 1049 793 sumptibus
1065 761 1073 788 ;
1103 747 1152 780 ita
1164 747 1269 792 quod,
1290 747 1334 780 ob
1353 747 1430 788 hoc,
1451 748 1536 782 diffi
1554 749 1633 783 reli-

150 802 245 849 giofi,
266 803 303 836 in
315 802 523 837 vietualibus
541 801 608 836 suis
626 807 660 836 et
678 801 728 836 sui
740 801 938 836 monasterii
955 800 1161 842 neceffariis,
1178 815 1250 836 non
1264 803 1414 837 habeant
1425 816 1490 838 nec
1502 805 1633 851 patian-

151 864 210 893 tur
228 858 414 892 defee'cum.
468 858 560 892 Item
577 857 659 892 volo
679 862 713 891 et
731 857 887 891 concedo
906 857 999 903 quod
1015 857 1173 892 homines
1185 859 1378 893 eorundem
1391 859 1632 905 religiosorum

152 921 282 949 terram
299 913 395 948 suam
413 914 646 948 inhabitantes
663 913 800 947 solvant
817 914 886 947 tale
905 913 1105 960 parcagium
1123 927 1188 961 pro
1202 915 1408 949 animalibus
1419 915 1486 949 suis
1504 916 1540 950 in
1558 929 1634 963 par-

152 970 244 1005 tibus
261 970 383 1004 foreste
401 970 559 1017 1110111ἃο
577 982 644 1016 que
661 969 794 1003 fuerint
811 969 847 1002 in
866 969 1024 1004 manibus
1043 969 1313 1011 huibandorum,
1334 984 1412 1005 cum
1432 977 1542 1006 metas
1560 971 1634 1007 suas

152 1025 423 1074 pel-tranfierint,
453 1026 554 1072 quale
585 1025 753 1060 huibandi
771 1026 839 1059 mei
857 1024 915 1059 seu
934 1026 1104 1060 heredum
1131 1039 1292 1060 meorum
1310 1040 1375 1074 pro
1393 1029 1556 1074 parcagio
1574 1029 1635 1063 ho-

153 1083 304 1117 minibus
322 1083 499 1117 dietorum
526 1081 768 1128 religiosorum
787 1081 921 1116 solvere
940 1081 1209 1124 consueverunt,
1238 1084 1402 1118 videlicet
1421 1084 1565 1119 obolum
1583 1099 1636 1120 31·-

152 1139 249 1186 genti
266 1153 275 1181 ;
305 1144 339 1173 et
357 1137 380 1172 fi
397 1139 512 1184 aliqua
529 1151 607 1185 pars
625 1138 783 1185 prediete
802 1138 925 1172 foreste
943 1138 980 1172 in
998 1139 1157 1173 manibus
1175 1140 1261 1174 meis
1278 1140 1335 1174 vel
1354 1141 1523 1175 heredum
1542 1155 1635 1177 meo-

154 1209 232 1231 rum
266 1194 335 1230 11110
370 1193 580 1229 alsedatione
613 1193 853 1241 permanserit,
898 1200 933 1228 et
970 1195 1132 1229 animalia
1165 1195 1425 1231 hulbandorum
1460 1198 1636 1233 (116ὶο111111

155 1251 397 1298 religiosorum
417 1251 511 1285 illam
538 1251 758 1291 intraverint,
786 1251 855 1285 tale
877 1252 1078 1297 parcagium
1097 1251 1233 1286 solvent
1250 1253 1351 1298 quale
1371 1254 1456 1288 dieti
1475 1256 1636 1290 monachi

156 1309 199 1342 de
217 1308 424 1342 animalibus
450 1306 517 1341 suis
544 1307 693 1354 propriis
723 1307 856 1341 dabunt
885 1319 950 1354 pro
980 1308 1155 1354 parcagio,
1188 1308 1350 1344 videlicet
1380 1322 1472 1344 unus
1499 1311 1637 1346 dabitur

156 1365 319 1399 denarius
336 1377 400 1411 pro
419 1364 572 1410 quinque
590 1363 808 1403 animalibus,
840 1376 913 1398 non
942 1364 1035 1398 faeta
1063 1364 1225 1406 custodia,
1252 1371 1351 1400 extra
1369 1366 1399 1400 F
1401 1366 1573 1407 orineson,
1603 1374 1637 1402 et

156 1434 235 1456 cum
254 1421 346 1455 facta
364 1420 527 1460 custodia,
561 1425 662 1454 extra
688 1419 892 1460 Forineson,
912 1418 970 1454 sex
999 1420 1177 1454 dabuntur
1196 1421 1352 1465 denarii3
1382 1428 1417 1456 et
1434 1421 1457 1455 fi
1475 1423 1638 1458 animalia

156 1477 350 1511 eorundem
369 1474 612 1522 religiosorum
629 1474 688 1510 seu
706 1476 888 1510 hominum
906 1475 1049 1511 suorum
1065 1478 1176 1512 dictas
1194 1483 1303 1512 metas
1321 1479 1411 1513 infra
1429 1479 1459 1513 F
1460 1479 1634 1521 orineson,

158 1546 237 1568 cum
255 1534 348 1568 sacta
375 1532 539 1573 custodia,
568 1531 839 1579 pertransierint,
868 1533 911 1567 de
938 1546 1010 1567 uno
1037 1534 1179 1568 animali
1201 1540 1305 1568 erunt
1322 1535 1359 1568 in
1377 1535 1636 1579 misericordia;

158 1596 203 1630 et,
222 1602 295 1624 non
308 1590 402 1624 faeta
414 1588 578 1629 custodia,
598 1588 689 1622 infra
707 1588 736 1622 F
738 1587 911 1630 orineson,
928 1590 1113 1624 duodecim
1133 1590 1310 1626 dabuntur
1329 1591 1463 1626 denarii
1481 1605 1545 1639 pro
1565 1606 1637 1627 om-

158 1645 259 1680 nibus
277 1645 482 1680 animalibus
506 1644 573 1679 five
600 1644 752 1679 animali.
806 1644 954 1692 Insuper
983 1647 1138 1681 concedo
1169 1652 1203 1682 et
1233 1660 1297 1694 pro
1325 1660 1381 1682 me
1400 1654 1435 1682 et
1453 1648 1638 1683 heredibus

159 1701 358 1750 meis:[per]
370 1701 564 1749 presentem
579 1707 709 1736 cartam
723 1714 836 1736 meam
850 1703 1021 1738 confirmo
1036 1703 1138 1738 diffis
1152 1704 1329 1739 monachis
1342 1710 1409 1739 tam
1423 1704 1639 1751 presentibus

159 1772 262 1805 quam
279 1759 405 1793 futuris
424 1764 458 1794 et
475 1772 599 1793 eorum
617 1759 836 1800 monasterio,
856 1760 893 1794 in
910 1759 1066 1801 liberam,
1094 1773 1218 1807 puram
1236 1766 1271 1795 et
1288 1767 1493 1808 perpetuam
1511 1761 1640 1796 elemo-

159 1814 276 1855 finam,
296 1827 417 1849 omnes
432 1815 650 1855 donationes,
669 1813 902 1850 conceffiones
916 1821 950 1849 et
963 1815 1141 1851 libertates
1159 1829 1243 1862 quas
1256 1815 1485 1852 antecessores
1499 1818 1567 1852 mei
1580 1817 1639 1852 eis-

162 1871 241 1905 dem
259 1870 424 1917 religiofis
442 1876 477 1905 et
496 1884 619 1905 eorum
649 1871 857 1906 monasterio
887 1872 1047 1906 fecerunt
1077 1878 1112 1907 et
1142 1873 1382 1914 contulerunt,
1414 1874 1577 1908 videlicet
1595 1875 1637 1909 de

162 1924 318 1966 ecclefiis,
356 1927 509 1967 decimis,
541 1927 654 1968 terris,
686 1926 829 1974 pascuis,
861 1926 1022 1975 piscariis,
1062 1927 1331 1975 poffeffionibus,
1372 1929 1575 1970 redditibus,
1604 1936 1639 1964 et

161 1982 236 2016 aliis
253 1981 354 2016 bonis
371 1981 549 2023 universis,
577 1983 739 2017 omnibus
756 1984 859 2017 cartis
884 1985 1136 2020 antecefforum
1155 1999 1315 2020 nieorum
1334 1987 1381 2020 eis
1400 1987 1487 2021 datis
1505 1993 1539 2021 et
1557 2000 1638 2021 con-

162 2036 270 2077 001113,
284 2038 320 2070 111
332 2037 493 2072 omnibus
507 2043 542 2072 et
553 2037 694 2085 fingulis
708 2039 873 2080 articulis,
893 2039 1151 2086 pofl'essionibus
1169 2047 1204 2076 et
1222 2042 1437 2076 libertatibus
1456 2042 1491 2076 in
1511 2041 1637 2076 eisdem

164 2094 347 2134 contentis,
375 2100 493 2141 preter
511 2096 587 2136 hec,
615 2097 652 2130 in
669 2096 730 2131 suo
749 2097 876 2131 robore
895 2103 929 2132 et
948 2098 1078 2132 virtute
1097 2098 1283 2137 duraturis,
1312 2097 1435 2142 qulbus
1462 2098 1547 2132 (116ὶί
1565 2111 1638 2133 1110-

163 2150 264 2185 naehi
283 2149 392 2184 vestiti
411 2156 511 2184 erant
541 2157 575 2185 et
603 2150 711 2198 seyfiti
730 2152 784 2186 die
803 2153 905 2200 hujus
923 2151 1157 2191 concellionis,
1190 2152 1385 2185 collationis
1403 2158 1438 2186 et
1456 2154 1637 2188 confirma-

163 2206 278 2241 tionis.
333 2205 377 2239 In
405 2205 503 2252 cujus
532 2207 582 2240 rei
609 2207 841 2241 testimonium
861 2208 1009 2254 figillum
1027 2207 1181 2241 nostrum
1207 2206 1358 2254 presenti
1384 2214 1477 2243 carte
1505 2208 1551 2243 est
1579 2223 1637 2257 ap-

162 2261 318 2309 pensum.
374 2261 453 2295 Hiis
471 2261 621 2302 testibus,
654 2263 844 2297 venerabili
870 2270 969 2310 patre
992 2263 1135 2297 domino
1156 2263 1314 2297 Roberto
1335 2263 1405 2297 Dei
1422 2264 1534 2310 gratia
1552 2270 1636 2301 tunc

164 2317 324 2365 episcopo
351 2316 566 2364 Glasguenfi‚
593 2317 757 2353 Johanne
785 2318 981 2354 Senescallo
1008 2319 1114 2353 fratre
1134 2331 1224 2360 meo,
1246 2318 1396 2353 Andrea
1412 2318 1546 2361 Frans',
1574 2321 1635 2357 ὄρ-
